2011.08.01 20:00:00.443,1.09668,1.09687,3.00,1.50
2011.08.01 20:00:00.787,1.09665,1.09683,1.50,2.93
2011.08.01 20:00:01.141,1.0966,1.09674,4.50,2.85
2011.08.01 20:00:01.266,1.09658,1.09672,1.13,2.25
2011.08.01 20:00:01.387,1.09648,1.09672,3.00,3.00
2011.08.01 20:00:01.946,1.09648,1.09672,3.75,3.00
2011.08.01 20:00:02.505,1.09649,1.09669,1.35,2.85
2011.08.01 20:00:03.324,1.09653,1.09671,1.35,1.13
2011.08.01 20:00:03.777,1.09649,1.09669,1.35,2.10
2011.08.01 20:00:04.007,1.09653,1.09671,1.35,1.35
2011.08.01 20:00:04.563,1.09653,1.09672,1.35,3.00
2011.08.01 20:00:04.683,1.09653,1.09672,1.35,3.00
2011.08.01 20:00:07.295,1.09649,1.0967,1.73,1.35
2011.08.01 20:00:08.393,1.09649,1.09666,1.35,1.05
2011.08.01 20:00:09.274,1.09649,1.09666,1.35,1.13
2011.08.01 20:00:09.618,1.09646,1.09665,1.50,1.35
2011.08.01 20:00:10.177,1.0964,1.09665,1.20,1.50
2011.08.01 20:00:10.517,1.09641,1.09665,3.75,1.05
2011.08.01 20:00:10.944,1.09641,1.09661,3.00,2.85
2011.08.01 20:00:11.066,1.09639,1.09661,1.35,2.85
2011.08.01 20:00:11.624,1.09639,1.09659,1.35,1.35
2011.08.01 20:00:12.553,1.09638,1.09659,1.35,1.35
2011.08.01 20:00:14.484,1.09643,1.0966,1.35,1.35
2011.08.01 20:00:14.605,1.09643,1.09662,3.60,1.35
2011.08.01 20:00:14.834,1.09643,1.09659,3.00,1.35
2011.08.01 20:00:14.954,1.09641,1.09659,1.35,1.35
2011.08.01 20:00:15.074,1.09641,1.09661,1.35,3.23
2011.08.01 20:00:15.304,1.09643,1.09661,1.35,1.35
2011.08.01 20:00:15.863,1.09644,1.09661,1.35,1.35
2011.08.01 20:00:16.413,1.09643,1.09661,1.35,1.35
2011.08.01 20:00:17.045,1.09644,1.09661,1.35,1.35
2011.08.01 20:00:17.960,1.09643,1.09661,2.10,1.35
2011.08.01 20:00:19.123,1.09644,1.09661,1.35,1.35
2011.08.01 20:00:19.682,1.09644,1.09661,1.35,2.10
2011.08.01 20:00:20.237,1.09645,1.09657,2.10,3.00
2011.08.01 20:00:20.684,1.09648,1.09666,1.35,1.35
2011.08.01 20:00:20.803,1.09645,1.09665,1.73,2.85
2011.08.01 20:00:20.924,1.09648,1.09668,2.85,2.10
2011.08.01 20:00:21.046,1.0965,1.09669,1.35,1.35
2011.08.01 20:00:21.605,1.0965,1.09668,1.35,1.35
2011.08.01 20:00:22.455,1.0965,1.09669,1.35,1.35
2011.08.01 20:00:26.852,1.0965,1.09668,2.10,1.35
2011.08.01 20:00:33.475,1.0965,1.09669,1.35,1.35
2011.08.01 20:00:34.082,1.0965,1.0967,1.35,2.85
2011.08.01 20:00:34.818,1.0965,1.09669,1.35,1.35
2011.08.01 20:00:36.995,1.0965,1.09669,1.35,1.35
2011.08.01 20:00:37.117,1.0965,1.09669,1.35,1.35
2011.08.01 20:00:39.771,1.0965,1.09669,1.35,1.43
2011.08.01 20:00:42.094,1.0965,1.09669,1.35,1.43
2011.08.01 20:00:50.617,1.0965,1.0967,2.85,2.93
2011.08.01 20:00:51.175,1.0965,1.09669,1.50,2.85
2011.08.01 20:00:52.072,1.0965,1.09669,1.50,2.85
2011.08.01 20:00:52.402,1.0965,1.09669,1.50,2.85
2011.08.01 20:00:52.872,1.0965,1.0967,2.10,1.35
2011.08.01 20:00:58.933,1.0965,1.0967,2.10,1.35
2011.08.01 20:01:03.120,1.0965,1.0967,2.85,1.35
2011.08.01 20:01:03.343,1.0965,1.09668,2.25,2.10
2011.08.01 20:01:03.793,1.09651,1.09671,1.35,1.35
2011.08.01 20:01:14.366,1.09651,1.09671,1.35,1.35
2011.08.01 20:01:17.094,1.09651,1.09671,1.35,1.43
2011.08.01 20:01:32.168,1.09652,1.09671,1.43,1.73
2011.08.01 20:01:32.288,1.09654,1.09672,2.23,3.23
2011.08.01 20:01:32.626,1.09656,1.09674,1.63,1.35
2011.08.01 20:01:33.187,1.09658,1.09676,1.63,1.35
2011.08.01 20:01:33.307,1.09661,1.09677,1.35,1.50
2011.08.01 20:01:33.535,1.09661,1.09679,1.35,1.35
2011.08.01 20:01:34.433,1.09661,1.09679,2.10,1.35
2011.08.01 20:01:42.095,1.09669,1.09679,4.50,1.35
2011.08.01 20:01:42.324,1.09675,1.09685,1.35,1.20
2011.08.01 20:01:42.447,1.09675,1.09692,1.35,1.35
2011.08.01 20:01:42.678,1.09675,1.09692,1.50,2.85
2011.08.01 20:01:42.906,1.09674,1.0969,1.50,1.35
2011.08.01 20:01:43.463,1.09674,1.09692,2.10,3.08
2011.08.01 20:01:43.583,1.09674,1.09692,2.10,3.08
2011.08.01 20:01:44.199,1.09674,1.09692,1.35,3.00
2011.08.01 20:01:44.539,1.09669,1.09684,1.88,1.35
2011.08.01 20:01:46.226,1.09663,1.09682,1.63,2.10
2011.08.01 20:01:46.348,1.09663,1.09682,1.50,5.10
2011.08.01 20:01:46.466,1.09662,1.09679,1.50,2.10
2011.08.01 20:01:46.693,1.09662,1.09682,2.10,3.60
2011.08.01 20:01:46.923,1.09662,1.09681,1.50,2.85
2011.08.01 20:01:47.518,1.09662,1.0968,1.50,1.35
2011.08.01 20:01:49.966,1.09666,1.09682,1.35,2.25
2011.08.01 20:01:50.085,1.09666,1.09686,1.35,1.35
2011.08.01 20:01:51.768,1.09672,1.09687,1.35,2.25
2011.08.01 20:01:52.216,1.09667,1.09684,3.75,1.35
2011.08.01 20:01:52.446,1.09667,1.09685,1.50,2.18
2011.08.01 20:01:52.565,1.0967,1.09688,1.35,1.43
2011.08.01 20:01:53.124,1.0967,1.09688,1.35,1.43
2011.08.01 20:01:55.448,1.0967,1.09688,1.35,1.43
2011.08.01 20:01:56.032,1.0967,1.09688,1.35,1.43
2011.08.01 20:01:56.263,1.0967,1.09688,1.35,1.43
2011.08.01 20:02:00.984,1.0967,1.09689,1.35,1.35
2011.08.01 20:02:03.234,1.09672,1.09688,1.50,1.35
2011.08.01 20:02:06.994,1.09671,1.09689,1.50,1.35
2011.08.01 20:02:07.558,1.09674,1.09692,1.35,3.00
2011.08.01 20:02:07.896,1.09674,1.09694,1.35,1.35
2011.08.01 20:02:08.456,1.0967,1.09693,4.13,1.50
2011.08.01 20:02:08.685,1.0967,1.09692,2.25,3.83
2011.08.01 20:02:09.243,1.0967,1.09691,1.50,1.20
2011.08.01 20:02:09.477,1.09674,1.09692,1.35,3.00
2011.08.01 20:02:10.034,1.09674,1.09694,1.35,2.85
2011.08.01 20:02:15.932,1.09672,1.09697,1.50,1.58
2011.08.01 20:02:17.384,1.09672,1.09697,1.50,1.58
2011.08.01 20:02:17.943,1.09673,1.09692,1.50,3.00
2011.08.01 20:02:18.623,1.0967,1.09692,2.63,3.08
2011.08.01 20:02:19.073,1.09668,1.09692,3.75,3.83
2011.08.01 20:02:19.648,1.09668,1.09692,3.75,3.83
2011.08.01 20:02:36.464,1.09671,1.09691,1.35,2.10
2011.08.01 20:02:36.585,1.09674,1.09692,1.35,1.35
2011.08.01 20:02:36.705,1.0967,1.09691,3.00,2.10
2011.08.01 20:02:36.824,1.09669,1.0969,1.73,1.35
2011.08.01 20:02:37.055,1.09673,1.09693,1.35,3.60
2011.08.01 20:02:37.611,1.09673,1.09694,1.35,1.35
2011.08.01 20:02:38.212,1.09671,1.09695,3.75,1.58
2011.08.01 20:02:41.214,1.09671,1.09692,3.00,1.50
2011.08.01 20:02:41.553,1.09669,1.09692,1.50,3.75
2011.08.01 20:02:50.015,1.09668,1.0969,4.35,2.85
2011.08.01 20:02:55.054,1.09673,1.09692,1.35,3.68
2011.08.01 20:02:57.044,1.09673,1.09692,1.35,3.60
2011.08.01 20:02:57.386,1.09673,1.09693,1.73,2.10
2011.08.01 20:02:58.212,1.09671,1.09697,4.50,1.58
2011.08.01 20:03:00.662,1.09671,1.09696,4.50,1.58
2011.08.01 20:03:00.993,1.09672,1.09693,1.50,3.83
2011.08.01 20:03:01.223,1.09672,1.09693,1.50,3.83
2011.08.01 20:03:02.448,1.09669,1.09692,1.50,1.58
2011.08.01 20:03:03.003,1.0967,1.09689,1.50,2.85
2011.08.01 20:03:03.233,1.09674,1.09692,1.35,1.35
2011.08.01 20:03:04.416,1.09673,1.09692,1.35,2.10
2011.08.01 20:03:04.874,1.0967,1.09689,1.50,2.10
2011.08.01 20:03:05.734,1.0967,1.09689,1.50,2.10
2011.08.01 20:03:05.855,1.09673,1.09693,1.35,3.60
2011.08.01 20:03:05.975,1.09673,1.09693,1.35,3.60
2011.08.01 20:03:06.486,1.09673,1.09694,1.35,1.35
2011.08.01 20:03:08.444,1.09677,1.09698,1.50,2.33
2011.08.01 20:03:08.675,1.09677,1.09698,3.75,1.50
2011.08.01 20:03:09.234,1.09677,1.09698,4.50,1.50
2011.08.01 20:03:10.255,1.09677,1.09698,4.50,1.50
2011.08.01 20:03:11.364,1.09679,1.09699,1.35,2.10
2011.08.01 20:03:13.225,1.09679,1.097,1.35,1.35
2011.08.01 20:03:27.662,1.09682,1.09701,1.35,1.13
2011.08.01 20:03:35.893,1.09682,1.09703,1.35,5.10
2011.08.01 20:03:36.452,1.09682,1.09703,1.35,4.35
2011.08.01 20:03:43.873,1.09682,1.09703,2.10,4.35
2011.08.01 20:03:52.413,1.09682,1.09702,1.50,1.35
2011.08.01 20:04:06.006,1.09683,1.09702,1.35,1.35
2011.08.01 20:04:06.234,1.09682,1.09702,1.50,2.85
2011.08.01 20:04:37.304,1.09682,1.097,1.50,1.35
2011.08.01 20:04:37.765,1.09677,1.09694,3.76,1.43
2011.08.01 20:04:37.997,1.09673,1.09693,1.50,2.18
2011.08.01 20:04:38.334,1.09671,1.09691,1.50,1.35
2011.08.01 20:04:39.802,1.09671,1.0969,1.50,1.35
2011.08.01 20:04:46.842,1.09671,1.0969,2.10,1.35
2011.08.01 20:04:55.215,1.09671,1.0969,2.10,1.35
2011.08.01 20:04:58.765,1.09671,1.0969,1.50,2.85
2011.08.01 20:04:59.589,1.09671,1.09691,1.50,1.35
2011.08.01 20:05:01.305,1.09673,1.09692,1.35,2.25
2011.08.01 20:05:01.644,1.09671,1.09697,4.50,1.58
2011.08.01 20:05:04.072,1.09671,1.09696,4.50,1.58
2011.08.01 20:05:04.652,1.09671,1.09696,4.50,1.58
2011.08.01 20:05:06.926,1.09671,1.09697,4.50,1.58
2011.08.01 20:05:07.153,1.09671,1.09697,4.50,1.58
2011.08.01 20:05:07.498,1.09671,1.09694,3.00,1.58
2011.08.01 20:05:07.616,1.0967,1.09694,1.50,2.33
2011.08.01 20:05:07.844,1.09669,1.09692,1.50,3.08
2011.08.01 20:05:12.476,1.09672,1.09692,1.50,3.38
2011.08.01 20:05:12.814,1.09672,1.09697,1.50,1.50
2011.08.01 20:05:25.205,1.0968,1.097,1.50,3.83
2011.08.01 20:05:25.547,1.09679,1.09696,3.13,2.10
2011.08.01 20:05:25.777,1.09675,1.09695,1.35,1.35
2011.08.01 20:05:27.274,1.09675,1.09694,1.35,1.35
2011.08.01 20:05:28.513,1.09671,1.09698,3.75,2.25
2011.08.01 20:05:39.982,1.09671,1.09698,3.75,1.58
2011.08.01 20:05:48.814,1.09677,1.09699,3.00,1.58
2011.08.01 20:05:55.403,1.09677,1.09698,3.00,1.35
2011.08.01 20:06:02.380,1.09677,1.09698,3.00,1.58
2011.08.01 20:06:17.182,1.09677,1.09696,3.60,1.05
2011.08.01 20:06:31.013,1.09677,1.09696,3.60,1.05
2011.08.01 20:06:45.665,1.09677,1.09696,3.60,1.05
2011.08.01 20:06:48.063,1.09677,1.09698,3.60,1.65
2011.08.01 20:06:48.718,1.09677,1.09698,3.60,1.43
2011.08.01 20:06:49.026,1.09677,1.09699,2.85,2.93
2011.08.01 20:06:51.272,1.09677,1.09698,3.60,1.43
2011.08.01 20:06:51.823,1.0968,1.097,1.35,2.33
2011.08.01 20:06:56.511,1.0968,1.097,1.35,1.58
2011.08.01 20:06:59.162,1.0968,1.097,1.35,2.33
2011.08.01 20:06:59.933,1.09677,1.09698,3.60,1.43
2011.08.01 20:07:00.527,1.09677,1.09698,3.60,1.43
2011.08.01 20:07:00.757,1.09677,1.09698,3.60,1.43
2011.08.01 20:07:08.840,1.0968,1.09699,1.13,2.10
2011.08.01 20:07:08.957,1.0968,1.097,1.35,1.50
2011.08.01 20:07:09.187,1.0968,1.097,1.35,1.50
2011.08.01 20:07:09.934,1.0968,1.09698,1.13,1.35
2011.08.01 20:07:10.715,1.0968,1.09698,1.35,1.35
2011.08.01 20:07:11.053,1.0968,1.09699,1.35,1.35
2011.08.01 20:07:35.743,1.09677,1.09699,3.00,1.35
2011.08.01 20:07:36.194,1.09677,1.09699,3.00,1.35
2011.08.01 20:07:36.752,1.09677,1.097,3.00,2.85
2011.08.01 20:07:38.862,1.09677,1.09697,3.00,1.35
2011.08.01 20:07:39.415,1.09677,1.09697,1.50,1.35
2011.08.01 20:07:40.085,1.09674,1.09695,1.63,1.35
2011.08.01 20:07:40.532,1.09676,1.09695,1.35,1.35
2011.08.01 20:07:48.482,1.09674,1.09694,1.63,2.10
2011.08.01 20:07:51.344,1.09679,1.09694,1.50,2.10
2011.08.01 20:07:51.684,1.09682,1.09702,3.60,1.50
2011.08.01 20:07:55.724,1.09686,1.09705,1.35,1.35
2011.08.01 20:08:13.087,1.09686,1.09702,1.35,2.25
2011.08.01 20:08:13.313,1.0968,1.09701,2.63,2.10
2011.08.01 20:08:13.543,1.0968,1.097,2.10,1.35
2011.08.01 20:08:15.802,1.0968,1.09699,2.10,1.35
2011.08.01 20:08:22.487,1.09683,1.09701,1.50,2.10
2011.08.01 20:08:22.603,1.09683,1.09705,4.35,2.85
2011.08.01 20:08:22.943,1.09683,1.09704,4.48,1.35
2011.08.01 20:08:24.882,1.09683,1.09704,4.48,1.35
2011.08.01 20:08:27.372,1.09684,1.09704,1.10,1.35
2011.08.01 20:08:51.003,1.09683,1.09704,3.35,2.85
2011.08.01 20:08:55.963,1.09683,1.09703,3.13,1.43
2011.08.01 20:08:59.287,1.09685,1.09703,1.35,1.35
2011.08.01 20:09:08.206,1.09688,1.09706,1.28,2.10
2011.08.01 20:09:08.764,1.09688,1.09706,1.28,2.18
2011.08.01 20:09:09.813,1.09684,1.09699,1.28,1.35
2011.08.01 20:09:10.592,1.0968,1.09699,2.23,1.35
2011.08.01 20:09:17.819,1.0968,1.09699,2.23,1.35
2011.08.01 20:09:18.832,1.0968,1.09699,2.23,1.35
2011.08.01 20:09:19.382,1.09681,1.09702,1.48,1.35
2011.08.01 20:09:20.206,1.09683,1.09702,1.63,1.35
2011.08.01 20:09:20.766,1.09687,1.09706,1.01,2.10
2011.08.01 20:09:21.673,1.09687,1.09705,1.01,1.35
2011.08.01 20:09:23.093,1.09689,1.09707,1.35,4.50
2011.08.01 20:09:23.312,1.09689,1.09707,1.35,3.00
2011.08.01 20:09:23.645,1.09694,1.09708,1.35,1.50
2011.08.01 20:09:23.765,1.09692,1.09714,3.00,1.13
2011.08.01 20:09:29.233,1.09692,1.09714,3.00,1.05
2011.08.01 20:09:33.134,1.09697,1.09718,1.50,1.50
2011.08.01 20:09:33.474,1.09699,1.09719,1.50,1.50
2011.08.01 20:09:33.596,1.09699,1.09723,1.50,4.50
2011.08.01 20:09:34.673,1.09703,1.09723,1.35,4.50
2011.08.01 20:09:34.793,1.09703,1.09723,1.35,4.50
2011.08.01 20:09:35.783,1.09702,1.0972,1.50,1.35
2011.08.01 20:09:36.114,1.09704,1.09723,1.35,2.25
2011.08.01 20:09:36.235,1.09704,1.09725,2.10,1.35
2011.08.01 20:09:36.793,1.09705,1.09726,1.50,3.60
2011.08.01 20:09:37.653,1.09705,1.09725,1.50,1.35
2011.08.01 20:09:39.035,1.09705,1.09725,1.50,1.35
2011.08.01 20:09:40.515,1.09707,1.09726,2.10,1.50
2011.08.01 20:09:41.253,1.09704,1.09723,1.63,1.13
2011.08.01 20:09:41.596,1.09702,1.09722,2.23,3.08
2011.08.01 20:09:42.154,1.097,1.09719,1.50,2.18
2011.08.01 20:09:47.561,1.09698,1.09719,3.00,2.93
2011.08.01 20:09:48.539,1.09698,1.09719,3.00,2.93
2011.08.01 20:09:49.813,1.09697,1.09719,1.35,3.68
2011.08.01 20:09:50.046,1.09695,1.09718,2.25,2.18
2011.08.01 20:09:50.274,1.09695,1.09719,1.50,1.58
2011.08.01 20:09:53.377,1.09691,1.09716,2.40,1.13
2011.08.01 20:09:53.496,1.0969,1.09709,3.28,2.25
2011.08.01 20:09:53.730,1.09688,1.09708,1.50,5.25
2011.08.01 20:09:54.417,1.09691,1.09712,1.50,3.00
2011.08.01 20:09:54.538,1.09692,1.09712,1.50,3.00
2011.08.01 20:09:54.653,1.09692,1.09712,1.50,3.00
2011.08.01 20:09:55.925,1.0969,1.09705,1.50,2.10
2011.08.01 20:09:56.263,1.09685,1.09705,1.50,2.85
2011.08.01 20:09:56.712,1.09685,1.09705,1.50,2.85
2011.08.01 20:09:58.602,1.09685,1.09705,1.50,2.10
2011.08.01 20:09:58.714,1.09692,1.09707,2.10,3.00
2011.08.01 20:09:59.196,1.09692,1.09711,1.50,2.10
2011.08.01 20:09:59.316,1.09691,1.09711,2.25,2.10
2011.08.01 20:09:59.434,1.09693,1.09713,1.35,3.60
2011.08.01 20:10:01.125,1.09693,1.09713,1.35,3.60
2011.08.01 20:10:03.765,1.09696,1.09717,2.85,1.35
2011.08.01 20:10:03.996,1.097,1.0972,1.35,1.43
2011.08.01 20:10:04.336,1.09686,1.09698,1.13,3.00
2011.08.01 20:10:04.676,1.09688,1.09708,1.48,2.48
2011.08.01 20:10:04.796,1.09691,1.09712,1.35,1.73
2011.08.01 20:10:05.246,1.09691,1.09712,3.60,1.35
2011.08.01 20:10:05.364,1.09691,1.09712,1.35,2.10
2011.08.01 20:10:05.923,1.09691,1.09712,1.35,2.10
2011.08.01 20:10:06.475,1.09692,1.09708,3.00,2.33
2011.08.01 20:10:06.597,1.09686,1.09706,3.00,1.35
2011.08.01 20:10:06.824,1.09686,1.09706,3.00,1.35
2011.08.01 20:10:24.448,1.09686,1.09703,3.00,1.35
2011.08.01 20:10:24.676,1.09682,1.097,1.35,1.43
2011.08.01 20:10:25.230,1.09681,1.09699,3.00,1.43
2011.08.01 20:10:25.359,1.09672,1.0969,3.00,2.10
2011.08.01 20:10:27.443,1.09672,1.0969,3.00,2.93
2011.08.01 20:10:28.006,1.09673,1.09692,1.35,1.43
2011.08.01 20:10:30.217,1.09676,1.09692,1.50,1.43
2011.08.01 20:10:30.562,1.09687,1.09703,3.00,1.20
2011.08.01 20:10:30.896,1.09682,1.09695,2.38,1.58
2011.08.01 20:10:31.020,1.09673,1.09693,1.35,1.35
2011.08.01 20:10:31.136,1.09673,1.09695,1.95,2.18
2011.08.01 20:10:31.256,1.09673,1.09693,1.35,1.50
2011.08.01 20:10:32.035,1.09673,1.09693,1.35,1.58
2011.08.01 20:10:32.595,1.09674,1.09692,1.35,1.35
2011.08.01 20:10:32.715,1.09674,1.09692,1.35,1.35
2011.08.01 20:10:33.054,1.09674,1.09692,1.35,1.35
2011.08.01 20:10:34.382,1.09674,1.09692,1.35,1.35
2011.08.01 20:10:35.297,1.09674,1.09693,1.35,1.58
2011.08.01 20:10:35.635,1.09676,1.09697,3.60,2.18
2011.08.01 20:10:36.316,1.09676,1.09695,3.60,2.33
2011.08.01 20:10:36.443,1.09675,1.09692,3.00,1.35
2011.08.01 20:10:36.565,1.09672,1.09692,3.00,1.35
2011.08.01 20:10:37.123,1.09672,1.09691,3.00,1.35
2011.08.01 20:10:38.285,1.09672,1.09691,3.00,1.35
2011.08.01 20:10:38.734,1.09672,1.09691,3.00,1.43
2011.08.01 20:10:39.293,1.09674,1.09692,1.35,1.43
2011.08.01 20:10:44.009,1.09677,1.09697,3.00,4.43
2011.08.01 20:10:44.233,1.09677,1.09696,3.00,1.58
2011.08.01 20:10:44.793,1.09677,1.09697,3.00,1.43
2011.08.01 20:10:45.026,1.09682,1.09698,2.25,2.93
2011.08.01 20:10:49.794,1.09682,1.09698,2.25,2.85
2011.08.01 20:10:50.353,1.09682,1.09698,3.00,2.10
2011.08.01 20:10:55.274,1.09682,1.09698,3.00,2.10
2011.08.01 20:10:59.056,1.09682,1.09701,3.60,1.43
2011.08.01 20:11:27.228,1.09682,1.09701,3.60,1.47
2011.08.01 20:11:29.673,1.09682,1.09701,3.60,1.39
2011.08.01 20:11:30.445,1.09682,1.09699,3.00,1.39
2011.08.01 20:11:31.056,1.09682,1.09698,3.00,1.47
2011.08.01 20:11:34.335,1.09682,1.09698,3.00,1.39
2011.08.01 20:11:49.924,1.09682,1.097,3.00,1.39
2011.08.01 20:11:55.623,1.09682,1.097,3.75,1.39
2011.08.01 20:11:58.663,1.09682,1.09701,3.75,1.39
2011.08.01 20:11:58.883,1.09682,1.09699,3.75,2.89
2011.08.01 20:12:00.345,1.09682,1.09699,3.75,2.89
2011.08.01 20:12:00.464,1.09682,1.09699,3.79,2.89
2011.08.01 20:12:00.584,1.09682,1.097,3.79,1.39
2011.08.01 20:12:00.704,1.09682,1.097,3.75,1.39
2011.08.01 20:12:00.823,1.09682,1.097,3.75,1.39
2011.08.01 20:12:04.075,1.09684,1.097,1.50,1.39
2011.08.01 20:12:07.664,1.09682,1.09703,4.35,1.39
2011.08.01 20:12:08.222,1.09684,1.09703,1.50,1.43
2011.08.01 20:12:09.413,1.09682,1.09699,3.60,1.54
2011.08.01 20:12:09.635,1.09679,1.09696,2.18,1.35
2011.08.01 20:12:09.863,1.09679,1.09696,1.50,1.35
2011.08.01 20:12:10.425,1.09679,1.09696,1.50,1.39
2011.08.01 20:12:15.345,1.09679,1.09696,1.50,1.43
2011.08.01 20:12:15.464,1.09676,1.09696,4.73,1.43
2011.08.01 20:12:16.026,1.09679,1.09698,1.35,2.93
2011.08.01 20:12:16.513,1.09679,1.09698,1.35,1.43
2011.08.01 20:12:18.654,1.09681,1.09696,3.00,2.18
2011.08.01 20:12:25.026,1.09677,1.09696,3.00,2.93
2011.08.01 20:12:30.005,1.09677,1.09695,3.00,1.35
2011.08.01 20:12:30.786,1.09677,1.09695,3.00,1.73
2011.08.01 20:12:33.426,1.09677,1.09696,3.75,3.98
2011.08.01 20:12:34.153,1.09677,1.09696,3.75,3.98
2011.08.01 20:12:45.505,1.09677,1.09696,3.00,2.89
2011.08.01 20:12:45.624,1.09677,1.09695,3.00,1.39
2011.08.01 20:12:46.238,1.09677,1.09695,3.00,1.35
2011.08.01 20:12:51.740,1.09677,1.09695,3.00,1.35
2011.08.01 20:12:52.313,1.09677,1.09695,3.00,2.10
2011.08.01 20:12:53.834,1.09677,1.09695,3.00,2.10
2011.08.01 20:12:54.609,1.09677,1.09695,3.00,2.10
2011.08.01 20:12:57.763,1.09677,1.09695,3.00,2.10
2011.08.01 20:13:00.025,1.09677,1.09694,3.00,1.35
2011.08.01 20:13:00.587,1.09678,1.09694,1.35,1.52
2011.08.01 20:13:13.015,1.09677,1.09693,3.00,1.51
2011.08.01 20:13:14.343,1.09677,1.09693,3.00,1.51
2011.08.01 20:13:14.564,1.09677,1.09693,3.00,1.51
2011.08.01 20:13:15.407,1.09678,1.09695,1.35,1.50
2011.08.01 20:13:32.813,1.09677,1.09694,3.00,1.35
2011.08.01 20:13:49.323,1.09679,1.09696,1.35,3.38
2011.08.01 20:14:04.773,1.09677,1.09694,3.68,1.35
2011.08.01 20:14:14.588,1.09677,1.09695,2.93,1.35
2011.08.01 20:14:25.174,1.09677,1.09695,2.85,2.03
2011.08.01 20:14:29.703,1.09677,1.09693,2.25,2.10
2011.08.01 20:14:30.044,1.09677,1.09695,2.25,2.18
2011.08.01 20:14:35.282,1.09677,1.09695,2.33,2.18
2011.08.01 20:14:35.849,1.09677,1.09694,2.33,2.85
2011.08.01 20:14:36.520,1.09677,1.09695,2.33,2.78
2011.08.01 20:14:38.056,1.09677,1.09695,2.93,1.43
2011.08.01 20:14:40.423,1.09677,1.09695,2.93,2.10
2011.08.01 20:14:43.994,1.09677,1.09695,2.93,2.85
2011.08.01 20:14:44.336,1.09677,1.09692,3.00,2.10
2011.08.01 20:14:44.880,1.09677,1.09692,3.00,1.50
2011.08.01 20:14:46.382,1.09677,1.09692,3.00,1.50
2011.08.01 20:14:48.348,1.09677,1.09692,3.00,1.50
2011.08.01 20:14:50.703,1.09677,1.09692,3.60,1.50
2011.08.01 20:14:51.455,1.09677,1.09692,3.00,1.50
2011.08.01 20:14:59.248,1.09677,1.09694,3.00,2.03
2011.08.01 20:15:00.564,1.09677,1.09694,3.00,3.53
2011.08.01 20:15:01.336,1.09677,1.09694,2.25,3.53
2011.08.01 20:15:01.460,1.09677,1.09694,3.00,3.53
2011.08.01 20:15:01.794,1.09677,1.09694,2.25,3.53
2011.08.01 20:15:02.354,1.09677,1.09694,3.00,3.53
2011.08.01 20:15:11.352,1.09677,1.09694,3.00,2.18
2011.08.01 20:15:11.463,1.09677,1.09693,3.00,2.10
2011.08.01 20:15:13.634,1.09677,1.09693,3.00,2.10
2011.08.01 20:15:19.073,1.09677,1.09694,3.00,3.00
2011.08.01 20:15:22.862,1.09677,1.09695,3.00,3.23
2011.08.01 20:15:43.526,1.09677,1.09694,3.00,1.50
2011.08.01 20:15:51.035,1.09677,1.09692,2.25,1.13
2011.08.01 20:15:51.715,1.09676,1.09692,2.85,1.88
2011.08.01 20:15:51.830,1.09676,1.09693,3.60,1.50
2011.08.01 20:15:57.824,1.09676,1.09693,3.60,1.50
2011.08.01 20:15:58.389,1.09676,1.09693,3.60,1.50
2011.08.01 20:16:00.204,1.09676,1.09693,3.60,1.50
2011.08.01 20:16:00.654,1.09676,1.09692,3.00,1.50
2011.08.01 20:16:00.876,1.09672,1.09689,3.00,1.35
2011.08.01 20:16:00.994,1.09672,1.09689,3.00,1.35
2011.08.01 20:16:01.443,1.09672,1.09689,3.00,2.10
2011.08.01 20:16:02.997,1.09673,1.0969,1.35,1.13
2011.08.01 20:16:03.224,1.09673,1.09691,1.35,1.50
2011.08.01 20:16:03.348,1.09671,1.09691,3.00,2.48
2011.08.01 20:16:03.685,1.09671,1.0969,3.00,1.73
2011.08.01 20:16:04.231,1.09675,1.09691,1.35,1.88
2011.08.01 20:16:04.348,1.09676,1.09692,2.25,2.85
2011.08.01 20:16:08.929,1.09676,1.09688,2.25,2.25
2011.08.01 20:16:09.050,1.09669,1.09685,1.50,3.23
2011.08.01 20:16:09.505,1.09662,1.0968,3.61,1.73
2011.08.01 20:16:10.358,1.09662,1.0968,2.48,1.35
2011.08.01 20:16:10.898,1.09662,1.0968,1.36,1.73
2011.08.01 20:16:12.016,1.09661,1.09679,3.01,1.35
2011.08.01 20:16:13.688,1.09663,1.0968,1.35,1.50
2011.08.01 20:16:13.916,1.09666,1.09681,3.00,1.50
2011.08.01 20:16:18.294,1.09666,1.0968,2.25,1.50
2011.08.01 20:16:18.634,1.09666,1.09678,2.25,1.50
2011.08.01 20:16:27.725,1.09666,1.09682,2.25,1.50
2011.08.01 20:16:28.505,1.09666,1.09682,3.00,1.50
2011.08.01 20:16:29.094,1.09666,1.09682,2.25,1.50
2011.08.01 20:16:30.393,1.09666,1.09682,3.00,1.50
2011.08.01 20:16:31.438,1.09666,1.09676,2.25,1.13
2011.08.01 20:16:31.665,1.09657,1.09675,4.36,1.13
2011.08.01 20:16:31.893,1.09657,1.09675,4.36,1.13
2011.08.01 20:16:33.103,1.09657,1.09675,3.76,1.73
2011.08.01 20:16:33.653,1.09657,1.09675,3.75,1.73
2011.08.01 20:16:42.116,1.09657,1.09672,2.25,2.40
2011.08.01 20:16:42.674,1.09657,1.09673,2.25,12.63
2011.08.01 20:16:45.216,1.09657,1.09672,2.25,3.75
2011.08.01 20:17:13.664,1.09657,1.09672,3.00,1.50
2011.08.01 20:17:27.004,1.09657,1.09673,5.10,1.88
2011.08.01 20:17:33.053,1.09657,1.09675,5.85,1.73
2011.08.01 20:17:35.807,1.09657,1.09675,5.10,1.73
2011.08.01 20:17:42.289,1.09657,1.09674,3.00,1.58
2011.08.01 20:17:42.843,1.09657,1.09674,3.00,1.58
2011.08.01 20:17:43.479,1.09657,1.09674,3.00,1.58
2011.08.01 20:17:45.777,1.09657,1.09673,3.00,1.65
2011.08.01 20:17:46.993,1.09657,1.09673,3.00,1.50
2011.08.01 20:17:48.894,1.09657,1.09674,3.00,1.35
2011.08.01 20:17:49.003,1.09657,1.09675,3.60,2.48
2011.08.01 20:17:51.964,1.09657,1.09675,3.00,3.08
2011.08.01 20:17:55.815,1.09657,1.09675,3.00,3.08
2011.08.01 20:17:58.030,1.09657,1.09675,3.00,3.08
2011.08.01 20:17:58.583,1.09657,1.09675,3.00,3.08
2011.08.01 20:18:07.126,1.09657,1.09675,3.00,2.48
2011.08.01 20:18:16.365,1.09657,1.09673,2.25,1.50
2011.08.01 20:18:24.793,1.09655,1.09673,1.51,1.50
2011.08.01 20:18:26.085,1.09655,1.09672,1.36,1.50
2011.08.01 20:18:32.414,1.09654,1.09672,1.51,1.50
2011.08.01 20:18:34.196,1.09654,1.09674,1.51,1.35
2011.08.01 20:18:38.425,1.09654,1.09674,1.51,2.10
2011.08.01 20:18:38.984,1.09654,1.09674,1.51,2.10
2011.08.01 20:18:40.163,1.09654,1.09674,1.51,2.10
2011.08.01 20:18:43.333,1.09654,1.09674,1.51,2.10
2011.08.01 20:18:49.085,1.09654,1.09674,1.51,2.48
2011.08.01 20:18:49.633,1.09654,1.09674,1.51,2.48
2011.08.01 20:18:50.183,1.09656,1.09672,1.35,1.50
2011.08.01 20:19:34.154,1.09653,1.09673,3.73,1.35
2011.08.01 20:19:46.098,1.09653,1.09674,3.73,1.50
2011.08.01 20:19:49.276,1.09653,1.09673,4.25,1.35
2011.08.01 20:19:49.849,1.09653,1.09674,3.61,1.50
2011.08.01 20:19:50.424,1.09653,1.09673,3.01,1.35
2011.08.01 20:19:54.275,1.09653,1.09672,3.88,1.50
2011.08.01 20:19:54.609,1.0965,1.09665,1.63,1.13
2011.08.01 20:19:54.836,1.09643,1.0966,2.85,1.13
2011.08.01 20:19:55.728,1.09643,1.09659,2.10,1.50
2011.08.01 20:20:02.927,1.09643,1.09659,2.10,1.50
2011.08.01 20:20:04.147,1.09642,1.09659,1.50,1.50
2011.08.01 20:20:05.778,1.09642,1.09659,1.63,1.50
2011.08.01 20:20:10.927,1.09642,1.09658,1.50,1.13
2011.08.01 20:20:11.267,1.09637,1.09656,4.50,1.50
2011.08.01 20:20:11.606,1.09637,1.09653,3.75,1.50
2011.08.01 20:20:11.835,1.09637,1.09653,3.75,1.50
2011.08.01 20:20:12.409,1.09637,1.09651,3.00,1.50
2011.08.01 20:20:12.531,1.09634,1.09651,1.13,1.50
2011.08.01 20:20:12.650,1.09631,1.09649,2.26,1.88
2011.08.01 20:20:12.987,1.09631,1.09646,1.63,1.50
2011.08.01 20:20:13.731,1.09632,1.0965,1.50,1.88
2011.08.01 20:20:14.177,1.09631,1.09648,1.50,1.50
2011.08.01 20:20:15.289,1.09629,1.09647,1.13,1.88
2011.08.01 20:20:15.518,1.09628,1.09646,3.00,1.13
2011.08.01 20:20:16.736,1.09628,1.09646,3.00,1.88
2011.08.01 20:20:17.075,1.09628,1.09645,3.00,1.50
2011.08.01 20:20:24.395,1.09629,1.09645,1.50,1.50
2011.08.01 20:20:24.728,1.09634,1.09649,1.35,1.50
2011.08.01 20:20:25.067,1.09634,1.09649,1.35,1.50
2011.08.01 20:20:25.186,1.09634,1.09653,1.35,1.50
2011.08.01 20:20:25.745,1.09634,1.09652,1.35,1.50
2011.08.01 20:20:26.884,1.09633,1.09652,3.13,2.10
2011.08.01 20:20:27.435,1.09633,1.09651,3.01,1.35
2011.08.01 20:20:29.325,1.09634,1.09652,1.35,1.50
2011.08.01 20:20:43.006,1.09633,1.09648,3.13,1.73
2011.08.01 20:20:43.346,1.09635,1.09653,1.35,2.25
2011.08.01 20:20:44.985,1.09635,1.09654,1.35,2.10
2011.08.01 20:21:45.100,1.09633,1.09655,1.48,2.10
2011.08.01 20:22:01.726,1.09635,1.09655,1.35,2.85
2011.08.01 20:22:35.966,1.09632,1.09654,3.13,2.25
2011.08.01 20:22:41.594,1.09632,1.09652,3.13,1.50
2011.08.01 20:22:55.044,1.09632,1.09652,3.13,1.50
2011.08.01 20:22:55.375,1.09632,1.09652,4.25,1.50
2011.08.01 20:22:55.955,1.09635,1.09652,1.50,1.50
2011.08.01 20:23:00.258,1.09633,1.09652,2.00,1.65
2011.08.01 20:23:01.256,1.09633,1.09652,2.00,1.65
2011.08.01 20:23:05.376,1.09633,1.09652,2.00,1.65
2011.08.01 20:23:13.205,1.09633,1.09652,2.00,1.65
2011.08.01 20:23:24.264,1.09633,1.09652,2.00,1.65
2011.08.01 20:23:25.516,1.09633,1.09652,1.88,1.65
2011.08.01 20:23:26.085,1.09633,1.09652,2.00,1.65
2011.08.01 20:23:27.665,1.09633,1.09652,2.00,1.65
2011.08.01 20:23:31.655,1.09633,1.09653,2.00,1.65
2011.08.01 20:23:34.247,1.09633,1.09653,2.00,1.65
2011.08.01 20:23:35.416,1.09633,1.09653,1.50,1.65
2011.08.01 20:23:36.466,1.09633,1.09653,1.63,1.65
2011.08.01 20:23:37.028,1.09633,1.09653,1.63,1.65
2011.08.01 20:23:38.394,1.09633,1.09653,1.50,1.65
2011.08.01 20:23:42.505,1.09635,1.09653,1.50,1.50
2011.08.01 20:23:43.356,1.09634,1.09653,1.50,1.50
2011.08.01 20:23:48.395,1.09635,1.09653,1.50,1.50
2011.08.01 20:23:48.945,1.09635,1.09653,1.50,1.50
2011.08.01 20:23:54.176,1.09635,1.09654,2.11,1.50
2011.08.01 20:24:06.634,1.09637,1.09655,1.35,1.50
2011.08.01 20:24:40.875,1.09637,1.0965,1.35,1.13
2011.08.01 20:24:41.458,1.09637,1.09643,1.35,1.65
2011.08.01 20:24:41.687,1.09636,1.09654,1.36,1.50
2011.08.01 20:24:44.505,1.09636,1.09652,1.36,2.48
2011.08.01 20:24:46.595,1.09634,1.09651,3.60,2.25
2011.08.01 20:24:46.927,1.09635,1.09644,1.35,2.93
2011.08.01 20:24:47.937,1.09634,1.09644,2.10,4.20
2011.08.01 20:24:48.057,1.09634,1.09652,2.10,5.13
2011.08.01 20:24:48.756,1.09634,1.09652,2.10,1.65
2011.08.01 20:24:49.424,1.09636,1.09652,1.50,1.65
2011.08.01 20:24:50.516,1.09636,1.09655,1.50,9.49
2011.08.01 20:24:50.636,1.09636,1.09655,1.50,1.50
2011.08.01 20:24:51.415,1.09635,1.09653,2.11,2.48
2011.08.01 20:24:51.965,1.09635,1.09653,1.36,4.13
2011.08.01 20:24:52.535,1.09635,1.09654,1.36,7.50
2011.08.01 20:24:53.296,1.09635,1.09645,1.36,1.65
2011.08.01 20:24:53.416,1.09635,1.09645,1.36,1.65
2011.08.01 20:24:53.756,1.09635,1.09644,1.35,6.60
2011.08.01 20:24:54.315,1.09634,1.09644,1.50,7.50
2011.08.01 20:24:56.368,1.09635,1.09652,1.35,1.50
2011.08.01 20:24:56.597,1.09635,1.09654,2.10,8.85
2011.08.01 20:24:56.827,1.09636,1.09654,2.10,1.20
2011.08.01 20:24:57.383,1.09637,1.09654,1.36,1.20
2011.08.01 20:24:58.178,1.09636,1.09655,1.51,2.10
2011.08.01 20:25:00.479,1.09641,1.09656,1.35,1.50
2011.08.01 20:25:00.710,1.09639,1.09658,1.73,1.35
2011.08.01 20:25:04.466,1.09638,1.09657,3.50,1.35
2011.08.01 20:25:05.026,1.09636,1.09657,1.51,1.35
2011.08.01 20:25:22.041,1.09635,1.09654,1.51,1.35
2011.08.01 20:25:24.200,1.09636,1.09654,1.35,1.73
2011.08.01 20:25:24.426,1.09635,1.09654,1.51,1.95
2011.08.01 20:25:25.636,1.09636,1.09654,1.13,1.20
2011.08.01 20:25:26.327,1.09636,1.09654,1.73,1.20
2011.08.01 20:25:27.226,1.09635,1.09653,1.51,1.35
2011.08.01 20:25:27.889,1.09637,1.09654,1.36,1.20
2011.08.01 20:25:28.446,1.09635,1.09654,3.23,1.58
2011.08.01 20:25:29.075,1.09635,1.09654,3.23,1.58
2011.08.01 20:25:31.287,1.09637,1.09654,1.36,1.20
2011.08.01 20:25:36.746,1.09636,1.09654,1.73,1.20
2011.08.01 20:25:43.326,1.09637,1.09657,1.36,1.13
2011.08.01 20:25:51.822,1.09636,1.09654,1.73,1.20
2011.08.01 20:25:54.006,1.09636,1.09654,1.73,1.20
2011.08.01 20:25:54.555,1.09635,1.09653,1.51,3.23
2011.08.01 20:25:54.886,1.09633,1.09644,2.48,1.65
2011.08.01 20:25:55.437,1.09633,1.09644,2.23,1.65
2011.08.01 20:25:55.997,1.09633,1.09644,1.36,7.50
2011.08.01 20:25:56.347,1.09633,1.09651,1.73,1.50
2011.08.01 20:25:56.467,1.09633,1.09652,2.48,1.35
2011.08.01 20:25:56.696,1.09636,1.09654,1.35,2.85
2011.08.01 20:25:57.256,1.09637,1.09655,1.36,1.20
2011.08.01 20:26:02.997,1.09634,1.09654,1.13,1.58
2011.08.01 20:26:03.502,1.09633,1.09654,2.11,1.58
2011.08.01 20:26:04.135,1.09636,1.09655,1.35,1.20
2011.08.01 20:26:13.049,1.09636,1.09655,1.35,1.20
2011.08.01 20:26:19.975,1.09636,1.09655,1.35,1.20
2011.08.01 20:26:31.675,1.09634,1.09653,1.36,1.58
2011.08.01 20:26:32.225,1.09634,1.09653,1.36,1.58
2011.08.01 20:26:32.717,1.09636,1.09655,2.85,1.20
2011.08.01 20:26:33.936,1.09633,1.09653,2.63,1.35
2011.08.01 20:26:36.425,1.09634,1.09655,1.36,2.55
2011.08.01 20:26:36.645,1.09633,1.09652,1.63,1.35
2011.08.01 20:26:36.974,1.09632,1.09651,4.85,1.35
2011.08.01 20:26:37.448,1.09632,1.09645,4.85,1.65
2011.08.01 20:26:37.786,1.09632,1.09644,4.10,5.10
2011.08.01 20:26:38.342,1.09632,1.09644,4.10,7.50
2011.08.01 20:26:40.765,1.09632,1.09646,3.98,1.50
2011.08.01 20:26:40.986,1.09632,1.09647,4.10,1.50
2011.08.01 20:26:41.205,1.09632,1.09646,3.50,3.23
2011.08.01 20:26:41.537,1.09619,1.09638,2.11,1.35
2011.08.01 20:26:41.659,1.09619,1.09638,1.36,1.35
2011.08.01 20:26:42.598,1.09619,1.09638,1.36,1.35
2011.08.01 20:26:42.717,1.09621,1.09639,2.10,1.50
2011.08.01 20:26:43.279,1.09624,1.09642,1.35,3.00
2011.08.01 20:26:43.838,1.09624,1.09642,1.35,3.00
2011.08.01 20:26:44.177,1.09624,1.09643,1.36,2.10
2011.08.01 20:26:44.956,1.09622,1.09643,3.01,1.50
2011.08.01 20:26:58.066,1.09622,1.09643,2.26,1.50
2011.08.01 20:27:16.066,1.09622,1.09648,1.50,3.00
2011.08.01 20:27:25.086,1.09622,1.09648,1.50,1.50
2011.08.01 20:27:25.635,1.09622,1.09648,1.50,2.25
2011.08.01 20:27:30.375,1.09622,1.09643,1.50,1.13
2011.08.01 20:27:30.926,1.09622,1.09643,1.50,1.13
2011.08.01 20:27:36.636,1.09622,1.09643,2.25,1.13
2011.08.01 20:27:37.736,1.09621,1.09643,1.50,1.13
2011.08.01 20:27:38.468,1.09622,1.09644,1.50,8.96
2011.08.01 20:27:38.587,1.09622,1.09644,2.63,8.96
2011.08.01 20:27:38.817,1.09622,1.09644,5.63,12.26
2011.08.01 20:27:39.487,1.09624,1.09644,1.35,11.51
2011.08.01 20:27:40.046,1.09625,1.09643,1.35,1.28
2011.08.01 20:27:40.485,1.09625,1.09644,1.35,1.80
2011.08.01 20:27:41.056,1.09625,1.09644,1.35,3.30
2011.08.01 20:27:41.386,1.09625,1.09644,1.35,3.30
2011.08.01 20:27:41.842,1.09622,1.09639,2.85,1.50
2011.08.01 20:27:42.400,1.09621,1.09642,1.35,4.50
2011.08.01 20:27:42.955,1.09618,1.09639,3.00,1.35
2011.08.01 20:27:43.286,1.09618,1.09639,3.00,1.35
2011.08.01 20:27:43.406,1.09618,1.09639,3.00,1.35
2011.08.01 20:27:44.968,1.09634,1.09641,5.25,1.50
2011.08.01 20:27:45.199,1.09643,1.09662,1.50,1.35
2011.08.01 20:27:45.324,1.09651,1.09666,1.35,1.05
2011.08.01 20:27:45.444,1.0965,1.09665,1.13,1.05
2011.08.01 20:27:45.560,1.09651,1.09669,1.50,1.05
2011.08.01 20:27:49.388,1.09655,1.09676,1.13,2.48
2011.08.01 20:27:49.946,1.09651,1.09675,1.50,1.20
2011.08.01 20:27:52.129,1.0965,1.09675,1.13,1.20
2011.08.01 20:28:02.458,1.0965,1.09675,1.13,1.95
2011.08.01 20:28:03.012,1.0965,1.09675,1.13,1.95
2011.08.01 20:28:06.761,1.09648,1.09671,1.13,2.23
2011.08.01 20:28:07.097,1.09643,1.0966,1.50,1.50
2011.08.01 20:28:07.218,1.09642,1.0966,1.50,1.50
2011.08.01 20:28:08.757,1.09642,1.0966,1.63,1.50
2011.08.01 20:28:10.297,1.09643,1.0966,1.50,1.50
2011.08.01 20:28:10.420,1.09643,1.0966,1.50,1.50
2011.08.01 20:28:11.379,1.09643,1.0966,1.63,1.50
2011.08.01 20:28:11.937,1.09642,1.0966,2.25,1.50
2011.08.01 20:28:12.057,1.09642,1.0966,2.25,1.50
2011.08.01 20:28:13.197,1.09643,1.0966,1.63,1.50
2011.08.01 20:28:13.537,1.09643,1.0966,1.50,1.50
2011.08.01 20:28:14.440,1.09643,1.0966,1.63,1.50
2011.08.01 20:28:14.778,1.09642,1.0966,1.50,1.50
2011.08.01 20:28:15.230,1.09644,1.0966,2.25,1.50
2011.08.01 20:28:25.787,1.09642,1.0966,2.38,1.50
2011.08.01 20:28:26.346,1.09642,1.0966,2.38,1.50
2011.08.01 20:28:26.896,1.09642,1.0966,1.50,1.50
2011.08.01 20:28:31.688,1.09642,1.0966,1.50,1.50
2011.08.01 20:28:33.257,1.09642,1.0966,1.63,1.50
2011.08.01 20:28:34.958,1.09649,1.0966,5.25,1.50
2011.08.01 20:28:35.187,1.09649,1.09674,5.63,1.20
2011.08.01 20:28:35.417,1.09649,1.09674,5.63,1.20
2011.08.01 20:28:37.357,1.09649,1.09674,5.63,1.20
2011.08.01 20:28:38.002,1.09649,1.09674,5.63,1.20
2011.08.01 20:28:41.392,1.09649,1.09674,5.63,1.20
2011.08.01 20:28:42.397,1.09649,1.09675,5.63,1.20
2011.08.01 20:28:52.327,1.09649,1.09674,5.63,1.20
2011.08.01 20:28:56.397,1.09649,1.09674,5.63,1.20
2011.08.01 20:28:57.496,1.09649,1.09674,5.63,1.20
2011.08.01 20:29:02.540,1.09649,1.09675,5.63,1.20
2011.08.01 20:29:05.477,1.09649,1.09675,5.63,1.20
2011.08.01 20:29:05.819,1.09649,1.09674,6.38,1.20
2011.08.01 20:29:06.377,1.09649,1.09674,5.63,1.20
2011.08.01 20:29:08.260,1.09649,1.09662,4.88,3.00
2011.08.01 20:29:08.380,1.09643,1.09662,1.63,3.00
2011.08.01 20:29:08.500,1.09643,1.09662,1.50,3.00
2011.08.01 20:29:30.208,1.0964,1.09662,1.50,3.00
2011.08.01 20:29:34.859,1.09644,1.09662,1.10,3.00
2011.08.01 20:29:35.588,1.09644,1.09662,1.62,3.00
2011.08.01 20:29:37.869,1.09644,1.09662,1.62,3.00
2011.08.01 20:29:37.987,1.0964,1.09662,2.38,3.00
2011.08.01 20:29:38.547,1.0964,1.09662,1.63,3.00
2011.08.01 20:29:39.974,1.0964,1.09662,1.50,3.00
2011.08.01 20:29:40.418,1.0964,1.09662,1.50,3.00
2011.08.01 20:29:52.164,1.0964,1.09656,1.63,1.50
2011.08.01 20:29:53.173,1.09629,1.09645,1.50,1.35
2011.08.01 20:29:54.949,1.09632,1.09647,1.50,1.35
2011.08.01 20:29:55.762,1.09627,1.09647,2.15,2.85
2011.08.01 20:29:55.881,1.09628,1.09647,1.35,3.00
2011.08.01 20:29:56.448,1.09633,1.09647,1.50,2.25
2011.08.01 20:29:56.678,1.09631,1.09653,1.63,1.50
2011.08.01 20:29:56.798,1.0963,1.0965,3.60,1.50
2011.08.01 20:29:56.919,1.0963,1.09648,1.35,3.00
2011.08.01 20:30:00.257,1.09627,1.09648,1.50,3.00
2011.08.01 20:30:00.819,1.09628,1.09648,1.35,3.00
2011.08.01 20:30:01.388,1.09629,1.09648,1.35,3.00
2011.08.01 20:30:01.730,1.09638,1.09657,1.35,1.35
2011.08.01 20:30:02.181,1.09638,1.09656,1.35,2.25
2011.08.01 20:30:02.408,1.09628,1.09647,1.35,3.00
2011.08.01 20:30:05.287,1.09628,1.09647,1.35,3.00
2011.08.01 20:30:11.472,1.0963,1.09647,1.50,3.00
2011.08.01 20:30:11.810,1.09644,1.0965,1.13,0.75
2011.08.01 20:30:11.928,1.09646,1.09668,1.50,1.50
2011.08.01 20:30:18.799,1.09646,1.09668,1.50,2.25
2011.08.01 20:30:20.480,1.09651,1.09668,1.50,1.50
2011.08.01 20:30:21.038,1.09652,1.09674,1.50,1.05
2011.08.01 20:30:23.167,1.09652,1.09675,1.50,1.05
2011.08.01 20:30:23.386,1.09652,1.09675,1.50,1.05
2011.08.01 20:30:25.038,1.09652,1.09676,1.50,1.05
2011.08.01 20:30:25.269,1.09652,1.09677,1.50,1.80
2011.08.01 20:30:25.719,1.09652,1.09677,1.50,2.55
2011.08.01 20:30:26.349,1.09652,1.09677,1.50,2.55
2011.08.01 20:30:30.524,1.09652,1.09677,1.50,2.55
2011.08.01 20:30:31.077,1.09652,1.09677,1.50,2.55
2011.08.01 20:30:32.190,1.09652,1.09677,1.50,2.55
2011.08.01 20:30:35.620,1.09652,1.09677,1.50,2.25
2011.08.01 20:30:36.177,1.09652,1.09677,1.50,1.50
2011.08.01 20:30:37.983,1.09652,1.09677,1.50,1.50
2011.08.01 20:30:38.097,1.09652,1.09677,1.50,1.73
2011.08.01 20:30:38.657,1.09652,1.09675,1.50,1.20
2011.08.01 20:30:39.857,1.09652,1.09675,1.50,1.20
2011.08.01 20:30:43.051,1.09652,1.09677,1.50,1.95
2011.08.01 20:30:43.168,1.09652,1.09677,1.50,1.50
2011.08.01 20:30:48.971,1.09652,1.09677,1.50,1.50
2011.08.01 20:30:51.619,1.0965,1.09677,1.13,1.50
2011.08.01 20:31:03.359,1.09652,1.09676,1.50,3.35
2011.08.01 20:31:03.918,1.09652,1.09677,1.50,1.50
2011.08.01 20:31:17.748,1.09652,1.09677,1.80,1.50
2011.08.01 20:31:18.087,1.09654,1.09677,1.05,1.50
2011.08.01 20:31:18.646,1.09654,1.09677,1.05,1.50
2011.08.01 20:31:19.196,1.09653,1.09677,1.05,1.50
2011.08.01 20:31:29.382,1.0965,1.09679,1.28,1.50
2011.08.01 20:31:29.716,1.09654,1.09679,1.03,1.50
2011.08.01 20:31:31.946,1.09654,1.09679,1.03,1.50
2011.08.01 20:31:33.706,1.09654,1.09679,1.03,1.50
2011.08.01 20:31:37.007,1.09653,1.09679,1.03,1.50
2011.08.01 20:31:37.567,1.09653,1.09679,1.03,1.50
2011.08.01 20:31:39.346,1.09654,1.09679,1.03,1.50
2011.08.01 20:31:41.367,1.09654,1.09679,1.03,1.50
2011.08.01 20:31:41.817,1.09657,1.09679,1.63,1.50
2011.08.01 20:31:41.939,1.09657,1.09684,1.63,1.50
2011.08.01 20:31:43.857,1.09656,1.09684,1.63,2.25
2011.08.01 20:31:43.978,1.09654,1.09681,2.15,1.48
2011.08.01 20:31:44.582,1.09654,1.09678,1.03,2.25
2011.08.01 20:31:45.357,1.09654,1.09678,1.03,2.25
2011.08.01 20:31:45.917,1.09654,1.09678,1.03,2.25
2011.08.01 20:31:46.769,1.09653,1.09678,1.03,2.25
2011.08.01 20:31:47.438,1.09653,1.09678,1.03,2.25
2011.08.01 20:31:48.109,1.09653,1.09678,1.03,3.00
2011.08.01 20:31:48.452,1.09652,1.09669,1.03,1.50
2011.08.01 20:31:48.571,1.09652,1.09666,1.03,2.25
2011.08.01 20:31:49.567,1.09652,1.09666,1.03,2.25
2011.08.01 20:31:50.986,1.09653,1.09677,1.03,2.63
2011.08.01 20:31:51.101,1.09653,1.09678,1.03,3.00
2011.08.01 20:32:00.726,1.09653,1.09678,1.03,2.25
2011.08.01 20:32:01.427,1.09653,1.09678,1.03,2.25
2011.08.01 20:32:01.987,1.09653,1.09677,1.03,1.50
2011.08.01 20:32:03.366,1.09653,1.09677,1.03,1.50
2011.08.01 20:32:08.517,1.09653,1.09677,1.03,1.50
2011.08.01 20:32:10.159,1.09653,1.09678,1.03,2.25
2011.08.01 20:32:11.037,1.09653,1.09677,1.03,1.50
2011.08.01 20:32:11.961,1.09653,1.09677,1.03,1.50
2011.08.01 20:32:12.628,1.09653,1.09677,1.03,1.50
2011.08.01 20:32:13.285,1.09653,1.09677,1.03,1.50
2011.08.01 20:32:15.568,1.09653,1.09677,1.03,1.50
2011.08.01 20:32:16.237,1.09652,1.09677,1.03,2.25
2011.08.01 20:32:17.507,1.09652,1.09677,1.03,1.50
2011.08.01 20:32:20.197,1.09652,1.09677,1.03,2.25
2011.08.01 20:32:20.906,1.09652,1.09677,1.03,2.25
2011.08.01 20:32:22.107,1.09652,1.09677,1.03,1.50
2011.08.01 20:32:24.397,1.0965,1.09677,1.13,1.50
2011.08.01 20:32:31.467,1.0965,1.09677,1.13,1.50
2011.08.01 20:32:32.357,1.0965,1.09677,1.13,1.50
2011.08.01 20:32:41.186,1.0965,1.09677,1.13,1.50
2011.08.01 20:32:45.777,1.09651,1.09677,1.50,1.50
2011.08.01 20:33:22.307,1.0965,1.09676,1.13,1.50
2011.08.01 20:33:22.867,1.0965,1.09677,1.13,1.50
2011.08.01 20:33:37.881,1.0965,1.09677,1.13,1.50
2011.08.01 20:33:45.767,1.09649,1.09677,1.13,1.50
2011.08.01 20:34:00.688,1.09649,1.09672,1.13,1.48
2011.08.01 20:34:00.809,1.09641,1.09671,1.63,1.88
2011.08.01 20:34:00.928,1.09641,1.09669,1.50,1.50
2011.08.01 20:34:09.188,1.09639,1.09662,1.13,2.23
2011.08.01 20:34:09.529,1.09652,1.0966,0.75,1.13
2011.08.01 20:34:10.114,1.09633,1.0966,1.50,1.13
2011.08.01 20:34:22.028,1.09635,1.0966,1.50,1.13
2011.08.01 20:34:22.478,1.09636,1.09664,1.50,2.25
2011.08.01 20:34:22.996,1.09636,1.09664,1.50,2.25
2011.08.01 20:34:24.677,1.0964,1.09664,1.88,1.50
2011.08.01 20:34:25.250,1.0964,1.09662,1.13,2.23
2011.08.01 20:34:25.588,1.09631,1.09661,2.25,1.13
2011.08.01 20:34:26.147,1.09631,1.09661,1.50,1.88
2011.08.01 20:35:06.219,1.09638,1.09663,1.50,2.25
2011.08.01 20:35:06.777,1.09638,1.09663,1.50,1.50
2011.08.01 20:35:16.219,1.09644,1.09665,4.50,2.63
2011.08.01 20:35:16.779,1.09645,1.09668,1.13,1.50
2011.08.01 20:35:34.938,1.09645,1.09668,1.13,1.50
2011.08.01 20:36:03.207,1.09645,1.09668,1.13,1.50
2011.08.01 20:36:04.445,1.09637,1.09663,1.50,1.50
2011.08.01 20:36:04.557,1.09636,1.09663,1.50,1.50
2011.08.01 20:36:43.681,1.09641,1.09665,1.50,1.13
2011.08.01 20:36:44.128,1.09641,1.09669,1.50,1.50
2011.08.01 20:36:45.120,1.09641,1.09669,1.50,1.50
2011.08.01 20:37:45.142,1.0964,1.09671,1.13,2.63
2011.08.01 20:37:45.739,1.0964,1.09671,1.13,2.63
2011.08.01 20:37:46.187,1.0964,1.09663,1.13,1.50
2011.08.01 20:37:55.347,1.09641,1.0966,1.51,1.50
2011.08.01 20:38:22.187,1.0964,1.0966,1.13,1.50
2011.08.01 20:39:12.832,1.09636,1.09659,1.88,1.50
2011.08.01 20:39:12.950,1.09636,1.09659,1.50,1.50
2011.08.01 20:39:13.571,1.09636,1.09659,1.50,1.13
2011.08.01 20:39:14.133,1.09636,1.09659,1.50,1.13
2011.08.01 20:39:16.467,1.09635,1.09659,1.88,1.13
2011.08.01 20:39:19.952,1.09636,1.09659,1.50,1.88
2011.08.01 20:39:20.522,1.09636,1.09657,1.50,1.50
2011.08.01 20:40:12.822,1.09634,1.09658,1.13,1.50
2011.08.01 20:40:27.838,1.09633,1.09656,1.13,1.50
2011.08.01 20:40:28.182,1.09624,1.09648,1.51,1.50
2011.08.01 20:40:28.407,1.09624,1.09644,1.51,1.35
2011.08.01 20:40:28.517,1.09624,1.09644,1.51,1.35
2011.08.01 20:40:29.177,1.09624,1.09644,1.51,1.35
2011.08.01 20:40:35.758,1.09626,1.09646,1.35,1.50
2011.08.01 20:40:36.329,1.09627,1.09646,1.35,1.50
2011.08.01 20:40:47.377,1.09625,1.09646,1.73,1.50
2011.08.01 20:40:47.599,1.09635,1.09652,1.35,1.50
2011.08.01 20:40:47.831,1.09636,1.09654,1.50,1.50
2011.08.01 20:40:48.058,1.09636,1.09657,1.50,1.50
2011.08.01 20:40:48.398,1.09635,1.09659,1.51,1.50
2011.08.01 20:41:41.637,1.09636,1.09659,1.51,1.50
2011.08.01 20:41:41.747,1.09637,1.09662,1.51,2.25
2011.08.01 20:41:41.859,1.0964,1.09662,1.63,2.25
2011.08.01 20:41:41.980,1.09646,1.09665,1.13,3.38
2011.08.01 20:41:42.208,1.09646,1.09667,2.00,1.50
2011.08.01 20:41:42.548,1.09654,1.09667,3.00,1.50
2011.08.01 20:41:42.889,1.09656,1.09669,1.20,1.50
2011.08.01 20:41:43.231,1.09656,1.09671,1.20,3.38
2011.08.01 20:41:43.787,1.09656,1.09674,1.21,2.10
2011.08.01 20:41:44.468,1.09656,1.09674,1.25,2.10
2011.08.01 20:41:44.700,1.0965,1.09666,1.25,2.10
2011.08.01 20:41:45.282,1.09646,1.09666,1.25,3.60
2011.08.01 20:41:46.228,1.09649,1.09668,1.35,2.25
2011.08.01 20:41:46.678,1.09649,1.0967,1.36,1.50
2011.08.01 20:41:48.899,1.09645,1.09667,1.51,1.35
2011.08.01 20:41:49.018,1.09645,1.09667,1.51,1.35
2011.08.01 20:41:50.210,1.09639,1.09663,1.51,3.00
2011.08.01 20:41:52.916,1.09637,1.09662,2.26,1.50
2011.08.01 20:41:53.032,1.09637,1.09662,1.51,1.50
2011.08.01 20:41:57.015,1.09646,1.09664,1.50,1.50
2011.08.01 20:41:57.131,1.09646,1.09666,2.26,3.00
2011.08.01 20:41:58.179,1.09646,1.09667,2.26,1.65
2011.08.01 20:41:58.831,1.09646,1.09665,2.26,1.05
2011.08.01 20:42:00.597,1.09646,1.09665,2.26,1.05
2011.08.01 20:42:07.163,1.09646,1.09665,2.26,1.35
2011.08.01 20:42:08.757,1.09646,1.09666,2.26,1.05
2011.08.01 20:42:09.338,1.09646,1.09666,2.26,1.05
2011.08.01 20:42:11.720,1.09646,1.09666,3.01,1.05
2011.08.01 20:42:13.588,1.09646,1.09666,2.26,1.80
2011.08.01 20:42:13.927,1.09646,1.09658,1.51,1.13
2011.08.01 20:42:23.499,1.09674,1.09682,1.35,2.25
2011.08.01 20:42:23.729,1.09675,1.09694,2.10,1.50
2011.08.01 20:42:24.177,1.09675,1.09694,2.10,2.55
2011.08.01 20:42:26.680,1.09675,1.09694,2.85,2.55
2011.08.01 20:42:26.911,1.09677,1.09694,2.10,1.88
2011.08.01 20:42:27.139,1.09673,1.09695,1.36,1.95
2011.08.01 20:42:27.257,1.09673,1.09694,1.35,1.50
2011.08.01 20:42:31.948,1.09675,1.09695,2.86,1.50
2011.08.01 20:42:32.729,1.09675,1.09698,2.86,1.35
2011.08.01 20:42:33.158,1.09675,1.09696,2.86,1.50
2011.08.01 20:42:35.686,1.09675,1.09696,2.11,1.80
2011.08.01 20:42:36.636,1.09675,1.09696,2.11,1.80
2011.08.01 20:42:38.616,1.09675,1.09696,2.11,1.80
2011.08.01 20:42:44.667,1.09676,1.09692,1.35,1.50
2011.08.01 20:42:47.429,1.09681,1.09692,2.10,1.50
2011.08.01 20:42:47.878,1.09682,1.09698,1.35,1.50
2011.08.01 20:43:09.089,1.09683,1.097,1.48,1.50
2011.08.01 20:43:09.208,1.09698,1.09702,3.75,1.50
2011.08.01 20:43:09.549,1.09698,1.09718,4.13,1.50
2011.08.01 20:43:10.128,1.09698,1.09718,4.13,1.50
2011.08.01 20:43:11.911,1.09698,1.09719,4.88,1.50
2011.08.01 20:43:12.463,1.09699,1.09719,1.13,1.50
2011.08.01 20:43:12.688,1.09698,1.09719,4.13,1.50
2011.08.01 20:43:13.139,1.09698,1.09719,4.88,1.50
2011.08.01 20:43:13.367,1.09699,1.09719,1.13,1.50
2011.08.01 20:43:13.808,1.09699,1.09719,1.13,1.50
2011.08.01 20:43:15.942,1.09698,1.09719,4.88,1.50
2011.08.01 20:43:16.391,1.097,1.09719,1.13,1.50
2011.08.01 20:43:17.888,1.097,1.09719,1.13,1.50
2011.08.01 20:43:18.919,1.097,1.09719,1.13,1.50
2011.08.01 20:43:19.218,1.09698,1.09719,4.13,1.50
2011.08.01 20:43:22.218,1.09698,1.09719,4.13,1.50
2011.08.01 20:43:33.740,1.09696,1.09719,1.13,2.25
2011.08.01 20:43:33.971,1.09689,1.09709,1.13,1.67
2011.08.01 20:43:34.091,1.09689,1.09712,1.13,2.23
2011.08.01 20:43:34.211,1.09681,1.09707,1.50,1.13
2011.08.01 20:43:34.329,1.0968,1.09707,1.13,1.88
2011.08.01 20:43:34.448,1.0968,1.09707,1.13,1.88
2011.08.01 20:43:48.007,1.09679,1.09704,1.13,1.35
2011.08.01 20:43:48.339,1.09679,1.09701,1.13,2.10
2011.08.01 20:43:49.367,1.09679,1.09701,1.13,2.10
2011.08.01 20:43:55.108,1.09679,1.097,1.88,1.50
2011.08.01 20:44:03.138,1.09679,1.09701,1.13,1.35
2011.08.01 20:44:03.259,1.09679,1.09701,1.13,1.35
2011.08.01 20:44:03.598,1.09679,1.09699,1.13,1.95
2011.08.01 20:44:04.222,1.09674,1.09698,1.50,1.50
2011.08.01 20:44:04.338,1.09672,1.09698,1.50,3.23
2011.08.01 20:44:04.460,1.09672,1.09692,1.50,3.00
2011.08.01 20:44:15.595,1.09672,1.09692,1.50,2.25
2011.08.01 20:44:59.499,1.09672,1.09692,1.50,2.25
2011.08.01 20:45:01.213,1.09672,1.09692,1.50,2.25
2011.08.01 20:45:01.777,1.09672,1.09692,1.50,2.25
2011.08.01 20:45:05.797,1.09669,1.09692,1.13,2.25
2011.08.01 20:45:26.454,1.09669,1.09692,1.13,2.25
2011.08.01 20:45:26.788,1.09684,1.09692,1.13,2.25
2011.08.01 20:45:27.397,1.09684,1.09692,1.13,2.25
2011.08.01 20:45:28.001,1.09684,1.09692,1.13,2.25
2011.08.01 20:45:29.719,1.09669,1.09692,1.13,2.25
2011.08.01 20:45:29.947,1.09669,1.09692,1.13,2.25
2011.08.01 20:45:34.097,1.09669,1.09692,1.13,2.25
2011.08.01 20:45:51.759,1.0967,1.09692,1.13,3.00
2011.08.01 20:45:52.758,1.0967,1.09692,1.13,2.25
2011.08.01 20:45:53.097,1.09669,1.09692,1.13,3.00
2011.08.01 20:46:00.770,1.09667,1.09691,1.13,1.13
2011.08.01 20:46:00.999,1.09666,1.09687,1.13,3.00
2011.08.01 20:46:01.121,1.09665,1.09687,1.50,3.00
2011.08.01 20:46:01.349,1.09665,1.09684,1.88,2.03
2011.08.01 20:46:01.689,1.09657,1.09677,1.51,2.25
2011.08.01 20:46:02.248,1.09657,1.09677,1.51,3.00
2011.08.01 20:46:02.765,1.09657,1.09677,1.51,3.00
2011.08.01 20:46:05.291,1.09657,1.09677,1.51,2.63
2011.08.01 20:46:05.520,1.09656,1.09676,1.51,1.88
2011.08.01 20:46:06.088,1.09659,1.09676,4.88,1.88
2011.08.01 20:46:06.608,1.09659,1.09676,4.88,1.88
2011.08.01 20:46:20.526,1.09662,1.0968,1.50,1.13
2011.08.01 20:46:20.645,1.09659,1.0968,4.88,1.88
2011.08.01 20:46:23.670,1.09662,1.09682,1.50,2.25
2011.08.01 20:46:24.119,1.09661,1.09682,1.50,3.00
2011.08.01 20:46:34.888,1.09661,1.09676,1.50,1.13
2011.08.01 20:46:35.423,1.0966,1.09674,1.13,1.13
2011.08.01 20:46:37.261,1.0966,1.09675,1.88,1.50
2011.08.01 20:46:37.820,1.0966,1.09675,1.50,1.50
2011.08.01 20:46:38.473,1.0966,1.09675,1.50,1.50
2011.08.01 20:46:41.259,1.0966,1.09675,1.50,1.50
2011.08.01 20:46:54.498,1.09661,1.09678,1.50,1.50
2011.08.01 20:47:01.207,1.09661,1.09678,1.50,1.50
2011.08.01 20:47:02.540,1.09661,1.09678,1.50,1.13
2011.08.01 20:47:03.078,1.09661,1.09676,1.50,1.50
2011.08.01 20:47:04.568,1.0966,1.09675,1.50,1.13
2011.08.01 20:47:06.063,1.09659,1.09675,1.13,1.13
2011.08.01 20:47:07.707,1.09659,1.09677,1.13,1.50
2011.08.01 20:47:12.798,1.09659,1.09679,1.13,1.13
2011.08.01 20:47:12.920,1.09659,1.09682,1.13,3.00
2011.08.01 20:47:13.149,1.09659,1.09682,1.13,2.25
2011.08.01 20:47:23.038,1.09666,1.09682,1.50,3.00
2011.08.01 20:47:23.490,1.09666,1.09685,1.50,1.20
2011.08.01 20:47:24.168,1.09666,1.09684,1.50,1.05
2011.08.01 20:47:24.528,1.09666,1.09685,1.50,1.20
2011.08.01 20:47:24.980,1.09666,1.09688,1.50,3.00
2011.08.01 20:47:30.424,1.09666,1.09688,1.50,3.00
2011.08.01 20:47:34.659,1.09668,1.09692,4.50,3.00
2011.08.01 20:47:34.778,1.09671,1.09692,1.50,3.00
2011.08.01 20:47:35.010,1.09671,1.09692,1.50,3.00
2011.08.01 20:47:35.790,1.09671,1.09692,1.50,3.00
2011.08.01 20:47:38.308,1.0968,1.09694,1.13,1.05
2011.08.01 20:47:39.429,1.09677,1.09695,1.13,1.35
2011.08.01 20:47:39.659,1.09671,1.09693,1.50,3.00
2011.08.01 20:47:39.890,1.09671,1.09693,1.50,3.00
2011.08.01 20:47:58.129,1.09671,1.09693,1.50,3.00
2011.08.01 20:48:14.889,1.09671,1.09688,1.50,1.50
2011.08.01 20:48:15.694,1.09671,1.09688,1.50,1.50
2011.08.01 20:48:16.568,1.0967,1.09687,1.50,1.50
2011.08.01 20:48:31.521,1.09671,1.09687,1.50,1.13
2011.08.01 20:48:31.640,1.09671,1.09695,1.50,3.00
2011.08.01 20:48:31.760,1.09671,1.09695,1.50,3.00
2011.08.01 20:48:32.609,1.09671,1.09692,1.50,1.13
2011.08.01 20:48:33.155,1.09671,1.09686,1.50,1.50
2011.08.01 20:48:33.758,1.09671,1.09686,1.50,1.50
2011.08.01 20:48:34.202,1.09666,1.09684,3.75,1.13
2011.08.01 20:48:35.963,1.09667,1.09693,1.50,1.50
2011.08.01 20:48:36.301,1.09667,1.09695,1.50,4.13
2011.08.01 20:48:37.949,1.09665,1.09683,1.13,2.25
2011.08.01 20:48:38.509,1.09662,1.09683,1.63,2.25
2011.08.01 20:48:40.470,1.09677,1.09683,1.50,2.25
2011.08.01 20:48:40.700,1.09675,1.09695,1.50,1.50
2011.08.01 20:48:40.819,1.09674,1.09698,2.63,3.00
2011.08.01 20:48:41.158,1.09671,1.09695,2.10,3.00
2011.08.01 20:48:46.213,1.09679,1.097,5.25,4.13
2011.08.01 20:48:46.338,1.09679,1.09701,5.25,1.13
2011.08.01 20:48:46.559,1.0968,1.09709,1.13,1.50
2011.08.01 20:48:46.680,1.09694,1.0971,4.50,1.13
2011.08.01 20:48:46.909,1.09698,1.0972,3.00,1.50
2011.08.01 20:48:47.031,1.09697,1.09717,1.50,1.50
2011.08.01 20:48:47.259,1.09698,1.0972,3.00,2.25
2011.08.01 20:48:49.051,1.09698,1.09717,3.00,1.50
2011.08.01 20:48:49.391,1.09691,1.097,1.50,2.25
2011.08.01 20:48:49.510,1.0968,1.097,1.13,3.00
2011.08.01 20:48:49.740,1.09679,1.09699,1.13,1.50
2011.08.01 20:48:50.190,1.09697,1.09715,1.50,1.13
2011.08.01 20:48:50.420,1.09698,1.09719,3.00,1.50
2011.08.01 20:48:50.979,1.09698,1.09719,3.00,1.50
2011.08.01 20:48:55.143,1.09692,1.09703,1.63,3.75
2011.08.01 20:48:55.264,1.09678,1.09703,1.50,3.75
2011.08.01 20:48:55.382,1.09684,1.09703,1.13,1.50
2011.08.01 20:48:55.721,1.09695,1.09708,1.50,1.50
2011.08.01 20:48:56.060,1.09697,1.0972,3.75,1.50
2011.08.01 20:48:56.510,1.09695,1.09716,1.13,2.08
2011.08.01 20:48:56.632,1.09695,1.09719,1.13,2.25
2011.08.01 20:48:56.859,1.09697,1.09717,3.00,1.13
2011.08.01 20:48:56.978,1.09697,1.0972,3.00,1.50
2011.08.01 20:48:59.481,1.09695,1.09713,1.13,1.50
2011.08.01 20:48:59.820,1.09697,1.09717,3.75,1.13
2011.08.01 20:49:00.525,1.09697,1.09719,3.75,1.50
2011.08.01 20:49:01.371,1.09697,1.09717,3.75,1.50
2011.08.01 20:49:01.598,1.09692,1.09712,1.50,1.50
2011.08.01 20:49:01.818,1.09687,1.09712,3.88,1.50
2011.08.01 20:49:05.972,1.09697,1.09713,1.50,2.25
2011.08.01 20:49:06.090,1.09697,1.09716,3.75,1.50
2011.08.01 20:49:06.209,1.09697,1.09719,3.75,1.50
2011.08.01 20:49:16.818,1.09697,1.09715,3.00,1.17
2011.08.01 20:49:17.170,1.09697,1.09715,3.75,1.17
2011.08.01 20:49:19.948,1.09697,1.09715,3.75,1.92
2011.08.01 20:49:35.309,1.09697,1.0972,3.75,1.35
2011.08.01 20:49:35.648,1.09697,1.0972,3.75,1.35
2011.08.01 20:49:36.443,1.09697,1.0972,3.75,1.35
2011.08.01 20:49:38.801,1.09697,1.09714,3.00,2.10
2011.08.01 20:49:39.032,1.09692,1.09714,1.50,1.50
2011.08.01 20:49:39.152,1.09697,1.09716,3.00,1.13
2011.08.01 20:49:39.271,1.09697,1.0972,3.75,1.50
2011.08.01 20:49:43.009,1.09697,1.0972,3.75,1.50
2011.08.01 20:49:45.968,1.09697,1.0972,3.75,1.50
2011.08.01 20:49:46.517,1.09697,1.0972,3.75,1.50
2011.08.01 20:49:48.780,1.09697,1.0972,3.75,1.50
2011.08.01 20:49:55.589,1.09697,1.0972,3.75,1.50
2011.08.01 20:50:05.302,1.09697,1.0972,3.75,1.50
2011.08.01 20:50:05.529,1.09697,1.09717,3.75,1.05
2011.08.01 20:50:06.154,1.09697,1.09717,3.75,1.05
2011.08.01 20:50:26.679,1.09697,1.09714,2.26,1.50
2011.08.01 20:50:27.019,1.09686,1.09714,1.50,1.73
2011.08.01 20:50:27.138,1.09686,1.09714,1.50,1.73
2011.08.01 20:50:27.814,1.09686,1.09714,1.50,1.73
2011.08.01 20:50:29.708,1.09686,1.09714,1.50,1.73
2011.08.01 20:50:31.119,1.09686,1.09714,1.50,1.73
2011.08.01 20:50:32.365,1.09686,1.09714,1.50,1.73
2011.08.01 20:50:32.809,1.09686,1.09714,1.50,1.73
2011.08.01 20:50:37.409,1.09686,1.09714,1.50,1.73
2011.08.01 20:50:39.809,1.09686,1.09714,1.50,1.73
2011.08.01 20:50:40.249,1.09695,1.09715,1.50,1.13
2011.08.01 20:50:40.478,1.09697,1.0972,3.75,1.50
2011.08.01 20:50:41.228,1.09697,1.0972,3.75,1.50
2011.08.01 20:50:41.891,1.09697,1.09718,3.75,1.48
2011.08.01 20:50:42.228,1.09686,1.09705,1.50,1.05
2011.08.01 20:50:42.448,1.09686,1.09706,1.50,1.05
2011.08.01 20:50:42.998,1.09686,1.09705,1.50,1.05
2011.08.01 20:50:43.593,1.09686,1.09705,1.50,1.05
2011.08.01 20:50:43.818,1.09686,1.09705,1.50,1.05
2011.08.01 20:50:45.798,1.09686,1.09706,1.50,1.05
2011.08.01 20:50:47.872,1.09686,1.09705,1.50,1.05
2011.08.01 20:50:49.058,1.09686,1.09705,1.50,1.05
2011.08.01 20:50:51.398,1.09686,1.09705,1.50,1.05
2011.08.01 20:50:51.950,1.09695,1.09715,1.50,1.13
2011.08.01 20:50:52.289,1.09698,1.0972,3.00,1.50
2011.08.01 20:50:52.837,1.09698,1.09715,3.00,1.05
2011.08.01 20:50:53.387,1.09698,1.09715,3.00,1.35
2011.08.01 20:50:53.959,1.09698,1.09715,3.00,1.05
2011.08.01 20:50:54.480,1.09698,1.09715,3.00,1.05
2011.08.01 20:50:55.447,1.09698,1.09715,3.00,1.05
2011.08.01 20:51:06.380,1.09698,1.09715,3.00,1.05
2011.08.01 20:51:06.920,1.09698,1.09715,3.00,1.05
2011.08.01 20:51:09.659,1.09698,1.09718,3.00,1.35
2011.08.01 20:51:09.889,1.09698,1.0972,3.00,1.50
2011.08.01 20:51:11.349,1.09698,1.0972,3.00,1.50
2011.08.01 20:51:15.799,1.09698,1.09722,3.00,3.75
2011.08.01 20:51:16.479,1.09698,1.09722,3.00,3.75
2011.08.01 20:51:16.810,1.09696,1.09716,1.50,1.86
2011.08.01 20:51:16.931,1.09697,1.09716,1.50,3.33
2011.08.01 20:51:17.050,1.09687,1.09713,1.50,1.65
2011.08.01 20:51:17.844,1.09687,1.09713,1.50,1.65
2011.08.01 20:51:18.388,1.09687,1.09713,1.50,1.65
2011.08.01 20:51:19.101,1.09697,1.09715,3.00,1.67
2011.08.01 20:51:19.450,1.09697,1.09716,3.75,1.56
2011.08.01 20:51:20.449,1.09697,1.0972,3.75,1.50
2011.08.01 20:51:20.678,1.09697,1.0972,3.75,1.50
2011.08.01 20:51:23.889,1.09697,1.09717,3.75,1.35
2011.08.01 20:51:24.009,1.09697,1.09715,3.75,1.35
2011.08.01 20:51:25.238,1.09697,1.09715,3.00,1.35
2011.08.01 20:51:25.570,1.09697,1.09715,3.00,1.28
2011.08.01 20:51:28.189,1.09697,1.09716,3.75,2.80
2011.08.01 20:51:28.307,1.09697,1.09716,3.75,2.25
2011.08.01 20:51:28.859,1.09697,1.09714,3.75,1.05
2011.08.01 20:51:31.114,1.09697,1.09716,3.75,1.35
2011.08.01 20:51:31.768,1.09697,1.09716,3.75,1.35
2011.08.01 20:51:34.069,1.09697,1.09715,3.75,1.05
2011.08.01 20:51:34.628,1.09697,1.09717,3.75,1.35
2011.08.01 20:51:36.852,1.09697,1.09718,3.75,1.35
2011.08.01 20:51:37.189,1.09697,1.09723,3.75,4.50
2011.08.01 20:52:37.073,1.09697,1.09723,2.26,3.75
2011.08.01 20:52:58.826,1.09697,1.09723,2.26,3.75
2011.08.01 20:53:02.913,1.09697,1.09722,3.01,1.50
2011.08.01 20:53:24.360,1.09698,1.09722,1.20,1.50
2011.08.01 20:53:24.920,1.09698,1.09719,1.20,2.25
2011.08.01 20:53:25.681,1.09698,1.09719,1.20,1.50
2011.08.01 20:53:29.528,1.09698,1.09719,1.20,1.50
2011.08.01 20:53:29.748,1.09698,1.09719,1.20,1.50
2011.08.01 20:53:32.029,1.09698,1.09719,1.20,1.50
2011.08.01 20:53:36.228,1.09699,1.09715,1.20,1.05
2011.08.01 20:53:42.190,1.09699,1.09719,1.20,1.65
2011.08.01 20:53:42.419,1.09699,1.09719,1.20,1.50
2011.08.01 20:54:05.009,1.09697,1.09719,1.20,1.50
2011.08.01 20:54:05.569,1.09691,1.09719,3.83,1.50
2011.08.01 20:54:07.149,1.09691,1.09719,3.83,1.50
2011.08.01 20:54:26.389,1.09691,1.0972,3.00,3.38
2011.08.01 20:54:26.609,1.09691,1.0972,3.00,3.38
2011.08.01 20:54:32.448,1.09691,1.0972,3.00,3.38
2011.08.01 20:54:39.175,1.09696,1.0972,1.50,3.38
2011.08.01 20:54:39.401,1.09695,1.0972,1.50,3.38
2011.08.01 20:54:39.741,1.09694,1.09718,1.88,1.50
2011.08.01 20:54:40.189,1.09692,1.09718,1.50,1.50
2011.08.01 20:55:02.920,1.09692,1.09718,1.50,1.50
2011.08.01 20:55:03.370,1.09692,1.09718,1.50,1.50
2011.08.01 20:55:23.799,1.09692,1.09718,1.50,1.50
2011.08.01 20:55:24.138,1.09692,1.09716,1.50,1.41
2011.08.01 20:55:38.718,1.09692,1.09716,1.50,1.47
2011.08.01 20:55:40.298,1.09691,1.09717,3.00,1.54
2011.08.01 20:56:09.378,1.09691,1.09709,3.00,1.05
2011.08.01 20:56:10.368,1.09691,1.09709,3.00,1.05
2011.08.01 20:56:11.410,1.09691,1.09705,2.25,1.05
2011.08.01 20:56:11.641,1.09687,1.09705,3.76,1.05
2011.08.01 20:56:12.335,1.09687,1.09705,3.76,1.05
2011.08.01 20:56:34.769,1.09687,1.09705,3.76,1.05
2011.08.01 20:56:37.188,1.09687,1.09705,3.76,1.05
2011.08.01 20:56:40.293,1.09687,1.09705,3.76,1.05
2011.08.01 20:56:40.944,1.09687,1.09705,3.76,1.05
2011.08.01 20:56:43.609,1.09687,1.09705,3.76,1.05
2011.08.01 20:56:47.001,1.09687,1.09705,3.76,1.05
2011.08.01 20:57:01.470,1.09687,1.09705,3.75,1.05
2011.08.01 20:57:04.618,1.09687,1.09706,3.76,1.05
2011.08.01 20:57:06.488,1.09687,1.09706,3.76,1.05
2011.08.01 20:57:07.500,1.09687,1.09706,3.76,1.05
2011.08.01 20:57:11.433,1.09687,1.09713,2.26,2.55
2011.08.01 20:57:25.710,1.09687,1.09713,2.25,2.55
2011.08.01 20:57:40.429,1.09687,1.09713,2.25,2.55
2011.08.01 20:57:55.888,1.09687,1.09706,3.75,1.05
2011.08.01 20:58:05.247,1.09687,1.09706,3.75,1.05
2011.08.01 20:58:15.397,1.09687,1.09706,3.00,1.05
2011.08.01 20:58:18.007,1.0969,1.09706,1.88,1.05
2011.08.01 20:58:19.849,1.09688,1.09706,1.13,1.05
2011.08.01 20:58:21.198,1.09691,1.0971,1.50,1.05
2011.08.01 20:58:21.747,1.09693,1.0971,1.13,1.05
2011.08.01 20:58:24.158,1.09693,1.0971,1.13,1.05
2011.08.01 20:58:24.860,1.09693,1.0971,1.13,1.05
2011.08.01 20:58:25.668,1.09697,1.09713,1.50,1.05
2011.08.01 20:58:26.376,1.09698,1.09714,3.00,1.05
2011.08.01 20:58:27.042,1.09698,1.09714,3.00,1.05
2011.08.01 20:58:41.925,1.09698,1.09714,3.00,1.05
2011.08.01 20:58:44.646,1.09698,1.09714,3.00,1.05
2011.08.01 20:58:47.657,1.09698,1.09717,3.00,1.20
2011.08.01 20:58:47.877,1.09698,1.09722,3.00,3.00
2011.08.01 20:58:55.678,1.09698,1.09722,3.00,3.00
2011.08.01 20:58:56.946,1.09698,1.0972,3.00,1.13
2011.08.01 20:59:03.516,1.09698,1.09714,2.25,0.15
2011.08.01 20:59:15.496,1.09698,1.09722,2.25,2.25
2011.08.01 20:59:16.636,1.09698,1.09715,2.25,0.15
2011.08.01 20:59:18.825,1.09698,1.09714,2.25,0.15
2011.08.01 20:59:20.437,1.09698,1.09722,2.25,2.25
2011.08.01 20:59:26.636,1.09698,1.09715,3.00,0.30
2011.08.01 20:59:37.226,1.09698,1.09714,3.00,0.15
2011.08.01 20:59:47.906,1.09698,1.09722,3.00,2.25
