2009.10.08 18:00:01.416,0.90671,0.90689,0.89,0.72
2009.10.08 18:00:03.067,0.90666,0.90684,1.40,1.50
2009.10.08 18:00:06.482,0.90661,0.90679,0.73,2.50
2009.10.08 18:00:07.142,0.90657,0.90674,1.70,0.84
2009.10.08 18:00:11.029,0.90656,0.90674,1.00,1.10
2009.10.08 18:00:11.281,0.90651,0.90669,1.20,1.60
2009.10.08 18:00:11.388,0.90653,0.90669,0.59,0.82
2009.10.08 18:00:11.664,0.90651,0.90669,1.60,2.60
2009.10.08 18:00:11.792,0.90653,0.90669,2.50,3.40
2009.10.08 18:00:11.941,0.90651,0.90669,2.00,0.68
2009.10.08 18:00:23.134,0.90654,0.90669,0.54,1.40
2009.10.08 18:00:23.343,0.90656,0.90674,2.00,1.80
2009.10.08 18:00:23.671,0.90661,0.90679,1.20,0.89
2009.10.08 18:00:23.949,0.90656,0.90674,1.70,1.00
2009.10.08 18:00:49.572,0.90651,0.90669,0.63,1.20
2009.10.08 18:00:54.527,0.90656,0.90674,0.45,0.69
2009.10.08 18:01:00.521,0.90651,0.90669,2.30,2.00
2009.10.08 18:01:04.380,0.90646,0.90664,2.00,1.70
2009.10.08 18:01:07.180,0.90651,0.90669,1.10,1.50
2009.10.08 18:01:34.200,0.90646,0.90664,1.70,2.00
2009.10.08 18:01:35.122,0.90651,0.90669,0.90,0.42
2009.10.08 18:01:35.591,0.90639,0.90654,0.44,0.90
2009.10.08 18:01:35.971,0.90636,0.90654,1.20,0.78
2009.10.08 18:01:36.261,0.90631,0.90649,2.10,0.97
2009.10.08 18:01:36.922,0.90626,0.90644,0.92,2.10
2009.10.08 18:01:47.741,0.90621,0.90639,1.20,0.40
2009.10.08 18:01:50.090,0.90624,0.90639,1.80,1.30
2009.10.08 18:01:50.470,0.90626,0.90642,3.20,0.47
2009.10.08 18:01:50.986,0.90621,0.90639,1.50,0.89
2009.10.08 18:02:01.627,0.90616,0.90634,0.59,1.60
2009.10.08 18:02:04.590,0.90621,0.90636,0.85,0.83
2009.10.08 18:02:07.084,0.90616,0.90634,0.84,1.70
2009.10.08 18:02:07.643,0.90609,0.90624,0.50,0.55
2009.10.08 18:02:07.966,0.90606,0.90624,1.30,0.82
2009.10.08 18:02:08.243,0.90601,0.90619,2.00,0.73
2009.10.08 18:02:08.562,0.90596,0.90614,1.30,2.60
2009.10.08 18:02:08.803,0.90601,0.90619,0.96,5.50
2009.10.08 18:02:48.206,0.90593,0.90609,1.30,0.70
2009.10.08 18:02:48.348,0.90591,0.90609,1.20,0.65
2009.10.08 18:02:48.566,0.90596,0.90614,1.90,0.74
2009.10.08 18:02:48.896,0.90591,0.90609,0.59,0.64
2009.10.08 18:02:49.129,0.90593,0.90609,1.70,0.58
2009.10.08 18:02:49.618,0.90596,0.90614,0.55,0.92
2009.10.08 18:02:49.918,0.90591,0.90609,1.20,1.80
2009.10.08 18:03:04.154,0.90586,0.90604,1.20,1.00
2009.10.08 18:03:05.234,0.90591,0.90609,0.38,1.20
2009.10.08 18:03:05.820,0.90586,0.90604,1.10,0.37
2009.10.08 18:03:09.291,0.90581,0.90599,1.40,1.50
2009.10.08 18:03:10.168,0.90586,0.90604,1.50,0.78
2009.10.08 18:03:10.299,0.90596,0.90607,0.85,1.70
2009.10.08 18:03:10.446,0.90589,0.90599,0.72,1.10
2009.10.08 18:03:10.763,0.90581,0.90599,2.20,0.51
2009.10.08 18:03:10.938,0.90586,0.90604,1.40,1.90
2009.10.08 18:03:20.192,0.90581,0.90599,0.47,0.50
2009.10.08 18:03:23.164,0.90584,0.90599,0.21,2.50
2009.10.08 18:03:23.562,0.90586,0.90604,0.86,0.81
2009.10.08 18:03:25.541,0.90581,0.90599,0.59,1.50
2009.10.08 18:03:26.400,0.90586,0.90604,0.41,0.82
2009.10.08 18:03:39.926,0.90591,0.90609,0.98,0.90
2009.10.08 18:03:40.701,0.90586,0.90604,1.50,1.50
2009.10.08 18:03:47.683,0.90591,0.90609,0.35,1.30
2009.10.08 18:03:55.359,0.90586,0.90604,1.60,0.96
2009.10.08 18:04:24.860,0.90581,0.90599,1.80,0.57
2009.10.08 18:04:25.630,0.90586,0.90604,2.00,1.00
2009.10.08 18:04:37.767,0.90581,0.90599,1.40,1.30
2009.10.08 18:05:38.173,0.90576,0.90594,3.10,5.00
2009.10.08 18:05:38.989,0.90571,0.90589,1.70,1.30
2009.10.08 18:05:46.414,0.90574,0.90589,2.50,2.60
2009.10.08 18:05:46.990,0.90576,0.90594,0.65,0.80
2009.10.08 18:05:53.124,0.90581,0.90594,1.40,0.94
2009.10.08 18:05:53.273,0.90586,0.90599,1.20,1.30
2009.10.08 18:05:53.745,0.90581,0.90599,1.40,2.00
2009.10.08 18:05:53.779,0.90586,0.90599,2.00,0.74
2009.10.08 18:05:54.821,0.90591,0.90604,0.69,2.50
2009.10.08 18:05:56.173,0.90581,0.90599,1.20,0.47
2009.10.08 18:05:56.354,0.90586,0.90599,1.50,0.94
2009.10.08 18:05:56.676,0.90591,0.90604,1.00,1.30
2009.10.08 18:05:59.492,0.90596,0.90604,1.00,1.10
2009.10.08 18:05:59.734,0.90591,0.90604,0.74,1.70
2009.10.08 18:06:00.023,0.90596,0.90609,1.00,0.94
2009.10.08 18:06:00.087,0.90591,0.90609,0.99,0.28
2009.10.08 18:06:00.246,0.90596,0.90612,1.00,4.00
2009.10.08 18:06:00.251,0.90601,0.90612,3.40,1.30
2009.10.08 18:06:00.369,0.90596,0.90614,0.89,0.71
2009.10.08 18:06:00.460,0.90601,0.90614,1.20,0.94
2009.10.08 18:06:00.556,0.90596,0.90614,0.65,1.10
2009.10.08 18:06:00.612,0.90591,0.90609,2.10,1.10
2009.10.08 18:06:00.666,0.90596,0.90609,0.46,2.00
2009.10.08 18:06:00.772,0.90591,0.90609,1.60,0.43
2009.10.08 18:06:00.908,0.90596,0.90609,1.00,1.20
2009.10.08 18:06:00.984,0.90601,0.90609,0.72,0.80
2009.10.08 18:06:01.053,0.90596,0.90614,0.60,0.46
2009.10.08 18:06:01.334,0.90591,0.90609,0.74,1.70
2009.10.08 18:06:01.427,0.90596,0.90609,0.51,1.40
2009.10.08 18:06:01.758,0.90591,0.90609,1.30,1.90
2009.10.08 18:06:01.848,0.90596,0.90609,0.68,0.75
2009.10.08 18:06:03.190,0.90591,0.90609,2.00,1.60
2009.10.08 18:06:03.500,0.90586,0.90604,3.10,1.40
2009.10.08 18:06:04.204,0.90596,0.90604,0.74,2.60
2009.10.08 18:06:04.699,0.90601,0.90613,0.92,0.65
2009.10.08 18:06:05.088,0.90596,0.90613,2.10,0.14
2009.10.08 18:06:05.191,0.90589,0.90604,1.00,0.96
2009.10.08 18:06:05.419,0.90586,0.90604,2.10,0.98
2009.10.08 18:06:05.549,0.90591,0.90604,0.75,1.60
2009.10.08 18:06:05.818,0.90586,0.90604,1.00,1.50
2009.10.08 18:06:05.932,0.90591,0.90604,1.40,0.77
2009.10.08 18:06:06.653,0.90596,0.90609,1.30,0.70
2009.10.08 18:06:07.720,0.90591,0.90609,0.71,3.00
2009.10.08 18:06:09.208,0.90596,0.90609,0.25,1.10
2009.10.08 18:06:13.133,0.90591,0.90609,0.62,2.10
2009.10.08 18:06:13.586,0.90596,0.90609,1.00,0.91
2009.10.08 18:06:13.978,0.90591,0.90609,0.83,0.64
2009.10.08 18:06:18.591,0.90596,0.90609,0.74,2.00
2009.10.08 18:06:19.166,0.90591,0.90609,0.61,1.60
2009.10.08 18:06:19.665,0.90596,0.90609,2.90,3.60
2009.10.08 18:06:34.842,0.90591,0.90609,1.40,2.00
2009.10.08 18:06:35.541,0.90596,0.90614,0.93,1.10
2009.10.08 18:06:36.346,0.90591,0.90609,0.75,1.20
2009.10.08 18:06:37.689,0.90596,0.90609,0.34,1.20
2009.10.08 18:06:43.833,0.90591,0.90609,0.94,0.68
2009.10.08 18:06:45.311,0.90596,0.90609,1.80,0.60
2009.10.08 18:06:47.203,0.90591,0.90609,2.00,0.97
2009.10.08 18:06:52.863,0.90606,0.90609,0.60,2.20
2009.10.08 18:06:53.177,0.90596,0.90609,0.87,1.10
2009.10.08 18:07:00.228,0.90606,0.90622,2.00,0.87
2009.10.08 18:07:00.602,0.90601,0.90619,0.43,1.20
2009.10.08 18:07:02.201,0.90594,0.90609,0.59,0.41
2009.10.08 18:07:02.350,0.90591,0.90609,0.90,1.60
2009.10.08 18:07:02.529,0.90594,0.90609,1.40,0.89
2009.10.08 18:07:02.881,0.90596,0.90614,0.28,0.44
2009.10.08 18:07:05.497,0.90601,0.90619,1.20,3.80
2009.10.08 18:07:05.992,0.90596,0.90614,0.84,0.55
2009.10.08 18:07:18.572,0.90601,0.90619,1.20,1.70
2009.10.08 18:07:24.167,0.90604,0.90619,2.20,0.43
2009.10.08 18:07:24.266,0.90603,0.90619,0.97,2.50
2009.10.08 18:07:24.454,0.90611,0.90619,0.56,1.50
2009.10.08 18:07:24.607,0.90616,0.90629,1.50,1.60
2009.10.08 18:07:24.936,0.90611,0.90629,0.66,1.90
2009.10.08 18:07:25.290,0.90616,0.90634,1.30,1.70
2009.10.08 18:07:30.515,0.90611,0.90629,0.99,1.10
2009.10.08 18:07:31.962,0.90616,0.90629,0.90,1.40
2009.10.08 18:07:36.532,0.90606,0.90624,1.50,1.70
2009.10.08 18:07:39.590,0.90611,0.90624,1.10,0.79
2009.10.08 18:07:46.964,0.90606,0.90624,2.50,1.50
2009.10.08 18:07:50.153,0.90611,0.90624,4.00,0.93
2009.10.08 18:07:50.502,0.90616,0.90629,0.40,0.95
2009.10.08 18:07:50.884,0.90611,0.90629,1.90,1.60
2009.10.08 18:07:53.483,0.90606,0.90624,0.54,1.80
2009.10.08 18:08:07.259,0.90601,0.90619,1.90,1.30
2009.10.08 18:08:07.905,0.90606,0.90619,1.60,1.10
2009.10.08 18:08:16.388,0.90599,0.90614,0.80,0.60
2009.10.08 18:08:16.923,0.90601,0.90614,2.70,0.99
2009.10.08 18:08:17.119,0.90596,0.90614,2.00,0.67
2009.10.08 18:08:17.370,0.90601,0.90614,1.70,0.59
2009.10.08 18:08:17.731,0.90596,0.90614,0.70,1.30
2009.10.08 18:08:17.986,0.90601,0.90614,1.70,2.00
2009.10.08 18:08:21.056,0.90606,0.90624,0.60,0.98
2009.10.08 18:08:23.233,0.90601,0.90619,2.00,0.63
2009.10.08 18:08:24.053,0.90596,0.90614,1.60,0.29
2009.10.08 18:08:24.396,0.90601,0.90614,1.30,1.30
2009.10.08 18:08:24.531,0.90596,0.90614,0.99,1.30
2009.10.08 18:08:24.799,0.90601,0.90614,1.70,1.10
2009.10.08 18:08:27.258,0.90591,0.90609,0.58,0.59
2009.10.08 18:08:28.232,0.90586,0.90604,0.67,1.10
2009.10.08 18:08:28.510,0.90581,0.90599,0.78,1.20
2009.10.08 18:08:29.724,0.90586,0.90604,1.50,2.30
2009.10.08 18:08:34.094,0.90581,0.90599,1.70,0.75
2009.10.08 18:08:34.581,0.90576,0.90594,0.79,2.00
2009.10.08 18:08:34.849,0.90581,0.90598,3.70,1.10
2009.10.08 18:08:35.098,0.90586,0.906,0.28,0.82
2009.10.08 18:09:00.522,0.90591,0.90604,0.76,0.95
2009.10.08 18:09:07.408,0.90596,0.90609,0.70,0.79
2009.10.08 18:09:08.109,0.90591,0.90609,2.60,0.61
2009.10.08 18:09:10.928,0.90586,0.90602,0.69,1.20
2009.10.08 18:09:12.418,0.90591,0.90604,1.30,0.36
2009.10.08 18:09:14.108,0.90586,0.90601,0.88,0.98
2009.10.08 18:09:18.167,0.90581,0.90592,0.79,1.10
2009.10.08 18:09:19.332,0.90576,0.90592,0.83,1.40
2009.10.08 18:09:20.497,0.90581,0.90596,1.30,0.38
2009.10.08 18:09:20.832,0.90576,0.90594,0.76,1.40
2009.10.08 18:09:22.496,0.90581,0.90599,1.40,0.85
2009.10.08 18:09:27.570,0.90576,0.90594,1.10,0.59
2009.10.08 18:09:29.281,0.90566,0.90584,0.64,1.50
2009.10.08 18:09:30.391,0.90571,0.90589,0.51,0.67
2009.10.08 18:09:33.167,0.90566,0.90584,1.70,0.78
2009.10.08 18:09:35.561,0.90571,0.90589,0.80,1.70
2009.10.08 18:09:36.681,0.90566,0.90584,2.90,2.40
2009.10.08 18:09:37.318,0.90561,0.90579,1.70,1.10
2009.10.08 18:09:37.547,0.90556,0.90574,0.74,0.38
2009.10.08 18:09:38.214,0.90561,0.90579,1.20,0.38
2009.10.08 18:09:38.511,0.90566,0.90584,0.89,0.29
2009.10.08 18:09:38.905,0.90561,0.90579,0.99,2.30
2009.10.08 18:09:42.985,0.90566,0.90584,0.65,0.66
2009.10.08 18:09:54.428,0.90571,0.90584,0.43,0.75
2009.10.08 18:09:58.105,0.90572,0.90589,0.85,1.30
2009.10.08 18:09:58.272,0.90579,0.90589,0.94,0.80
2009.10.08 18:09:58.429,0.90586,0.90589,1.10,0.97
2009.10.08 18:09:58.643,0.90579,0.90594,1.40,1.40
2009.10.08 18:09:58.954,0.90576,0.90594,0.84,3.00
2009.10.08 18:10:01.866,0.90581,0.90594,1.30,1.70
2009.10.08 18:10:07.720,0.90586,0.90599,0.85,0.61
2009.10.08 18:10:15.255,0.90591,0.90604,1.60,0.88
2009.10.08 18:10:16.936,0.90586,0.90604,0.29,0.70
2009.10.08 18:10:21.455,0.90596,0.90604,4.00,0.74
2009.10.08 18:10:21.941,0.90606,0.90614,0.94,1.20
2009.10.08 18:10:22.312,0.90601,0.90619,1.40,1.30
2009.10.08 18:10:22.511,0.90606,0.90619,0.40,1.10
2009.10.08 18:10:23.906,0.90601,0.90619,0.69,1.60
2009.10.08 18:10:33.260,0.90596,0.90614,0.98,0.95
2009.10.08 18:10:33.649,0.90601,0.90614,1.60,0.90
2009.10.08 18:10:37.839,0.90606,0.90619,1.30,0.29
2009.10.08 18:10:41.081,0.90611,0.90624,1.40,0.93
2009.10.08 18:10:49.155,0.90606,0.90624,0.89,1.00
2009.10.08 18:11:04.671,0.90601,0.90619,1.90,1.70
2009.10.08 18:11:05.153,0.90596,0.90614,1.00,0.60
2009.10.08 18:11:05.279,0.9059,0.90604,1.30,1.10
2009.10.08 18:11:05.562,0.90586,0.90604,0.81,0.56
2009.10.08 18:11:05.672,0.90594,0.90604,0.82,1.10
2009.10.08 18:11:05.870,0.90586,0.90604,3.60,1.40
2009.10.08 18:11:07.600,0.90581,0.90599,0.95,0.60
2009.10.08 18:11:08.018,0.90586,0.90604,1.20,0.96
2009.10.08 18:11:11.754,0.90591,0.90608,3.50,1.40
2009.10.08 18:11:15.128,0.90596,0.90614,0.64,1.40
2009.10.08 18:11:19.534,0.90601,0.90619,1.80,0.87
2009.10.08 18:11:20.429,0.90606,0.90624,0.24,1.10
2009.10.08 18:11:21.983,0.90601,0.90619,1.20,1.20
2009.10.08 18:11:24.296,0.90606,0.90624,0.87,0.26
2009.10.08 18:11:25.580,0.90601,0.90619,0.59,1.80
2009.10.08 18:11:35.165,0.90598,0.90614,1.50,1.00
2009.10.08 18:11:35.702,0.90596,0.90614,0.63,0.42
2009.10.08 18:11:36.439,0.90591,0.90609,0.98,0.54
2009.10.08 18:11:36.640,0.90586,0.90604,2.10,0.51
2009.10.08 18:11:37.405,0.90591,0.90609,2.80,0.91
2009.10.08 18:11:40.290,0.90586,0.90604,1.60,1.50
2009.10.08 18:11:40.566,0.90581,0.90599,0.78,0.53
2009.10.08 18:11:41.905,0.90576,0.90594,1.20,0.71
2009.10.08 18:11:44.559,0.90581,0.90599,0.92,0.33
2009.10.08 18:11:45.947,0.90586,0.90604,3.10,0.90
2009.10.08 18:12:09.906,0.90591,0.90609,0.58,1.50
2009.10.08 18:12:12.223,0.90596,0.90614,1.50,0.33
2009.10.08 18:12:13.369,0.90591,0.90609,0.64,0.63
2009.10.08 18:12:15.199,0.90596,0.90614,1.00,3.80
2009.10.08 18:12:25.378,0.90591,0.90609,0.65,2.70
2009.10.08 18:12:39.337,0.90596,0.90609,1.90,1.80
2009.10.08 18:12:40.348,0.90611,0.90614,0.95,0.81
2009.10.08 18:12:40.742,0.90601,0.90619,1.20,1.40
2009.10.08 18:13:06.777,0.90596,0.90614,0.56,0.53
2009.10.08 18:13:12.021,0.90601,0.90614,1.30,0.67
2009.10.08 18:13:37.765,0.90596,0.90614,2.30,1.10
2009.10.08 18:13:40.780,0.90591,0.90609,0.92,1.90
2009.10.08 18:13:44.929,0.90596,0.90609,0.50,0.74
2009.10.08 18:13:52.243,0.90591,0.90609,1.00,1.10
2009.10.08 18:13:54.158,0.90586,0.90604,0.64,1.20
2009.10.08 18:13:57.063,0.90584,0.90599,0.74,0.81
2009.10.08 18:13:57.414,0.90581,0.90599,1.20,0.54
2009.10.08 18:13:57.554,0.90576,0.90594,1.20,1.80
2009.10.08 18:13:57.891,0.90566,0.90584,2.20,4.40
2009.10.08 18:13:59.415,0.90571,0.90589,0.99,0.44
2009.10.08 18:13:59.721,0.90566,0.90584,1.30,0.52
2009.10.08 18:14:00.237,0.90561,0.90579,1.70,1.40
2009.10.08 18:14:00.371,0.90562,0.90579,0.83,1.10
2009.10.08 18:14:00.869,0.90566,0.90584,0.81,0.63
2009.10.08 18:14:01.090,0.90568,0.90584,0.63,2.10
2009.10.08 18:14:01.351,0.90576,0.90594,1.10,0.32
2009.10.08 18:14:01.976,0.90571,0.90589,0.62,2.10
2009.10.08 18:14:06.110,0.90574,0.90589,2.50,0.99
2009.10.08 18:14:06.367,0.90575,0.90589,0.65,1.20
2009.10.08 18:14:06.496,0.90581,0.90599,1.10,1.10
2009.10.08 18:14:06.616,0.90586,0.90604,0.78,2.60
2009.10.08 18:14:06.968,0.90581,0.90599,0.60,1.80
2009.10.08 18:14:10.396,0.90586,0.90604,1.30,2.40
2009.10.08 18:14:10.799,0.90581,0.90599,0.42,0.60
2009.10.08 18:14:13.041,0.90576,0.90594,2.00,3.30
2009.10.08 18:14:14.061,0.90574,0.90584,0.30,0.36
2009.10.08 18:14:14.196,0.90571,0.90584,0.48,1.60
2009.10.08 18:14:14.325,0.90568,0.90584,0.98,1.10
2009.10.08 18:14:14.484,0.90567,0.90584,0.78,0.89
2009.10.08 18:14:14.652,0.90566,0.90584,2.30,0.78
2009.10.08 18:14:14.762,0.90563,0.90579,1.90,0.81
2009.10.08 18:14:14.939,0.90561,0.90579,0.82,2.10
2009.10.08 18:14:15.027,0.90566,0.90584,1.30,0.94
2009.10.08 18:14:15.592,0.90571,0.90589,0.78,1.70
2009.10.08 18:14:15.802,0.90566,0.90584,0.42,1.30
2009.10.08 18:14:16.373,0.90571,0.90589,0.66,0.93
2009.10.08 18:14:22.073,0.90573,0.90589,1.80,2.00
2009.10.08 18:14:22.389,0.90574,0.90589,1.20,0.39
2009.10.08 18:14:22.480,0.90576,0.90594,0.80,1.50
2009.10.08 18:14:22.645,0.90577,0.90594,1.90,0.83
2009.10.08 18:14:22.866,0.90581,0.90599,0.88,1.80
2009.10.08 18:14:34.302,0.90576,0.90594,1.00,1.10
2009.10.08 18:14:39.173,0.90571,0.90589,0.82,0.93
2009.10.08 18:14:39.618,0.90566,0.90584,0.71,0.32
2009.10.08 18:14:39.728,0.90561,0.90579,1.10,0.65
2009.10.08 18:14:46.936,0.90566,0.90584,2.60,0.59
2009.10.08 18:14:47.281,0.90561,0.90579,1.60,0.75
2009.10.08 18:14:54.487,0.90556,0.90574,1.30,0.41
2009.10.08 18:15:03.140,0.90561,0.90574,0.65,0.30
2009.10.08 18:15:03.665,0.90566,0.90581,1.20,0.33
2009.10.08 18:15:03.759,0.90561,0.90579,1.00,1.10
2009.10.08 18:15:06.477,0.90562,0.90579,0.50,1.60
2009.10.08 18:15:06.936,0.90566,0.90584,0.57,2.20
2009.10.08 18:15:18.256,0.90571,0.90584,1.30,0.27
2009.10.08 18:15:30.207,0.90566,0.90584,1.20,0.58
2009.10.08 18:15:31.161,0.90571,0.90584,1.20,0.69
2009.10.08 18:15:35.808,0.90576,0.90594,0.95,1.30
2009.10.08 18:15:37.055,0.90571,0.90589,1.90,1.20
2009.10.08 18:15:38.046,0.90576,0.90589,0.63,2.00
2009.10.08 18:15:38.447,0.90571,0.90589,0.36,0.55
2009.10.08 18:15:38.746,0.90576,0.90589,0.62,0.81
2009.10.08 18:15:38.911,0.90571,0.90589,1.00,0.75
2009.10.08 18:15:39.404,0.90576,0.90589,0.91,2.00
2009.10.08 18:15:39.735,0.90571,0.90589,1.80,0.60
2009.10.08 18:15:40.061,0.90573,0.90589,1.30,1.60
2009.10.08 18:15:40.449,0.90576,0.90589,1.20,0.50
2009.10.08 18:15:40.746,0.90581,0.90594,0.79,0.61
2009.10.08 18:15:41.090,0.90586,0.90599,0.37,1.80
2009.10.08 18:15:41.917,0.90581,0.90599,0.49,1.50
2009.10.08 18:15:43.125,0.90584,0.90599,1.60,1.90
2009.10.08 18:15:43.636,0.90591,0.90599,2.00,1.20
2009.10.08 18:15:43.929,0.90596,0.90609,1.90,2.90
2009.10.08 18:15:44.698,0.90601,0.90614,2.60,4.10
2009.10.08 18:15:46.527,0.90596,0.90614,0.87,2.50
2009.10.08 18:15:49.255,0.90606,0.90614,0.51,2.70
2009.10.08 18:15:52.058,0.90601,0.90619,0.99,0.80
2009.10.08 18:15:53.016,0.90596,0.90614,1.20,1.00
2009.10.08 18:15:53.563,0.90591,0.90609,1.70,1.30
2009.10.08 18:15:54.745,0.90586,0.90604,2.30,0.84
2009.10.08 18:15:56.118,0.90591,0.90604,1.30,1.40
2009.10.08 18:15:56.806,0.90596,0.90609,1.50,0.32
2009.10.08 18:15:59.213,0.90591,0.90609,2.00,2.90
2009.10.08 18:16:01.006,0.90586,0.90604,1.00,1.60
2009.10.08 18:16:01.605,0.90591,0.90609,0.35,1.80
2009.10.08 18:16:06.077,0.90592,0.90609,1.10,1.60
2009.10.08 18:16:06.370,0.90594,0.90609,1.10,2.00
2009.10.08 18:16:06.456,0.90601,0.90619,1.30,1.00
2009.10.08 18:16:06.711,0.90596,0.90614,0.97,2.10
2009.10.08 18:16:06.866,0.90606,0.90624,0.37,3.10
2009.10.08 18:16:07.324,0.90599,0.90614,0.60,0.60
2009.10.08 18:16:07.385,0.90596,0.90614,0.61,0.94
2009.10.08 18:16:07.965,0.90601,0.90619,1.50,1.70
2009.10.08 18:16:08.064,0.90596,0.90614,1.60,1.10
2009.10.08 18:16:13.405,0.90591,0.90609,0.55,1.40
2009.10.08 18:16:13.998,0.90586,0.90604,1.80,0.80
2009.10.08 18:16:21.982,0.90591,0.90604,1.60,0.41
2009.10.08 18:16:22.042,0.90596,0.90609,0.96,1.50
2009.10.08 18:16:23.316,0.90591,0.90609,0.93,1.80
2009.10.08 18:16:23.422,0.90586,0.90604,0.51,0.83
2009.10.08 18:16:23.993,0.90596,0.90604,1.20,1.60
2009.10.08 18:16:31.112,0.90591,0.90609,1.40,2.00
2009.10.08 18:16:31.300,0.90586,0.90604,1.70,0.67
2009.10.08 18:16:31.446,0.90591,0.90604,0.49,2.50
2009.10.08 18:16:31.621,0.90586,0.90604,0.77,0.51
2009.10.08 18:16:31.949,0.90591,0.90604,2.30,0.81
2009.10.08 18:16:32.124,0.90586,0.90604,1.80,0.69
2009.10.08 18:16:39.064,0.90576,0.90594,1.50,0.54
2009.10.08 18:16:39.862,0.90571,0.90589,1.30,1.90
2009.10.08 18:16:49.226,0.90576,0.90594,1.00,0.98
2009.10.08 18:16:53.484,0.90581,0.90599,1.80,2.30
2009.10.08 18:16:58.163,0.90586,0.90604,1.00,1.30
2009.10.08 18:16:58.679,0.90587,0.90604,1.70,0.62
2009.10.08 18:16:59.121,0.90586,0.90604,1.70,0.43
2009.10.08 18:16:59.487,0.90588,0.90604,0.90,2.40
2009.10.08 18:16:59.699,0.90591,0.90604,0.55,1.10
2009.10.08 18:17:05.099,0.90586,0.90604,0.53,0.77
2009.10.08 18:17:05.553,0.90591,0.90604,0.94,2.10
2009.10.08 18:17:09.463,0.90586,0.90604,0.86,0.77
2009.10.08 18:17:09.704,0.90591,0.90604,0.63,0.69
2009.10.08 18:17:10.035,0.90586,0.90604,0.52,0.80
2009.10.08 18:17:10.912,0.90591,0.90604,0.69,1.80
2009.10.08 18:17:27.005,0.90586,0.90604,1.50,2.00
2009.10.08 18:17:27.293,0.90591,0.90604,0.52,0.94
2009.10.08 18:17:27.493,0.90586,0.90604,0.80,0.79
2009.10.08 18:17:27.669,0.90591,0.90604,1.50,1.40
2009.10.08 18:17:27.975,0.90596,0.90609,0.94,1.60
2009.10.08 18:17:28.281,0.90591,0.90609,0.73,1.80
2009.10.08 18:17:28.536,0.90596,0.90609,1.80,1.20
2009.10.08 18:17:28.872,0.90606,0.90614,0.97,1.90
2009.10.08 18:17:29.241,0.90596,0.90614,0.72,0.62
2009.10.08 18:17:29.753,0.90601,0.90614,0.47,0.60
2009.10.08 18:17:30.043,0.90591,0.90609,0.34,0.74
2009.10.08 18:17:30.934,0.90601,0.90609,0.71,0.33
2009.10.08 18:17:32.307,0.90596,0.90609,0.49,0.82
2009.10.08 18:17:32.702,0.90606,0.90609,1.20,0.62
2009.10.08 18:17:36.010,0.90596,0.90614,0.82,1.20
2009.10.08 18:17:36.620,0.90606,0.90614,2.40,0.61
2009.10.08 18:17:37.001,0.90611,0.90626,0.98,1.30
2009.10.08 18:17:37.698,0.90606,0.90624,0.28,0.69
2009.10.08 18:17:38.042,0.90611,0.90624,1.70,0.56
2009.10.08 18:17:38.895,0.90606,0.90624,0.58,1.10
2009.10.08 18:17:40.072,0.90601,0.90619,1.40,1.90
2009.10.08 18:17:43.401,0.90606,0.90619,1.50,0.71
2009.10.08 18:17:49.010,0.90611,0.90624,1.40,1.60
2009.10.08 18:17:49.456,0.90613,0.90629,1.10,2.40
2009.10.08 18:17:49.970,0.90621,0.90629,1.10,1.40
2009.10.08 18:17:50.193,0.90626,0.90639,0.77,1.10
2009.10.08 18:17:56.261,0.90621,0.90639,1.00,2.00
2009.10.08 18:17:56.753,0.90616,0.90634,2.70,1.60
2009.10.08 18:17:57.342,0.90611,0.90629,1.40,1.40
2009.10.08 18:17:57.923,0.90606,0.90624,0.98,0.76
2009.10.08 18:17:58.243,0.90611,0.90629,4.10,1.90
2009.10.08 18:17:58.714,0.90606,0.90624,1.40,4.50
2009.10.08 18:17:59.221,0.90611,0.90624,0.87,0.91
2009.10.08 18:17:59.516,0.90606,0.90624,0.96,1.90
2009.10.08 18:17:59.991,0.90611,0.90629,1.10,3.20
2009.10.08 18:18:00.385,0.90606,0.90624,0.89,1.30
2009.10.08 18:18:01.146,0.90601,0.90619,1.50,0.74
2009.10.08 18:18:01.666,0.90596,0.90614,1.00,2.30
2009.10.08 18:18:02.244,0.90606,0.90614,0.59,0.31
2009.10.08 18:18:03.289,0.90601,0.90619,0.71,0.65
2009.10.08 18:18:04.715,0.90606,0.90619,0.72,2.30
2009.10.08 18:18:07.892,0.90601,0.90619,0.69,1.30
2009.10.08 18:18:08.116,0.90606,0.90624,0.52,0.61
2009.10.08 18:18:19.268,0.90601,0.90619,1.60,0.51
2009.10.08 18:18:32.537,0.90596,0.90614,0.63,1.00
2009.10.08 18:18:35.812,0.90601,0.90619,1.90,0.91
2009.10.08 18:18:46.982,0.90596,0.90614,1.40,0.57
2009.10.08 18:18:49.899,0.90601,0.90619,2.00,1.60
2009.10.08 18:18:51.382,0.90596,0.90614,1.10,0.48
2009.10.08 18:19:21.256,0.90589,0.90604,1.40,1.40
2009.10.08 18:19:21.956,0.90586,0.90604,2.80,1.60
2009.10.08 18:19:35.543,0.90581,0.90599,0.62,1.20
2009.10.08 18:19:45.190,0.90586,0.90599,0.92,0.45
2009.10.08 18:19:46.819,0.90581,0.90599,2.50,1.00
2009.10.08 18:19:53.212,0.90586,0.90599,1.10,1.20
2009.10.08 18:19:53.625,0.90581,0.90599,3.80,0.71
2009.10.08 18:19:55.267,0.90583,0.90599,0.99,1.20
2009.10.08 18:19:55.381,0.90591,0.90599,0.54,1.70
2009.10.08 18:19:55.667,0.90596,0.90609,0.65,0.47
2009.10.08 18:19:56.302,0.90591,0.90609,1.80,3.30
2009.10.08 18:19:56.477,0.90596,0.90609,0.63,1.30
2009.10.08 18:19:56.695,0.90591,0.90609,0.84,0.97
2009.10.08 18:20:00.098,0.90596,0.90609,0.53,2.00
2009.10.08 18:20:00.938,0.90601,0.90614,0.93,0.67
2009.10.08 18:20:01.662,0.90596,0.90614,1.30,6.50
2009.10.08 18:20:05.197,0.90591,0.90609,0.70,0.76
2009.10.08 18:20:06.665,0.90586,0.90604,0.48,0.73
2009.10.08 18:20:14.187,0.90581,0.90599,0.73,2.00
2009.10.08 18:20:40.066,0.90576,0.90594,2.40,0.66
2009.10.08 18:20:40.486,0.90571,0.90589,1.10,0.79
2009.10.08 18:20:40.627,0.90566,0.90584,2.70,0.19
2009.10.08 18:20:40.942,0.90571,0.90589,0.94,2.10
2009.10.08 18:20:50.326,0.90572,0.90589,1.10,0.52
2009.10.08 18:20:50.501,0.90574,0.90589,1.60,1.80
2009.10.08 18:20:50.982,0.90581,0.90599,1.00,0.91
2009.10.08 18:20:59.409,0.90586,0.90599,0.92,1.60
2009.10.08 18:21:04.039,0.90591,0.90604,1.60,0.85
2009.10.08 18:21:04.459,0.90596,0.90609,0.55,0.53
2009.10.08 18:21:04.931,0.90601,0.90614,0.67,2.20
2009.10.08 18:21:06.955,0.90606,0.90619,0.81,1.40
2009.10.08 18:21:08.545,0.90601,0.90619,0.80,0.71
2009.10.08 18:21:11.315,0.90606,0.90619,0.50,0.58
2009.10.08 18:21:14.217,0.90601,0.90619,0.97,1.10
2009.10.08 18:21:14.270,0.90596,0.90614,1.40,0.60
2009.10.08 18:21:14.598,0.90601,0.90614,0.62,2.00
2009.10.08 18:21:14.937,0.90596,0.90614,1.50,2.50
2009.10.08 18:21:17.430,0.90601,0.90614,1.60,0.60
2009.10.08 18:21:26.412,0.90596,0.90614,0.83,1.40
2009.10.08 18:21:26.563,0.90591,0.90609,1.40,1.50
2009.10.08 18:21:28.808,0.90586,0.90604,0.92,0.82
2009.10.08 18:21:31.035,0.90591,0.90604,0.80,1.40
2009.10.08 18:21:35.920,0.90586,0.90604,0.86,0.66
2009.10.08 18:21:39.816,0.90591,0.90604,0.55,0.49
2009.10.08 18:21:41.193,0.90601,0.90609,1.20,1.40
2009.10.08 18:21:41.338,0.90596,0.90614,1.30,1.50
2009.10.08 18:21:41.589,0.9059,0.90604,1.30,1.20
2009.10.08 18:21:41.753,0.90589,0.90604,0.99,0.58
2009.10.08 18:21:41.917,0.90586,0.90604,1.40,1.00
2009.10.08 18:21:44.046,0.90596,0.90604,0.53,0.56
2009.10.08 18:21:44.284,0.90591,0.90609,1.40,0.37
2009.10.08 18:21:44.738,0.90586,0.90604,1.40,1.00
2009.10.08 18:21:44.991,0.90591,0.90604,1.10,0.30
2009.10.08 18:21:45.249,0.90586,0.90604,0.50,0.37
2009.10.08 18:21:45.339,0.90591,0.90604,0.66,0.47
2009.10.08 18:21:45.651,0.90586,0.90604,0.80,0.21
2009.10.08 18:21:45.827,0.90591,0.90604,2.00,0.46
2009.10.08 18:21:46.012,0.90601,0.90609,0.59,1.70
2009.10.08 18:21:51.026,0.90606,0.90619,1.50,1.00
2009.10.08 18:21:52.178,0.90611,0.90619,0.88,0.59
2009.10.08 18:21:53.067,0.90606,0.90624,0.46,0.77
2009.10.08 18:21:53.217,0.90601,0.90619,0.54,0.66
2009.10.08 18:21:53.494,0.90606,0.90619,0.98,0.32
2009.10.08 18:21:53.729,0.90601,0.90619,0.44,0.39
2009.10.08 18:21:53.834,0.90606,0.90619,1.30,0.97
2009.10.08 18:21:55.420,0.90601,0.90619,2.50,1.70
2009.10.08 18:21:55.909,0.90606,0.90619,0.82,1.30
2009.10.08 18:21:57.352,0.90601,0.90619,1.40,0.98
2009.10.08 18:21:57.892,0.90606,0.90619,1.20,5.40
2009.10.08 18:21:58.601,0.90611,0.90624,1.10,1.10
2009.10.08 18:21:59.153,0.90606,0.90624,2.00,0.84
2009.10.08 18:21:59.575,0.90601,0.90619,1.10,1.80
2009.10.08 18:21:59.727,0.90606,0.90619,0.39,0.43
2009.10.08 18:22:00.764,0.90611,0.90624,0.93,0.46
2009.10.08 18:22:05.066,0.90606,0.90624,0.76,0.63
2009.10.08 18:22:05.366,0.90601,0.90619,2.20,0.56
2009.10.08 18:22:05.922,0.90606,0.90619,1.70,0.71
2009.10.08 18:22:12.212,0.90601,0.90619,1.70,2.10
2009.10.08 18:22:12.741,0.90606,0.90619,0.66,2.70
2009.10.08 18:22:17.472,0.90611,0.90624,0.77,0.80
2009.10.08 18:22:25.229,0.90606,0.90624,3.30,1.00
2009.10.08 18:22:25.662,0.90601,0.90619,1.20,3.20
2009.10.08 18:22:25.821,0.90606,0.90619,0.81,0.58
2009.10.08 18:22:31.061,0.90601,0.90619,3.00,1.60
2009.10.08 18:22:31.352,0.90606,0.90619,1.80,0.90
2009.10.08 18:22:31.689,0.90601,0.90619,0.67,0.51
2009.10.08 18:22:31.917,0.90606,0.90619,0.87,0.55
2009.10.08 18:22:32.616,0.90601,0.90619,1.00,1.80
2009.10.08 18:22:35.205,0.90596,0.90614,2.70,1.70
2009.10.08 18:22:37.598,0.90601,0.90614,1.70,0.84
2009.10.08 18:22:41.472,0.90606,0.90619,1.60,0.59
2009.10.08 18:22:45.146,0.90601,0.90619,0.89,2.80
2009.10.08 18:22:45.685,0.90606,0.90619,0.89,1.00
2009.10.08 18:22:48.086,0.90601,0.90619,1.90,0.97
2009.10.08 18:22:48.559,0.90606,0.90619,0.78,2.50
2009.10.08 18:22:49.079,0.90609,0.90619,3.40,1.30
2009.10.08 18:22:49.190,0.90611,0.90619,0.82,1.60
2009.10.08 18:22:49.354,0.90616,0.90628,3.40,0.71
2009.10.08 18:22:49.464,0.90611,0.90624,0.54,2.10
2009.10.08 18:22:49.596,0.90606,0.90624,0.77,0.96
2009.10.08 18:22:49.736,0.90611,0.90624,0.63,1.80
2009.10.08 18:22:49.860,0.90606,0.90624,1.20,0.96
2009.10.08 18:22:49.944,0.90611,0.90629,0.44,2.70
2009.10.08 18:22:51.066,0.90616,0.90629,0.35,1.30
2009.10.08 18:23:03.202,0.90621,0.90639,1.10,0.38
2009.10.08 18:23:03.959,0.90626,0.90644,0.82,1.30
2009.10.08 18:23:04.356,0.90631,0.90649,0.52,1.20
2009.10.08 18:23:06.266,0.90636,0.90654,0.20,0.35
2009.10.08 18:23:07.362,0.90631,0.90649,0.60,1.10
2009.10.08 18:23:32.432,0.90626,0.90644,0.58,0.87
2009.10.08 18:23:33.085,0.90621,0.90639,1.50,1.30
2009.10.08 18:23:34.184,0.90616,0.90634,1.30,0.83
2009.10.08 18:23:34.693,0.90621,0.90639,1.10,0.72
2009.10.08 18:23:37.967,0.90616,0.90634,1.30,4.30
2009.10.08 18:23:39.357,0.90621,0.90639,0.52,0.89
2009.10.08 18:23:57.137,0.90616,0.90634,0.92,0.50
2009.10.08 18:24:16.286,0.90611,0.90629,0.98,0.40
2009.10.08 18:24:17.757,0.90616,0.90629,0.57,0.89
2009.10.08 18:25:12.460,0.90611,0.90629,0.98,0.74
2009.10.08 18:25:13.057,0.90606,0.90624,1.00,1.50
2009.10.08 18:25:13.369,0.90599,0.90614,0.82,2.20
2009.10.08 18:25:13.688,0.90596,0.90614,1.00,0.74
2009.10.08 18:25:14.015,0.90601,0.90619,2.10,2.30
2009.10.08 18:25:14.419,0.90596,0.90614,1.10,1.40
2009.10.08 18:25:14.694,0.90586,0.90604,0.59,1.30
2009.10.08 18:25:14.901,0.90591,0.90609,1.10,0.83
2009.10.08 18:25:15.427,0.90586,0.90604,0.68,1.30
2009.10.08 18:25:22.058,0.90581,0.90599,0.45,0.50
2009.10.08 18:25:23.072,0.90586,0.90599,1.70,0.43
2009.10.08 18:25:25.915,0.90581,0.90599,2.00,0.62
2009.10.08 18:25:26.303,0.90571,0.90589,1.50,1.90
2009.10.08 18:25:27.100,0.90566,0.90584,0.66,0.57
2009.10.08 18:25:39.436,0.90561,0.90579,0.86,1.10
2009.10.08 18:25:41.300,0.90566,0.90581,0.79,2.30
2009.10.08 18:25:41.667,0.90571,0.90585,0.74,1.00
2009.10.08 18:25:42.182,0.90566,0.90584,0.63,0.87
2009.10.08 18:25:48.083,0.90571,0.90589,0.32,1.20
2009.10.08 18:25:48.525,0.90576,0.90594,7.30,2.10
2009.10.08 18:25:50.197,0.90578,0.90594,1.20,1.20
2009.10.08 18:25:50.201,0.90583,0.90594,1.00,0.92
2009.10.08 18:25:50.573,0.90582,0.90599,5.10,0.95
2009.10.08 18:25:50.777,0.90581,0.90599,0.75,1.30
2009.10.08 18:25:50.877,0.90577,0.90594,1.20,0.84
2009.10.08 18:25:51.178,0.90582,0.90594,3.20,0.29
2009.10.08 18:25:51.309,0.90581,0.90599,1.60,0.59
2009.10.08 18:25:51.538,0.90582,0.90599,0.69,1.60
2009.10.08 18:25:51.692,0.90581,0.90599,2.00,0.41
2009.10.08 18:25:51.841,0.90582,0.90599,1.50,0.56
2009.10.08 18:25:52.411,0.90581,0.90599,1.90,0.69
2009.10.08 18:25:52.645,0.90577,0.90594,0.52,0.44
2009.10.08 18:25:53.094,0.90582,0.90594,1.40,0.98
2009.10.08 18:25:53.274,0.90581,0.90599,0.57,0.44
2009.10.08 18:25:53.441,0.90582,0.90599,1.60,1.20
2009.10.08 18:25:53.632,0.90581,0.90599,1.00,1.40
2009.10.08 18:25:53.959,0.90582,0.90599,0.81,0.29
2009.10.08 18:25:54.303,0.90581,0.90599,1.50,2.00
2009.10.08 18:25:54.846,0.90582,0.90599,0.78,0.81
2009.10.08 18:25:58.427,0.90581,0.90599,0.60,1.00
2009.10.08 18:25:58.556,0.90582,0.90599,1.60,2.10
2009.10.08 18:25:59.024,0.90581,0.90599,1.60,0.87
2009.10.08 18:25:59.173,0.90582,0.90599,1.60,0.77
2009.10.08 18:25:59.338,0.90581,0.90599,1.10,2.90
2009.10.08 18:25:59.577,0.90582,0.90599,1.80,0.39
2009.10.08 18:25:59.774,0.90581,0.90599,1.70,1.20
2009.10.08 18:25:59.942,0.90582,0.90599,1.40,1.10
2009.10.08 18:26:00.172,0.90581,0.90599,0.80,0.82
2009.10.08 18:26:00.269,0.90582,0.90599,1.50,2.40
2009.10.08 18:26:00.624,0.90581,0.90599,1.20,1.50
2009.10.08 18:26:00.816,0.90582,0.90599,1.00,1.50
2009.10.08 18:26:03.066,0.90581,0.90599,3.20,1.30
2009.10.08 18:26:03.902,0.90582,0.90599,0.66,1.60
2009.10.08 18:26:04.164,0.90581,0.90599,0.90,0.54
2009.10.08 18:26:04.696,0.90582,0.90599,2.90,0.81
2009.10.08 18:26:05.141,0.90581,0.90599,1.50,0.72
2009.10.08 18:26:05.953,0.90582,0.90599,1.40,0.56
2009.10.08 18:26:06.358,0.90581,0.90599,1.30,0.48
2009.10.08 18:26:06.786,0.90582,0.90599,0.98,0.66
2009.10.08 18:26:07.109,0.90581,0.90599,0.95,0.61
2009.10.08 18:26:07.888,0.90582,0.90599,0.57,1.00
2009.10.08 18:26:09.279,0.90581,0.90599,0.87,1.60
2009.10.08 18:26:11.058,0.90582,0.90599,0.62,0.89
2009.10.08 18:26:11.317,0.90581,0.90599,0.83,0.26
2009.10.08 18:26:11.452,0.90582,0.90599,0.82,1.30
2009.10.08 18:26:11.745,0.90581,0.90599,1.80,0.43
2009.10.08 18:26:11.969,0.90582,0.90599,0.96,0.47
2009.10.08 18:26:12.218,0.90581,0.90599,1.80,0.96
2009.10.08 18:26:12.911,0.90582,0.90599,0.57,0.62
2009.10.08 18:26:13.041,0.90581,0.90599,2.30,1.40
2009.10.08 18:26:13.378,0.90582,0.90599,0.83,1.20
2009.10.08 18:26:13.516,0.90582,0.90599,1.00,2.30
2009.10.08 18:26:13.970,0.90582,0.90599,0.24,0.80
2009.10.08 18:26:14.020,0.90581,0.90599,0.79,2.00
2009.10.08 18:26:16.121,0.90582,0.90599,0.36,2.40
2009.10.08 18:26:16.587,0.90581,0.90599,0.68,1.30
2009.10.08 18:26:16.868,0.90582,0.90599,0.87,1.30
2009.10.08 18:26:19.474,0.90581,0.90599,0.70,3.50
2009.10.08 18:26:21.149,0.90582,0.90599,1.00,0.59
2009.10.08 18:26:21.347,0.90581,0.90599,1.20,0.31
2009.10.08 18:26:21.714,0.90582,0.90599,1.30,1.30
2009.10.08 18:26:25.959,0.90581,0.90599,2.00,1.30
2009.10.08 18:26:28.502,0.90587,0.90599,1.40,1.40
2009.10.08 18:26:29.151,0.90592,0.90604,0.39,0.64
2009.10.08 18:26:29.853,0.90597,0.90609,0.95,2.00
2009.10.08 18:26:30.327,0.90596,0.90614,2.80,0.99
2009.10.08 18:26:30.659,0.90592,0.90609,0.81,0.85
2009.10.08 18:26:30.788,0.90597,0.90609,1.10,1.20
2009.10.08 18:26:32.302,0.90596,0.90614,1.40,2.40
2009.10.08 18:26:32.860,0.90592,0.90609,1.50,1.10
2009.10.08 18:26:33.288,0.90597,0.90609,0.89,1.10
2009.10.08 18:26:34.627,0.90592,0.90609,3.10,0.91
2009.10.08 18:26:35.038,0.90597,0.90609,1.30,2.80
2009.10.08 18:26:57.390,0.90596,0.90614,1.50,2.90
2009.10.08 18:26:57.782,0.90601,0.90619,0.30,1.10
2009.10.08 18:26:58.782,0.90606,0.90624,0.70,1.20
2009.10.08 18:27:01.861,0.90601,0.90619,1.70,0.42
2009.10.08 18:27:12.720,0.90606,0.90624,1.10,1.20
2009.10.08 18:27:18.914,0.90611,0.90629,1.30,0.68
2009.10.08 18:27:19.591,0.90616,0.90634,0.74,1.80
2009.10.08 18:27:20.285,0.90611,0.90629,1.50,0.61
2009.10.08 18:27:26.065,0.90606,0.90624,0.98,0.28
2009.10.08 18:27:54.959,0.90611,0.90629,2.10,0.82
2009.10.08 18:27:58.138,0.90606,0.90624,0.73,1.20
2009.10.08 18:28:04.679,0.90611,0.90629,0.90,0.33
2009.10.08 18:28:09.472,0.90616,0.90634,0.83,1.10
2009.10.08 18:28:15.063,0.90621,0.90639,0.96,2.20
2009.10.08 18:28:16.680,0.90616,0.90634,0.52,0.31
2009.10.08 18:28:17.919,0.90621,0.90639,1.50,0.87
2009.10.08 18:28:21.977,0.90622,0.90639,2.00,3.20
2009.10.08 18:28:25.029,0.90626,0.90644,0.92,0.52
2009.10.08 18:28:25.434,0.90622,0.90639,1.20,0.64
2009.10.08 18:28:25.687,0.90627,0.90639,1.30,2.30
2009.10.08 18:28:26.610,0.90636,0.90649,0.67,1.90
2009.10.08 18:28:27.229,0.90637,0.90651,3.90,0.45
2009.10.08 18:28:31.178,0.90642,0.90654,2.30,0.81
2009.10.08 18:28:31.535,0.90647,0.90659,0.83,0.43
2009.10.08 18:28:33.405,0.90652,0.90664,0.65,2.50
2009.10.08 18:28:36.493,0.90651,0.90669,3.60,1.40
2009.10.08 18:28:36.754,0.90648,0.90664,0.60,0.62
2009.10.08 18:28:39.195,0.90651,0.90669,1.40,0.50
2009.10.08 18:28:39.202,0.90652,0.90669,1.90,0.94
2009.10.08 18:28:39.561,0.90656,0.90669,1.30,1.10
2009.10.08 18:28:39.671,0.90662,0.90674,0.82,2.10
2009.10.08 18:28:39.927,0.90657,0.90674,1.60,0.90
2009.10.08 18:28:40.933,0.90662,0.90674,1.10,1.00
2009.10.08 18:28:41.066,0.90657,0.90674,0.52,1.40
2009.10.08 18:28:41.248,0.90662,0.90674,1.20,1.10
2009.10.08 18:28:41.583,0.90657,0.90674,0.57,2.50
2009.10.08 18:28:41.644,0.90662,0.90674,1.40,2.20
2009.10.08 18:28:41.970,0.90657,0.90674,0.99,1.60
2009.10.08 18:28:42.205,0.90662,0.90674,0.24,3.10
2009.10.08 18:28:42.356,0.90657,0.90674,1.80,2.00
2009.10.08 18:28:42.523,0.90662,0.90674,2.10,0.58
2009.10.08 18:28:42.953,0.90657,0.90674,0.54,0.81
2009.10.08 18:28:45.200,0.90662,0.90674,0.74,0.39
2009.10.08 18:28:45.739,0.90657,0.90674,1.30,0.71
2009.10.08 18:28:47.105,0.90662,0.90674,1.30,1.30
2009.10.08 18:28:47.780,0.90657,0.90674,1.20,0.84
2009.10.08 18:28:48.024,0.90667,0.90674,1.00,0.74
2009.10.08 18:28:48.783,0.90662,0.90674,1.20,1.60
2009.10.08 18:28:49.026,0.90667,0.90679,0.68,0.23
2009.10.08 18:28:49.195,0.90662,0.90679,1.30,0.79
2009.10.08 18:28:49.401,0.90667,0.90679,1.60,0.62
2009.10.08 18:28:49.520,0.90662,0.90679,1.70,0.67
2009.10.08 18:28:49.768,0.90666,0.90679,0.83,0.71
2009.10.08 18:28:49.954,0.90667,0.90679,0.64,1.90
2009.10.08 18:28:57.277,0.90672,0.90684,1.30,0.77
2009.10.08 18:28:57.522,0.90671,0.90689,1.30,1.20
2009.10.08 18:29:13.291,0.90676,0.90689,0.93,0.50
2009.10.08 18:29:15.152,0.90686,0.90694,0.49,1.60
2009.10.08 18:29:19.803,0.90681,0.90699,0.82,4.70
2009.10.08 18:29:27.322,0.90682,0.90699,0.70,1.00
2009.10.08 18:29:27.543,0.90686,0.90704,1.20,0.50
2009.10.08 18:29:28.066,0.90691,0.90709,1.10,0.28
2009.10.08 18:29:28.646,0.90686,0.90704,2.40,1.20
2009.10.08 18:29:28.881,0.90691,0.90706,1.10,2.20
2009.10.08 18:29:30.909,0.90686,0.90704,0.37,0.64
2009.10.08 18:29:31.924,0.90691,0.90709,1.40,0.25
2009.10.08 18:29:34.411,0.90696,0.90714,2.60,0.78
2009.10.08 18:29:35.191,0.90701,0.90718,1.30,0.94
2009.10.08 18:29:35.420,0.90696,0.90714,0.23,1.70
2009.10.08 18:29:35.645,0.90689,0.90704,2.30,1.20
2009.10.08 18:29:35.959,0.90687,0.90704,0.36,1.10
2009.10.08 18:29:36.007,0.90696,0.90711,1.00,1.70
2009.10.08 18:29:36.372,0.90689,0.90704,0.79,0.75
2009.10.08 18:29:36.647,0.90688,0.90704,0.70,0.77
2009.10.08 18:29:36.783,0.90696,0.90714,1.60,3.00
2009.10.08 18:29:42.024,0.90691,0.90709,2.00,1.70
2009.10.08 18:29:42.788,0.90686,0.90704,1.40,1.00
2009.10.08 18:29:49.853,0.90681,0.90699,0.37,3.80
2009.10.08 18:29:54.492,0.90678,0.90694,0.47,1.20
2009.10.08 18:29:54.758,0.90676,0.90694,0.67,4.40
2009.10.08 18:29:57.425,0.90673,0.90689,1.60,0.39
2009.10.08 18:29:57.682,0.90671,0.90689,0.92,1.10
2009.10.08 18:29:58.254,0.90666,0.90684,1.10,3.00
2009.10.08 18:29:58.503,0.90661,0.90679,2.20,0.91
2009.10.08 18:29:59.129,0.90656,0.90674,1.80,0.96
2009.10.08 18:30:00.957,0.90661,0.90679,1.10,0.93
2009.10.08 18:30:03.414,0.90656,0.90674,3.10,2.10
2009.10.08 18:30:12.218,0.90648,0.90664,1.50,0.96
2009.10.08 18:30:12.848,0.90646,0.90664,0.89,1.10
2009.10.08 18:30:14.252,0.90651,0.90669,1.90,0.43
2009.10.08 18:30:15.241,0.90646,0.90664,1.20,1.90
2009.10.08 18:30:15.669,0.90651,0.90669,0.95,1.50
2009.10.08 18:30:16.493,0.90646,0.90662,0.26,4.00
2009.10.08 18:30:17.131,0.90643,0.90659,0.54,0.86
2009.10.08 18:30:17.618,0.90641,0.90659,0.50,0.96
2009.10.08 18:30:19.350,0.90639,0.90653,2.00,1.30
2009.10.08 18:30:19.699,0.90636,0.90653,1.10,0.51
2009.10.08 18:30:22.416,0.90641,0.90659,0.75,1.50
2009.10.08 18:30:22.959,0.90636,0.90654,1.50,1.10
2009.10.08 18:30:23.226,0.90641,0.90659,0.63,0.89
2009.10.08 18:30:23.889,0.90646,0.90664,1.10,0.23
2009.10.08 18:30:24.962,0.90651,0.90669,1.00,1.70
2009.10.08 18:30:27.866,0.90646,0.90663,3.90,1.10
2009.10.08 18:30:32.781,0.90651,0.90669,1.40,1.00
2009.10.08 18:30:33.727,0.90646,0.90663,1.70,0.63
2009.10.08 18:30:38.858,0.90651,0.90669,1.00,1.80
2009.10.08 18:30:40.117,0.90656,0.90674,1.10,0.30
2009.10.08 18:30:40.796,0.90651,0.90669,0.64,0.91
2009.10.08 18:30:41.338,0.90656,0.90674,1.90,0.93
2009.10.08 18:30:51.433,0.90661,0.90679,0.23,0.60
2009.10.08 18:30:52.103,0.90662,0.90679,0.57,1.90
2009.10.08 18:30:52.628,0.90666,0.90684,1.20,1.30
2009.10.08 18:30:56.113,0.90659,0.90674,0.60,1.10
2009.10.08 18:30:56.654,0.90656,0.90674,0.56,1.60
2009.10.08 18:30:58.227,0.90651,0.90669,0.49,1.40
2009.10.08 18:31:04.148,0.90647,0.90664,1.10,1.50
2009.10.08 18:31:04.630,0.90646,0.90664,1.30,1.10
2009.10.08 18:31:06.032,0.90651,0.90669,0.54,1.30
2009.10.08 18:31:16.461,0.90652,0.90669,0.77,0.65
2009.10.08 18:31:16.890,0.90656,0.90674,0.98,1.40
2009.10.08 18:31:18.012,0.90649,0.90664,0.69,1.20
2009.10.08 18:31:18.991,0.90646,0.90664,0.34,0.87
2009.10.08 18:31:19.285,0.90641,0.90659,1.20,2.10
2009.10.08 18:31:30.139,0.90644,0.90659,1.20,0.98
2009.10.08 18:31:30.869,0.90646,0.90664,1.60,1.40
2009.10.08 18:31:34.073,0.90641,0.90659,0.66,0.74
2009.10.08 18:31:40.576,0.90636,0.90654,1.70,0.42
2009.10.08 18:31:41.005,0.90629,0.90644,0.55,1.10
2009.10.08 18:31:41.983,0.90626,0.90644,0.89,0.89
2009.10.08 18:31:42.111,0.90621,0.90639,0.42,0.77
2009.10.08 18:31:42.462,0.90626,0.90644,0.96,0.62
2009.10.08 18:31:42.840,0.90621,0.90639,2.00,1.50
2009.10.08 18:31:43.081,0.90611,0.90629,0.79,0.22
2009.10.08 18:31:43.297,0.90614,0.90629,0.24,0.93
2009.10.08 18:31:43.523,0.90616,0.90634,1.20,0.76
2009.10.08 18:31:43.636,0.90615,0.90629,0.70,1.60
2009.10.08 18:31:43.802,0.90611,0.90629,0.36,0.74
2009.10.08 18:31:44.183,0.90616,0.90629,1.90,1.50
2009.10.08 18:31:44.255,0.90624,0.90634,1.80,1.30
2009.10.08 18:31:44.511,0.90631,0.90641,1.80,0.80
2009.10.08 18:31:44.823,0.90626,0.90644,2.70,0.46
2009.10.08 18:31:59.568,0.90631,0.90649,1.10,1.60
2009.10.08 18:32:00.459,0.90626,0.90644,0.99,0.69
2009.10.08 18:32:08.525,0.90621,0.90639,1.50,1.30
2009.10.08 18:32:27.017,0.90622,0.90639,0.67,1.00
2009.10.08 18:32:27.151,0.90624,0.90639,2.40,1.40
2009.10.08 18:32:27.367,0.90631,0.90647,0.57,0.68
2009.10.08 18:32:27.418,0.90627,0.90644,1.50,0.72
2009.10.08 18:32:27.619,0.90626,0.90644,1.30,0.52
2009.10.08 18:32:27.711,0.9063,0.90644,0.49,1.60
2009.10.08 18:32:27.842,0.90631,0.90644,0.96,1.10
2009.10.08 18:32:27.932,0.90636,0.90651,0.37,0.76
2009.10.08 18:32:28.365,0.90641,0.90659,2.10,0.48
2009.10.08 18:32:30.350,0.90651,0.90668,1.10,1.00
2009.10.08 18:32:31.454,0.90656,0.90671,2.60,0.83
2009.10.08 18:32:33.825,0.90651,0.90669,0.63,0.70
2009.10.08 18:32:40.107,0.90654,0.90669,1.50,0.96
2009.10.08 18:32:40.606,0.90656,0.90674,1.40,0.99
2009.10.08 18:32:41.009,0.90651,0.90669,2.70,1.00
2009.10.08 18:32:41.429,0.90652,0.90669,0.94,0.91
2009.10.08 18:32:41.849,0.90654,0.90669,1.70,1.20
2009.10.08 18:32:42.287,0.90653,0.90669,1.30,2.80
2009.10.08 18:32:42.455,0.90654,0.90669,0.61,0.44
2009.10.08 18:32:42.674,0.90656,0.90674,0.89,1.50
2009.10.08 18:32:51.135,0.90661,0.90679,1.10,1.10
2009.10.08 18:32:53.206,0.90665,0.90679,0.99,0.87
2009.10.08 18:32:53.278,0.90672,0.90679,1.40,1.10
2009.10.08 18:32:53.545,0.90681,0.9069,1.40,0.39
2009.10.08 18:32:53.916,0.90676,0.90694,1.70,1.70
2009.10.08 18:32:54.165,0.90681,0.90699,0.93,2.70
2009.10.08 18:32:54.756,0.90676,0.90694,1.70,1.00
2009.10.08 18:32:55.177,0.90671,0.90689,0.54,1.90
2009.10.08 18:32:58.941,0.90666,0.90684,1.70,0.42
2009.10.08 18:33:03.695,0.90671,0.90689,2.10,0.80
2009.10.08 18:33:07.704,0.90666,0.90684,0.78,0.83
2009.10.08 18:33:09.782,0.90671,0.90689,4.00,0.88
2009.10.08 18:33:23.918,0.90676,0.90694,1.20,0.51
2009.10.08 18:33:24.651,0.90666,0.90684,1.20,1.40
2009.10.08 18:33:25.410,0.90676,0.90694,0.87,0.88
2009.10.08 18:33:25.791,0.90671,0.90689,1.50,0.70
2009.10.08 18:33:31.103,0.90672,0.90689,0.36,1.50
2009.10.08 18:33:31.513,0.90676,0.90694,0.72,0.69
2009.10.08 18:33:31.833,0.90681,0.90699,1.70,0.86
2009.10.08 18:33:32.376,0.90686,0.90704,0.46,1.10
2009.10.08 18:33:33.445,0.90681,0.90699,1.10,2.60
2009.10.08 18:33:48.392,0.90683,0.90699,0.82,1.60
2009.10.08 18:33:48.856,0.90686,0.90704,0.32,1.90
2009.10.08 18:33:49.775,0.90696,0.9071,1.20,0.58
2009.10.08 18:33:51.216,0.90701,0.90719,1.10,0.61
2009.10.08 18:33:51.788,0.90696,0.90714,2.40,0.57
2009.10.08 18:33:52.260,0.90697,0.90714,3.50,1.50
2009.10.08 18:33:52.686,0.90701,0.90719,1.20,1.30
2009.10.08 18:33:54.680,0.90704,0.90719,0.90,0.44
2009.10.08 18:33:55.076,0.90711,0.90725,1.00,1.30
2009.10.08 18:33:55.981,0.90706,0.90724,0.76,0.87
2009.10.08 18:33:57.019,0.90701,0.90719,0.62,0.67
2009.10.08 18:33:57.809,0.90696,0.90714,1.60,0.71
2009.10.08 18:33:58.696,0.90701,0.90719,1.50,0.46
2009.10.08 18:34:00.185,0.90706,0.90724,1.10,1.10
2009.10.08 18:34:00.663,0.90701,0.90719,2.20,1.10
2009.10.08 18:34:08.139,0.90706,0.90724,0.61,3.30
2009.10.08 18:34:12.151,0.90701,0.90719,1.10,0.75
2009.10.08 18:34:34.110,0.90696,0.90714,0.58,0.60
2009.10.08 18:34:34.370,0.90701,0.90719,0.29,0.50
2009.10.08 18:34:34.760,0.90696,0.90714,1.00,0.87
2009.10.08 18:34:40.248,0.90701,0.90719,0.59,1.10
2009.10.08 18:34:40.712,0.90696,0.90714,1.10,1.00
2009.10.08 18:34:42.292,0.90701,0.90719,0.67,0.44
2009.10.08 18:34:45.207,0.90696,0.90714,0.90,1.50
2009.10.08 18:34:48.270,0.90691,0.90709,0.54,1.50
2009.10.08 18:34:59.694,0.90686,0.90704,1.70,1.10
2009.10.08 18:35:02.169,0.90687,0.90704,0.99,1.60
2009.10.08 18:35:02.378,0.90696,0.90711,0.67,2.30
2009.10.08 18:35:02.521,0.90691,0.90709,0.57,0.59
2009.10.08 18:35:02.853,0.90686,0.90704,0.85,1.20
2009.10.08 18:35:05.379,0.90691,0.90709,2.20,2.10
2009.10.08 18:35:07.793,0.90696,0.90714,0.71,1.30
2009.10.08 18:35:08.756,0.90691,0.90709,1.50,1.30
2009.10.08 18:35:14.030,0.90696,0.90714,0.92,0.89
2009.10.08 18:35:15.135,0.90691,0.90709,0.70,1.00
2009.10.08 18:35:24.134,0.90686,0.90704,1.10,0.51
2009.10.08 18:35:44.125,0.90687,0.90704,1.80,0.76
2009.10.08 18:35:44.585,0.90696,0.90714,0.64,1.20
2009.10.08 18:35:44.786,0.90691,0.90709,1.70,0.46
2009.10.08 18:35:52.269,0.90696,0.90714,0.42,1.80
2009.10.08 18:36:00.499,0.90701,0.90719,0.48,0.60
2009.10.08 18:36:07.169,0.90691,0.90709,1.00,1.70
2009.10.08 18:36:07.411,0.90694,0.90709,1.50,0.64
2009.10.08 18:36:07.889,0.90696,0.90714,1.00,0.44
2009.10.08 18:36:09.715,0.90691,0.90709,1.30,0.61
2009.10.08 18:36:10.198,0.90686,0.90704,2.70,0.80
2009.10.08 18:36:12.513,0.90691,0.90709,0.64,2.20
2009.10.08 18:36:25.073,0.90686,0.90704,4.20,2.70
2009.10.08 18:36:30.286,0.90691,0.90709,0.61,0.50
2009.10.08 18:36:34.371,0.90686,0.90704,1.40,1.30
2009.10.08 18:36:37.273,0.90687,0.90704,0.86,1.60
2009.10.08 18:36:37.571,0.90694,0.90704,0.37,1.70
2009.10.08 18:36:37.901,0.90696,0.90714,1.40,4.60
2009.10.08 18:36:40.182,0.90698,0.90714,1.30,1.00
2009.10.08 18:36:40.466,0.90706,0.90721,0.71,0.69
2009.10.08 18:36:40.525,0.90696,0.90714,4.50,0.50
2009.10.08 18:36:40.966,0.90701,0.90719,1.90,0.42
2009.10.08 18:36:42.762,0.90696,0.90714,1.10,0.97
2009.10.08 18:36:47.886,0.90701,0.90719,1.40,0.45
2009.10.08 18:36:56.362,0.90696,0.90714,1.10,1.60
2009.10.08 18:36:56.782,0.90691,0.90709,1.10,0.36
2009.10.08 18:36:57.153,0.90686,0.90704,1.00,0.66
2009.10.08 18:36:57.830,0.90691,0.90709,0.80,0.34
2009.10.08 18:36:58.964,0.90686,0.90704,0.42,1.40
2009.10.08 18:36:59.419,0.90691,0.90709,1.60,1.00
2009.10.08 18:37:01.475,0.90696,0.90714,0.88,2.30
2009.10.08 18:37:01.725,0.90691,0.90709,1.10,0.77
2009.10.08 18:37:12.820,0.90696,0.90714,2.30,0.65
2009.10.08 18:37:20.643,0.90691,0.90709,2.80,0.58
2009.10.08 18:37:26.378,0.90696,0.90714,1.10,0.68
2009.10.08 18:37:29.130,0.90691,0.90709,1.20,2.20
2009.10.08 18:37:39.265,0.90696,0.90714,0.96,1.60
2009.10.08 18:37:44.596,0.90691,0.90709,0.67,0.89
2009.10.08 18:37:51.227,0.90686,0.90704,1.90,0.45
2009.10.08 18:37:52.254,0.90679,0.90694,1.10,0.47
2009.10.08 18:37:52.420,0.90676,0.90694,0.48,0.91
2009.10.08 18:37:52.672,0.90681,0.90699,1.20,1.10
2009.10.08 18:38:17.100,0.90676,0.90694,2.40,2.10
2009.10.08 18:38:26.230,0.90681,0.90699,0.45,0.82
2009.10.08 18:38:26.343,0.90682,0.90699,0.82,1.60
2009.10.08 18:38:26.894,0.90686,0.90704,1.90,0.95
2009.10.08 18:38:30.146,0.90681,0.90699,1.70,0.56
2009.10.08 18:38:30.709,0.90683,0.90699,0.74,1.20
2009.10.08 18:38:31.339,0.90681,0.90699,1.00,0.98
2009.10.08 18:38:31.962,0.90683,0.90699,0.67,1.10
2009.10.08 18:38:40.221,0.90681,0.90699,1.10,0.61
2009.10.08 18:38:40.457,0.90676,0.90694,1.40,1.30
2009.10.08 18:38:40.705,0.90681,0.90699,1.10,0.50
2009.10.08 18:38:42.431,0.90682,0.90699,0.77,0.91
2009.10.08 18:38:42.600,0.90686,0.90704,0.90,0.80
2009.10.08 18:38:56.163,0.90684,0.90699,1.00,0.43
2009.10.08 18:38:56.571,0.90681,0.90699,0.52,1.60
2009.10.08 18:38:56.930,0.90684,0.90699,0.36,2.10
2009.10.08 18:39:03.344,0.90683,0.90699,0.92,0.52
2009.10.08 18:39:07.853,0.90681,0.90699,1.10,1.00
2009.10.08 18:39:08.152,0.90676,0.90694,0.84,1.70
2009.10.08 18:39:14.942,0.90681,0.90699,0.98,0.64
2009.10.08 18:39:19.081,0.90676,0.90694,0.96,2.20
2009.10.08 18:39:27.154,0.90669,0.90684,0.57,0.42
2009.10.08 18:39:27.386,0.90668,0.90684,1.40,1.30
2009.10.08 18:39:27.471,0.90671,0.90686,2.00,1.50
2009.10.08 18:39:27.724,0.90666,0.90684,0.55,0.52
2009.10.08 18:39:27.892,0.90671,0.90686,0.92,1.20
2009.10.08 18:39:28.033,0.90681,0.90696,2.70,0.84
2009.10.08 18:39:28.505,0.90673,0.90689,0.48,1.60
2009.10.08 18:39:28.769,0.90671,0.90689,0.92,0.98
2009.10.08 18:39:36.166,0.90676,0.90694,1.90,0.54
2009.10.08 18:39:39.207,0.90669,0.90684,2.80,1.30
2009.10.08 18:39:39.580,0.90667,0.90684,0.82,0.65
2009.10.08 18:39:39.764,0.90666,0.90684,2.50,1.10
2009.10.08 18:39:45.018,0.90659,0.90669,1.50,0.77
2009.10.08 18:39:45.525,0.90657,0.90669,0.27,0.64
2009.10.08 18:39:47.070,0.90656,0.90674,1.30,1.40
2009.10.08 18:39:57.476,0.90649,0.90664,1.00,0.94
2009.10.08 18:39:57.662,0.90646,0.90664,1.20,0.53
2009.10.08 18:40:05.268,0.90641,0.90659,0.86,2.30
2009.10.08 18:40:34.407,0.90636,0.90654,3.10,1.70
2009.10.08 18:40:35.237,0.90641,0.90659,0.84,3.30
2009.10.08 18:40:36.921,0.90636,0.90654,1.10,0.52
2009.10.08 18:40:37.486,0.90641,0.90659,1.40,1.00
2009.10.08 18:41:28.485,0.90636,0.90654,0.70,0.68
2009.10.08 18:41:29.595,0.90641,0.90659,0.77,1.10
2009.10.08 18:41:41.204,0.90644,0.90659,0.63,0.99
2009.10.08 18:41:41.467,0.90646,0.90661,3.80,0.53
2009.10.08 18:41:41.672,0.90644,0.90654,1.40,0.86
2009.10.08 18:41:41.935,0.90636,0.90654,0.24,1.60
2009.10.08 18:41:42.178,0.90641,0.90659,0.67,3.20
2009.10.08 18:41:43.136,0.90636,0.90654,0.50,1.70
2009.10.08 18:41:44.208,0.90631,0.90649,2.20,1.80
2009.10.08 18:41:44.635,0.90626,0.90644,0.96,4.40
2009.10.08 18:41:44.788,0.90621,0.90639,1.10,0.55
2009.10.08 18:41:52.667,0.90616,0.90634,0.41,1.30
2009.10.08 18:42:14.695,0.90621,0.90639,0.54,0.29
2009.10.08 18:42:17.572,0.90616,0.90634,0.61,2.00
2009.10.08 18:42:21.306,0.90611,0.90629,1.80,2.40
2009.10.08 18:42:23.445,0.90614,0.90629,1.90,0.84
2009.10.08 18:42:23.914,0.90616,0.90634,2.20,0.94
2009.10.08 18:42:27.068,0.90621,0.90639,2.50,1.80
2009.10.08 18:42:27.528,0.90624,0.90639,2.60,0.56
2009.10.08 18:42:27.689,0.90626,0.90642,0.91,0.28
2009.10.08 18:42:28.181,0.90621,0.90639,1.20,0.45
2009.10.08 18:42:28.304,0.90616,0.90634,0.44,0.69
2009.10.08 18:42:28.440,0.90607,0.90624,0.94,2.40
2009.10.08 18:42:28.629,0.90606,0.90624,0.54,0.99
2009.10.08 18:42:28.990,0.90616,0.90631,0.99,0.55
2009.10.08 18:42:29.477,0.90611,0.90629,2.70,3.60
2009.10.08 18:42:33.311,0.90614,0.90632,1.20,5.20
2009.10.08 18:42:40.452,0.90619,0.90634,0.53,1.10
2009.10.08 18:42:42.317,0.90614,0.90632,1.30,1.10
2009.10.08 18:42:46.205,0.90609,0.90627,0.79,0.53
2009.10.08 18:42:47.084,0.90619,0.90631,1.20,0.30
2009.10.08 18:42:47.915,0.90609,0.90627,0.65,1.10
2009.10.08 18:42:48.310,0.90614,0.90629,1.60,1.50
2009.10.08 18:42:51.235,0.90619,0.90634,0.69,0.55
2009.10.08 18:42:54.441,0.90624,0.90638,1.40,0.71
2009.10.08 18:42:55.931,0.90619,0.90637,1.20,1.10
2009.10.08 18:42:56.652,0.90617,0.9064,2.40,1.20
2009.10.08 18:43:05.119,0.90622,0.90639,0.36,1.10
2009.10.08 18:43:29.069,0.90617,0.90636,1.20,1.10
2009.10.08 18:43:33.713,0.90612,0.90635,2.60,0.86
2009.10.08 18:43:52.081,0.90607,0.90626,1.20,0.74
2009.10.08 18:43:52.416,0.90599,0.90616,0.45,1.40
2009.10.08 18:43:52.753,0.90597,0.90616,1.60,1.10
2009.10.08 18:44:02.453,0.90592,0.90606,2.80,1.50
2009.10.08 18:44:04.564,0.90597,0.90611,1.80,1.70
2009.10.08 18:44:15.703,0.90592,0.90606,0.97,2.60
2009.10.08 18:44:17.150,0.90594,0.90615,0.94,0.59
2009.10.08 18:44:17.984,0.90597,0.90616,0.97,1.80
2009.10.08 18:44:24.306,0.90602,0.90622,1.80,3.20
2009.10.08 18:44:24.643,0.90597,0.90616,1.00,2.50
2009.10.08 18:44:26.258,0.90602,0.90625,1.70,0.77
2009.10.08 18:44:26.507,0.90604,0.90625,1.60,0.57
2009.10.08 18:44:26.785,0.90607,0.90625,1.30,1.70
2009.10.08 18:44:27.119,0.90602,0.90625,1.70,1.10
2009.10.08 18:44:43.405,0.90607,0.90626,1.60,2.70
2009.10.08 18:44:43.697,0.90602,0.90625,1.80,0.45
2009.10.08 18:44:48.011,0.90607,0.90626,0.35,1.30
2009.10.08 18:44:48.622,0.90602,0.90625,0.37,1.10
2009.10.08 18:44:48.920,0.90607,0.90626,0.92,0.77
2009.10.08 18:45:02.129,0.90612,0.90635,1.00,1.30
2009.10.08 18:45:02.446,0.90607,0.9063,1.60,0.93
2009.10.08 18:45:02.977,0.90612,0.90635,1.30,2.70
2009.10.08 18:45:03.156,0.90613,0.90635,0.42,0.59
2009.10.08 18:45:03.581,0.90614,0.90635,2.50,1.40
2009.10.08 18:45:03.888,0.90617,0.90639,0.78,1.70
2009.10.08 18:45:04.099,0.90622,0.90644,2.40,3.30
2009.10.08 18:45:04.900,0.90627,0.90648,0.52,2.90
2009.10.08 18:45:05.040,0.90632,0.90654,0.92,0.70
2009.10.08 18:45:05.506,0.90627,0.9065,0.54,1.40
2009.10.08 18:45:06.307,0.90632,0.90651,0.79,0.95
2009.10.08 18:45:17.365,0.90637,0.90656,1.60,0.82
2009.10.08 18:45:35.433,0.90642,0.90664,0.47,1.80
2009.10.08 18:45:35.671,0.90637,0.9066,2.50,0.81
2009.10.08 18:45:37.289,0.90642,0.90665,0.83,4.40
2009.10.08 18:45:37.766,0.90637,0.9066,1.20,0.83
2009.10.08 18:45:43.551,0.90642,0.90665,0.96,0.17
2009.10.08 18:45:49.592,0.90639,0.90662,3.80,0.60
2009.10.08 18:45:50.152,0.90634,0.90657,0.59,2.00
2009.10.08 18:45:52.059,0.90626,0.90647,1.70,0.71
2009.10.08 18:45:52.113,0.90625,0.90647,1.30,1.20
2009.10.08 18:45:52.268,0.90624,0.90647,1.40,0.61
2009.10.08 18:45:52.423,0.9062,0.90637,0.68,0.64
2009.10.08 18:45:52.551,0.90616,0.90637,0.93,0.44
2009.10.08 18:45:52.610,0.90615,0.90637,0.57,0.83
2009.10.08 18:45:52.694,0.90614,0.90637,0.19,2.60
2009.10.08 18:45:52.780,0.90617,0.90637,3.50,0.87
2009.10.08 18:45:52.966,0.90614,0.90637,1.60,1.90
2009.10.08 18:46:17.084,0.90616,0.90637,1.10,1.40
2009.10.08 18:46:17.727,0.90619,0.90642,1.60,0.80
2009.10.08 18:46:18.691,0.90616,0.90637,1.10,0.64
2009.10.08 18:46:22.126,0.90619,0.90642,2.20,1.30
2009.10.08 18:46:22.726,0.90616,0.90637,0.70,0.57
2009.10.08 18:46:25.896,0.90619,0.90642,3.40,0.54
2009.10.08 18:46:30.289,0.90616,0.90637,1.20,0.84
2009.10.08 18:46:31.344,0.90619,0.90642,0.97,0.76
2009.10.08 18:46:39.108,0.90623,0.90642,1.00,1.30
2009.10.08 18:46:39.649,0.90624,0.90642,3.00,0.42
2009.10.08 18:46:39.978,0.90629,0.90647,1.80,0.69
2009.10.08 18:46:41.665,0.90624,0.90647,1.00,1.70
2009.10.08 18:46:44.073,0.90629,0.90652,0.52,0.83
2009.10.08 18:46:44.575,0.90624,0.90647,0.69,2.00
2009.10.08 18:46:46.400,0.90629,0.90652,0.94,0.36
2009.10.08 18:46:46.990,0.90624,0.90647,2.00,3.90
2009.10.08 18:46:49.061,0.90629,0.90652,0.83,0.74
2009.10.08 18:46:49.811,0.90624,0.90647,0.82,0.32
2009.10.08 18:46:50.035,0.90629,0.90651,0.59,2.10
2009.10.08 18:46:51.685,0.90624,0.90647,0.78,1.50
2009.10.08 18:46:53.009,0.90629,0.90652,0.73,1.30
2009.10.08 18:46:53.976,0.90624,0.90647,1.40,0.65
2009.10.08 18:46:55.461,0.90629,0.90652,0.74,0.91
2009.10.08 18:46:57.722,0.90624,0.90647,0.91,1.50
2009.10.08 18:46:58.450,0.90629,0.90651,1.50,0.79
2009.10.08 18:46:59.104,0.90624,0.90647,0.72,1.40
2009.10.08 18:47:07.048,0.90629,0.90651,2.00,0.92
2009.10.08 18:47:34.861,0.90624,0.90647,0.69,1.70
2009.10.08 18:48:29.070,0.90625,0.90647,1.60,0.74
2009.10.08 18:48:29.257,0.90626,0.90647,1.40,2.30
2009.10.08 18:48:29.443,0.90629,0.90652,0.74,1.10
2009.10.08 18:48:29.571,0.90634,0.90652,1.50,0.69
2009.10.08 18:48:29.813,0.90635,0.90652,0.46,0.94
2009.10.08 18:48:29.877,0.90639,0.9066,0.72,0.79
2009.10.08 18:48:39.049,0.90641,0.90662,0.83,1.00
2009.10.08 18:48:39.581,0.90644,0.90666,1.40,2.10
2009.10.08 18:48:39.837,0.90639,0.90662,1.40,0.98
2009.10.08 18:48:52.637,0.90644,0.90662,1.90,0.84
2009.10.08 18:48:53.543,0.90639,0.90662,1.70,1.30
2009.10.08 18:49:02.377,0.90641,0.90662,2.50,0.98
2009.10.08 18:49:02.970,0.90644,0.90666,0.89,0.83
2009.10.08 18:49:03.884,0.90639,0.90662,0.77,1.50
2009.10.08 18:49:21.142,0.90641,0.90662,0.85,0.92
2009.10.08 18:49:21.507,0.90639,0.90662,1.50,2.30
2009.10.08 18:49:29.022,0.90634,0.90657,1.80,0.85
2009.10.08 18:49:42.608,0.90639,0.90661,2.40,0.94
2009.10.08 18:49:46.317,0.90634,0.90657,0.71,1.60
2009.10.08 18:49:48.114,0.90639,0.90662,1.30,0.92
2009.10.08 18:50:14.816,0.90644,0.90662,1.00,1.70
2009.10.08 18:50:31.912,0.90646,0.90667,0.32,0.47
2009.10.08 18:50:35.166,0.90644,0.90667,1.10,0.60
2009.10.08 18:50:35.605,0.90641,0.90662,0.80,0.55
2009.10.08 18:50:36.334,0.90639,0.90662,0.54,3.20
2009.10.08 18:50:36.546,0.90636,0.90657,1.30,2.10
2009.10.08 18:51:07.444,0.90634,0.90657,0.66,1.50
2009.10.08 18:51:07.769,0.90631,0.90652,0.87,2.10
2009.10.08 18:51:49.227,0.90629,0.90652,0.78,0.49
2009.10.08 18:52:05.899,0.90624,0.90646,1.70,1.30
2009.10.08 18:52:07.307,0.90625,0.90646,2.30,1.20
2009.10.08 18:52:07.532,0.90634,0.90651,0.63,1.20
2009.10.08 18:52:07.854,0.90629,0.90652,0.67,1.60
2009.10.08 18:52:09.704,0.90624,0.90646,1.50,1.80
2009.10.08 18:52:16.097,0.90619,0.90637,0.63,0.97
2009.10.08 18:52:16.648,0.90614,0.90637,2.80,1.20
2009.10.08 18:52:29.114,0.90619,0.90637,0.97,1.70
2009.10.08 18:52:29.613,0.9062,0.90642,1.60,1.30
2009.10.08 18:52:29.902,0.90623,0.90642,1.10,2.00
2009.10.08 18:52:30.234,0.90624,0.90646,1.50,3.50
2009.10.08 18:52:34.569,0.90622,0.90642,0.81,0.78
2009.10.08 18:52:43.117,0.90619,0.90642,1.30,1.60
2009.10.08 18:52:43.537,0.90617,0.90637,0.63,1.60
2009.10.08 18:52:43.961,0.90614,0.90637,1.90,0.49
2009.10.08 18:53:06.104,0.90617,0.90637,1.40,0.68
2009.10.08 18:53:06.229,0.90619,0.90637,0.78,0.42
2009.10.08 18:53:06.475,0.90634,0.90645,0.33,1.30
2009.10.08 18:53:06.540,0.90629,0.90642,2.50,0.24
2009.10.08 18:53:06.807,0.90624,0.90642,0.80,0.57
2009.10.08 18:53:06.887,0.90619,0.90642,1.20,1.70
2009.10.08 18:53:26.594,0.90624,0.90643,1.20,1.50
2009.10.08 18:53:27.181,0.90619,0.90642,1.40,1.20
2009.10.08 18:53:27.898,0.90624,0.90645,4.20,2.00
2009.10.08 18:53:32.920,0.90619,0.90642,1.40,0.79
2009.10.08 18:53:33.203,0.90624,0.90645,0.73,1.50
2009.10.08 18:53:36.404,0.90619,0.90642,0.79,0.55
2009.10.08 18:53:36.517,0.90614,0.90637,0.54,0.97
2009.10.08 18:53:40.001,0.90616,0.90637,0.66,0.99
2009.10.08 18:53:40.937,0.90619,0.90642,1.70,0.80
2009.10.08 18:53:45.612,0.90618,0.90641,0.58,1.00
2009.10.08 18:53:49.220,0.90619,0.90641,1.50,0.58
2009.10.08 18:53:49.405,0.90627,0.90641,1.00,1.00
2009.10.08 18:53:49.732,0.90633,0.90649,0.95,0.63
2009.10.08 18:53:49.863,0.90638,0.90656,0.82,0.75
2009.10.08 18:53:50.272,0.90633,0.90656,0.73,0.41
2009.10.08 18:53:50.793,0.90628,0.90651,1.10,0.87
2009.10.08 18:54:21.208,0.90624,0.90646,0.39,0.80
2009.10.08 18:54:21.587,0.90628,0.90651,1.10,0.92
2009.10.08 18:54:21.788,0.90624,0.90646,0.74,2.20
2009.10.08 18:54:29.111,0.90623,0.90646,0.97,1.20
2009.10.08 18:54:29.486,0.90624,0.90646,1.40,2.40
2009.10.08 18:54:29.979,0.90623,0.90646,0.78,0.76
2009.10.08 18:54:30.737,0.90618,0.90641,0.74,0.32
2009.10.08 18:54:36.410,0.9062,0.90641,0.68,0.49
2009.10.08 18:54:37.004,0.90623,0.90646,0.66,0.90
2009.10.08 18:54:42.188,0.90624,0.90646,1.00,1.10
2009.10.08 18:54:42.347,0.90623,0.90646,1.70,0.86
2009.10.08 18:54:42.946,0.90624,0.90646,3.40,0.88
2009.10.08 18:54:43.317,0.90626,0.90646,0.79,0.53
2009.10.08 18:54:43.778,0.90628,0.90651,3.30,1.50
2009.10.08 18:54:50.388,0.90623,0.90646,0.96,1.40
2009.10.08 18:54:51.872,0.90624,0.90646,1.80,0.50
2009.10.08 18:54:52.170,0.90625,0.90646,3.20,1.40
2009.10.08 18:54:52.785,0.90628,0.90651,0.52,2.50
2009.10.08 18:55:00.077,0.90624,0.90646,0.63,1.10
2009.10.08 18:55:06.187,0.90623,0.90646,1.10,0.50
2009.10.08 18:55:08.032,0.90615,0.90636,1.10,1.40
2009.10.08 18:55:08.269,0.90613,0.90636,0.75,0.87
2009.10.08 18:55:08.377,0.90611,0.90631,0.57,2.00
2009.10.08 18:55:08.446,0.9061,0.90631,1.50,2.30
2009.10.08 18:55:08.614,0.90608,0.90631,1.40,0.57
2009.10.08 18:55:08.800,0.90605,0.90626,0.69,1.30
2009.10.08 18:55:08.868,0.90604,0.90626,0.54,1.00
2009.10.08 18:55:09.457,0.90603,0.90626,1.30,0.65
2009.10.08 18:55:12.045,0.90598,0.90621,1.20,1.20
2009.10.08 18:55:12.538,0.90603,0.90626,0.98,0.55
2009.10.08 18:55:12.694,0.90598,0.90621,1.30,0.61
2009.10.08 18:55:13.328,0.90603,0.90626,0.41,0.50
2009.10.08 18:55:25.066,0.90608,0.90626,1.30,3.30
2009.10.08 18:55:25.384,0.90613,0.90626,2.60,0.80
2009.10.08 18:55:25.601,0.90608,0.90631,0.62,0.73
2009.10.08 18:55:25.919,0.90613,0.90631,1.90,1.70
2009.10.08 18:55:26.317,0.90608,0.90631,1.00,1.40
2009.10.08 18:55:27.291,0.90613,0.90631,1.10,0.97
2009.10.08 18:55:27.352,0.90608,0.90631,0.71,0.84
2009.10.08 18:55:27.767,0.90613,0.90631,3.20,1.80
2009.10.08 18:55:28.344,0.90608,0.90631,0.75,0.70
2009.10.08 18:55:28.950,0.90613,0.90631,0.75,0.49
2009.10.08 18:55:34.195,0.90608,0.90631,1.10,6.80
2009.10.08 18:55:34.587,0.90613,0.90631,3.10,0.24
2009.10.08 18:56:03.626,0.90608,0.90631,1.70,1.90
2009.10.08 18:56:41.202,0.90612,0.90631,0.68,0.99
2009.10.08 18:56:41.429,0.90608,0.90631,1.50,0.73
2009.10.08 18:56:41.813,0.90612,0.90631,0.40,1.10
2009.10.08 18:56:45.007,0.90608,0.90631,2.50,2.50
2009.10.08 18:56:45.980,0.90612,0.90631,0.53,0.65
2009.10.08 18:56:52.258,0.90608,0.90631,0.91,0.82
2009.10.08 18:56:52.647,0.90612,0.90631,0.74,2.70
2009.10.08 18:56:55.115,0.90617,0.90631,0.97,1.20
2009.10.08 18:56:55.236,0.90612,0.90631,1.50,0.43
2009.10.08 18:56:55.335,0.90617,0.90631,1.20,0.34
2009.10.08 18:56:55.515,0.90613,0.90636,2.00,0.78
2009.10.08 18:56:55.816,0.90617,0.90636,1.00,1.20
2009.10.08 18:56:55.868,0.90613,0.90636,0.87,1.60
2009.10.08 18:56:56.230,0.90617,0.90636,1.20,0.92
2009.10.08 18:56:59.838,0.90613,0.90636,0.86,1.40
2009.10.08 18:57:00.023,0.90617,0.90636,0.96,0.83
2009.10.08 18:57:00.160,0.90613,0.90636,1.10,0.92
2009.10.08 18:57:00.314,0.90617,0.90636,1.90,0.45
2009.10.08 18:57:00.435,0.90613,0.90636,1.30,0.64
2009.10.08 18:57:00.688,0.90612,0.90631,0.99,0.87
2009.10.08 18:57:00.769,0.90608,0.90631,1.40,1.10
2009.10.08 18:57:00.865,0.90612,0.90631,0.64,1.30
2009.10.08 18:57:01.369,0.90608,0.90631,1.20,0.80
2009.10.08 18:57:05.103,0.90617,0.90631,0.63,0.60
2009.10.08 18:57:05.300,0.90612,0.90631,0.89,0.65
2009.10.08 18:57:05.416,0.90613,0.90636,1.60,1.30
2009.10.08 18:57:05.606,0.90617,0.90636,1.60,0.43
2009.10.08 18:57:05.708,0.90613,0.90636,1.30,0.44
2009.10.08 18:57:05.940,0.90617,0.90636,0.92,1.20
2009.10.08 18:57:09.053,0.90613,0.90636,0.91,1.30
2009.10.08 18:57:17.503,0.90617,0.90636,0.59,1.20
2009.10.08 18:57:26.232,0.90613,0.90636,1.20,1.30
2009.10.08 18:57:27.008,0.90608,0.90631,0.53,0.49
2009.10.08 18:57:27.177,0.90611,0.90631,0.72,1.00
2009.10.08 18:57:27.413,0.90608,0.90631,1.50,1.10
2009.10.08 18:57:27.663,0.90606,0.90626,1.90,0.37
2009.10.08 18:57:27.756,0.90603,0.90626,0.99,0.89
2009.10.08 18:57:27.918,0.90606,0.90626,0.51,0.33
2009.10.08 18:57:28.068,0.90603,0.90624,0.88,0.54
2009.10.08 18:57:28.205,0.90606,0.90624,0.51,0.29
2009.10.08 18:57:28.239,0.90604,0.90624,1.30,0.74
2009.10.08 18:57:28.405,0.90603,0.90624,1.30,1.60
2009.10.08 18:57:28.553,0.90604,0.90623,1.70,0.64
2009.10.08 18:57:28.639,0.90603,0.90623,1.70,4.70
2009.10.08 18:57:28.738,0.90594,0.90616,0.75,1.10
2009.10.08 18:57:28.812,0.90596,0.90616,0.97,0.59
2009.10.08 18:57:28.925,0.90594,0.90616,2.20,0.92
2009.10.08 18:57:30.087,0.90595,0.90616,1.00,0.61
2009.10.08 18:57:30.252,0.90598,0.90621,1.80,5.40
2009.10.08 18:57:30.538,0.90603,0.90618,0.51,0.72
2009.10.08 18:57:30.987,0.90598,0.90621,0.77,0.60
2009.10.08 18:57:34.218,0.90594,0.90616,2.50,1.20
2009.10.08 18:57:35.381,0.90598,0.90621,0.51,0.87
2009.10.08 18:59:35.065,0.90594,0.90614,0.30,1.40
2009.10.08 18:59:35.566,0.90593,0.90614,1.30,1.80
2009.10.08 18:59:37.649,0.90598,0.90621,0.61,0.75
2009.10.08 18:59:43.153,0.90597,0.90616,1.20,0.73
2009.10.08 18:59:43.340,0.90594,0.90614,0.42,0.67
2009.10.08 18:59:43.740,0.90598,0.90614,1.40,0.89
2009.10.08 18:59:49.095,0.90594,0.90616,0.68,1.90
2009.10.08 18:59:49.870,0.90598,0.90621,0.69,1.90
2009.10.08 18:59:52.110,0.90594,0.90614,0.48,0.55
2009.10.08 18:59:52.578,0.90593,0.90614,2.00,0.77
2009.10.08 18:59:56.762,0.90598,0.9062,4.10,0.81
