2010.04.02 10:00:37.594,0.91894,0.91926,1.40,1.10
2010.04.02 10:00:38.091,0.91904,0.91926,0.72,0.77
2010.04.02 10:00:38.264,0.91903,0.91921,0.40,1.90
2010.04.02 10:00:38.584,0.91899,0.91921,1.10,1.40
2010.04.02 10:00:38.813,0.91904,0.91921,0.75,5.20
2010.04.02 10:00:44.343,0.91909,0.91926,1.50,2.50
2010.04.02 10:00:47.367,0.91908,0.91926,1.50,1.00
2010.04.02 10:00:47.546,0.91906,0.91926,2.00,1.20
2010.04.02 10:01:01.185,0.91901,0.91921,1.80,1.40
2010.04.02 10:01:01.835,0.91904,0.91923,0.61,2.00
2010.04.02 10:01:02.037,0.91899,0.91913,1.30,2.10
2010.04.02 10:01:02.339,0.91897,0.91916,2.20,1.90
2010.04.02 10:01:02.563,0.91896,0.91916,1.30,2.70
2010.04.02 10:01:02.640,0.91898,0.91916,1.20,0.55
2010.04.02 10:01:02.915,0.91899,0.91918,1.20,1.70
2010.04.02 10:01:07.281,0.91901,0.91921,1.00,1.80
2010.04.02 10:01:07.546,0.91903,0.91921,2.10,2.10
2010.04.02 10:01:07.702,0.91904,0.91921,0.74,2.00
2010.04.02 10:01:18.722,0.91901,0.91921,1.40,1.20
2010.04.02 10:01:28.871,0.91906,0.91921,5.20,1.50
2010.04.02 10:02:12.151,0.91904,0.91926,1.90,0.83
2010.04.02 10:02:25.926,0.91902,0.91926,2.40,1.60
2010.04.02 10:02:59.180,0.91896,0.91918,1.30,1.80
2010.04.02 10:02:59.526,0.91899,0.91918,2.80,0.90
2010.04.02 10:02:59.818,0.91901,0.91921,0.54,3.10
2010.04.02 10:03:17.664,0.91894,0.91913,4.30,1.70
2010.04.02 10:03:18.337,0.91901,0.91912,0.85,1.30
2010.04.02 10:03:20.272,0.91894,0.91913,1.10,1.20
2010.04.02 10:03:21.210,0.91901,0.91912,2.00,1.70
2010.04.02 10:03:21.615,0.91896,0.91916,1.30,2.00
2010.04.02 10:03:23.900,0.91894,0.91913,2.00,3.30
2010.04.02 10:03:24.058,0.91896,0.91912,2.40,0.99
2010.04.02 10:03:24.469,0.91894,0.91913,1.10,1.70
2010.04.02 10:03:24.504,0.91893,0.91911,0.97,2.00
2010.04.02 10:03:24.806,0.91892,0.91911,1.20,1.40
2010.04.02 10:03:29.329,0.91889,0.91908,1.30,1.10
2010.04.02 10:03:30.226,0.91891,0.91911,1.70,0.86
2010.04.02 10:03:30.997,0.91892,0.91911,0.91,1.90
2010.04.02 10:03:33.079,0.91889,0.91909,2.40,2.00
2010.04.02 10:03:52.123,0.91892,0.91909,1.50,1.10
2010.04.02 10:03:52.397,0.91893,0.91909,5.10,1.70
2010.04.02 10:03:52.741,0.91894,0.91914,1.10,2.00
2010.04.02 10:04:30.086,0.91897,0.91914,3.70,0.57
2010.04.02 10:04:30.522,0.91899,0.91919,4.10,1.60
2010.04.02 10:04:30.992,0.91902,0.91919,3.10,2.00
2010.04.02 10:04:33.891,0.91901,0.91919,2.00,1.80
2010.04.02 10:04:35.550,0.91899,0.91918,2.40,1.30
2010.04.02 10:04:42.245,0.91904,0.91918,0.61,1.50
2010.04.02 10:04:42.632,0.91911,0.91919,3.80,1.60
2010.04.02 10:04:42.991,0.91914,0.91919,1.60,1.40
2010.04.02 10:04:52.630,0.91924,0.91929,1.10,1.80
2010.04.02 10:04:53.178,0.91923,0.91941,1.10,1.10
2010.04.02 10:04:53.727,0.91919,0.91941,1.30,10.00
2010.04.02 10:05:47.548,0.91918,0.91939,0.56,1.70
2010.04.02 10:05:51.964,0.91924,0.91939,2.00,1.40
2010.04.02 10:06:03.726,0.91919,0.91936,0.86,1.90
2010.04.02 10:06:11.253,0.91914,0.91936,1.90,2.00
2010.04.02 10:06:24.117,0.91919,0.91936,1.90,1.20
2010.04.02 10:07:19.524,0.91913,0.91934,1.40,1.00
2010.04.02 10:07:30.530,0.91914,0.91934,1.10,0.67
2010.04.02 10:08:18.508,0.91912,0.91934,2.20,1.00
2010.04.02 10:08:30.159,0.91919,0.91934,4.90,0.89
2010.04.02 10:08:44.247,0.91924,0.91936,0.63,1.10
2010.04.02 10:08:51.927,0.91929,0.91946,1.80,1.00
2010.04.02 10:09:39.354,0.91924,0.91944,1.40,1.10
2010.04.02 10:09:45.066,0.91927,0.91946,1.40,1.50
2010.04.02 10:09:45.625,0.91928,0.91946,2.30,0.88
2010.04.02 10:09:45.681,0.91929,0.91946,1.80,0.44
2010.04.02 10:09:52.187,0.91932,0.91951,1.60,0.76
2010.04.02 10:09:52.317,0.91933,0.91951,2.40,0.88
2010.04.02 10:09:52.684,0.91934,0.91952,1.60,1.20
2010.04.02 10:09:52.821,0.91929,0.91951,2.20,1.70
2010.04.02 10:09:54.274,0.91934,0.91951,0.78,1.10
2010.04.02 10:09:54.796,0.91929,0.91951,0.77,2.30
2010.04.02 10:09:56.322,0.9193,0.91951,0.86,1.40
2010.04.02 10:09:56.453,0.91934,0.91951,2.10,1.20
2010.04.02 10:09:56.862,0.91939,0.91956,1.90,1.30
2010.04.02 10:09:57.016,0.91941,0.91956,1.30,2.20
2010.04.02 10:09:57.767,0.91944,0.91956,2.80,1.90
2010.04.02 10:10:00.164,0.91949,0.91966,1.50,2.30
2010.04.02 10:10:00.446,0.91954,0.91966,1.30,2.10
2010.04.02 10:10:00.880,0.91949,0.91971,1.60,3.20
2010.04.02 10:10:02.194,0.91952,0.91971,0.48,2.20
2010.04.02 10:10:02.417,0.91954,0.91971,2.80,1.30
2010.04.02 10:10:02.603,0.91951,0.91971,0.68,2.90
2010.04.02 10:10:02.823,0.91949,0.91971,1.30,0.93
2010.04.02 10:10:28.261,0.91948,0.91966,1.80,1.20
2010.04.02 10:10:28.651,0.91944,0.91966,1.20,2.40
2010.04.02 10:10:28.702,0.91949,0.91966,2.10,0.78
2010.04.02 10:11:19.109,0.91947,0.91969,2.60,2.70
2010.04.02 10:11:19.561,0.91944,0.91964,1.50,1.40
2010.04.02 10:11:19.890,0.91949,0.91964,2.80,1.10
2010.04.02 10:12:04.261,0.91944,0.91966,0.60,2.20
2010.04.02 10:12:04.912,0.91949,0.91966,3.20,1.40
2010.04.02 10:12:06.647,0.91944,0.91966,2.70,0.60
2010.04.02 10:12:17.413,0.91949,0.91966,3.80,2.00
2010.04.02 10:12:17.781,0.91954,0.91966,1.40,1.70
2010.04.02 10:12:18.984,0.91949,0.91971,0.93,4.70
2010.04.02 10:12:29.259,0.91948,0.91966,1.10,1.70
2010.04.02 10:12:29.898,0.91944,0.91966,1.50,3.40
2010.04.02 10:13:26.616,0.9192,0.91962,1.50,0.94
2010.04.02 10:13:27.036,0.9194,0.91962,1.00,2.30
2010.04.02 10:13:27.304,0.91935,0.91962,0.34,1.60
2010.04.02 10:13:27.452,0.91939,0.91961,1.40,0.61
2010.04.02 10:13:27.564,0.91938,0.91956,0.79,1.40
2010.04.02 10:13:27.768,0.91934,0.91956,0.91,1.90
2010.04.02 10:13:27.911,0.91939,0.91956,2.00,1.60
2010.04.02 10:13:55.081,0.91944,0.91957,3.90,1.60
2010.04.02 10:14:50.580,0.91935,0.91962,5.60,1.90
2010.04.02 10:15:19.257,0.91946,0.91962,0.57,1.60
2010.04.02 10:15:19.390,0.91949,0.91962,0.86,1.80
2010.04.02 10:15:19.725,0.91954,0.91962,0.89,0.98
2010.04.02 10:15:20.529,0.91953,0.91962,2.20,2.20
2010.04.02 10:15:21.099,0.91949,0.91967,0.60,3.20
2010.04.02 10:15:21.561,0.91948,0.91966,0.90,2.10
2010.04.02 10:15:21.839,0.91944,0.91966,2.90,0.74
2010.04.02 10:15:44.406,0.91946,0.91966,1.30,1.90
2010.04.02 10:15:44.627,0.91949,0.91966,2.10,1.80
2010.04.02 10:15:54.536,0.91954,0.91971,1.50,2.20
2010.04.02 10:16:28.468,0.91952,0.91974,0.77,1.90
2010.04.02 10:16:58.029,0.91953,0.91974,1.50,1.90
2010.04.02 10:16:58.535,0.91954,0.91974,1.60,2.00
2010.04.02 10:17:39.425,0.91952,0.91976,1.00,1.50
2010.04.02 10:18:09.123,0.91953,0.91974,1.60,2.20
2010.04.02 10:19:00.308,0.91952,0.91974,2.50,0.58
2010.04.02 10:19:54.297,0.91954,0.91978,1.60,1.70
2010.04.02 10:20:29.143,0.91952,0.91974,3.70,0.63
2010.04.02 10:21:17.206,0.9196,0.91974,1.90,1.80
2010.04.02 10:21:17.640,0.91964,0.91974,2.00,2.90
2010.04.02 10:21:19.928,0.91959,0.91979,1.20,2.10
2010.04.02 10:21:21.086,0.91964,0.91979,0.58,0.98
2010.04.02 10:21:22.974,0.91969,0.91984,1.00,2.00
2010.04.02 10:21:23.459,0.91974,0.91989,1.10,1.70
2010.04.02 10:21:25.002,0.91978,0.91994,1.80,1.10
2010.04.02 10:21:25.440,0.91979,0.91996,3.10,1.50
2010.04.02 10:21:25.798,0.91984,0.91999,1.30,2.00
2010.04.02 10:21:27.026,0.9198,0.92001,2.10,1.10
2010.04.02 10:21:27.527,0.91979,0.92001,1.10,1.50
2010.04.02 10:21:28.230,0.91978,0.91996,1.80,1.20
2010.04.02 10:21:28.722,0.91976,0.91994,2.00,2.20
2010.04.02 10:21:32.107,0.91979,0.91996,1.80,1.30
2010.04.02 10:21:32.735,0.91984,0.91996,2.20,1.60
2010.04.02 10:21:35.433,0.91989,0.92004,2.70,1.90
2010.04.02 10:21:35.790,0.91994,0.92009,0.87,1.70
2010.04.02 10:21:36.130,0.91993,0.92011,1.50,1.30
2010.04.02 10:21:36.209,0.91989,0.92011,1.00,1.50
2010.04.02 10:21:36.406,0.91994,0.92009,3.70,2.00
2010.04.02 10:21:36.630,0.91993,0.92011,1.40,2.60
2010.04.02 10:21:36.777,0.91989,0.92011,1.30,1.30
2010.04.02 10:21:36.920,0.91994,0.92009,1.20,1.90
2010.04.02 10:21:37.403,0.91989,0.92009,0.49,2.40
2010.04.02 10:21:37.841,0.91994,0.92009,1.30,0.78
2010.04.02 10:21:38.027,0.91989,0.92011,2.10,2.30
2010.04.02 10:21:38.894,0.91986,0.92006,2.00,0.86
2010.04.02 10:21:39.780,0.91984,0.92006,0.85,0.98
2010.04.02 10:21:42.151,0.91979,0.91999,1.20,1.60
2010.04.02 10:21:44.404,0.91983,0.91999,1.20,0.65
2010.04.02 10:21:44.728,0.91984,0.91999,0.85,2.50
2010.04.02 10:21:45.088,0.91985,0.92006,0.86,0.73
2010.04.02 10:21:48.072,0.91984,0.92006,3.60,2.10
2010.04.02 10:21:48.546,0.91983,0.92001,1.10,1.50
2010.04.02 10:21:48.891,0.91979,0.92001,1.10,2.90
2010.04.02 10:21:50.132,0.91976,0.91994,2.30,2.50
2010.04.02 10:21:50.593,0.91981,0.91994,1.70,2.70
2010.04.02 10:21:50.970,0.91984,0.92004,0.76,1.30
2010.04.02 10:21:53.168,0.91983,0.92001,1.50,2.70
2010.04.02 10:21:53.693,0.91979,0.92001,1.30,0.73
2010.04.02 10:22:31.032,0.91967,0.91999,1.10,1.50
2010.04.02 10:22:45.263,0.91977,0.91999,2.30,1.40
2010.04.02 10:22:48.638,0.91978,0.91999,1.00,0.89
2010.04.02 10:23:28.109,0.91974,0.92006,1.90,1.70
2010.04.02 10:23:32.372,0.91981,0.92005,1.20,1.90
2010.04.02 10:24:30.514,0.91978,0.92006,5.10,1.00
2010.04.02 10:24:36.635,0.91974,0.91996,2.70,2.40
2010.04.02 10:24:37.789,0.91979,0.91991,1.60,1.50
2010.04.02 10:24:48.806,0.91981,0.92001,0.92,1.40
2010.04.02 10:24:49.013,0.91984,0.92001,2.10,2.30
2010.04.02 10:24:49.859,0.91986,0.92001,0.98,0.68
2010.04.02 10:24:56.040,0.91991,0.92006,2.80,1.30
2010.04.02 10:24:59.116,0.91994,0.92011,2.20,1.40
2010.04.02 10:24:59.647,0.91996,0.92012,2.20,0.62
2010.04.02 10:25:13.442,0.91989,0.92006,1.60,2.80
2010.04.02 10:25:13.592,0.91986,0.92006,0.76,4.20
2010.04.02 10:25:14.160,0.91989,0.92006,1.50,2.30
2010.04.02 10:25:14.645,0.91996,0.92006,1.80,2.30
2010.04.02 10:25:25.483,0.91986,0.92006,2.20,1.40
2010.04.02 10:25:58.169,0.91984,0.92008,1.00,1.20
2010.04.02 10:26:22.337,0.9198,0.92001,0.94,1.30
2010.04.02 10:26:22.909,0.91979,0.92001,2.80,1.00
2010.04.02 10:26:27.983,0.91974,0.91996,1.90,1.50
2010.04.02 10:26:28.409,0.9197,0.91991,3.30,1.00
2010.04.02 10:26:28.539,0.91974,0.91991,1.40,2.90
2010.04.02 10:26:31.184,0.91973,0.91986,1.60,1.90
2010.04.02 10:26:31.311,0.91966,0.91986,1.80,2.00
2010.04.02 10:26:31.610,0.91964,0.91986,0.90,2.50
2010.04.02 10:26:31.812,0.91969,0.91986,3.90,1.20
2010.04.02 10:27:10.234,0.91964,0.91996,2.50,0.97
2010.04.02 10:27:10.633,0.91974,0.91996,1.40,1.10
2010.04.02 10:27:59.152,0.91973,0.91996,3.20,1.50
2010.04.02 10:28:14.270,0.91974,0.91996,2.40,2.20
2010.04.02 10:29:57.125,0.91979,0.91996,0.71,1.30
2010.04.02 10:29:57.387,0.91984,0.91996,2.10,0.88
2010.04.02 10:29:57.933,0.91979,0.92001,1.70,1.30
2010.04.02 10:30:14.329,0.91984,0.92001,2.40,1.40
2010.04.02 10:30:51.974,0.91989,0.92006,2.60,1.00
2010.04.02 10:30:53.321,0.91994,0.92011,0.71,2.30
2010.04.02 10:30:58.389,0.91999,0.92016,2.50,4.30
2010.04.02 10:31:28.102,0.91994,0.92016,1.60,0.64
2010.04.02 10:31:31.166,0.91988,0.92006,2.00,4.60
2010.04.02 10:31:31.627,0.91986,0.92006,1.70,1.30
2010.04.02 10:31:47.870,0.91994,0.92006,3.60,1.20
2010.04.02 10:31:58.202,0.9199,0.92011,1.10,1.40
2010.04.02 10:31:58.770,0.91989,0.92011,2.90,1.80
2010.04.02 10:32:25.891,0.91992,0.92011,1.20,1.00
2010.04.02 10:32:26.248,0.91989,0.92006,1.00,1.10
2010.04.02 10:32:26.943,0.91987,0.92006,0.71,2.70
2010.04.02 10:32:37.491,0.91986,0.92006,0.61,4.00
2010.04.02 10:32:49.001,0.91989,0.92006,2.00,2.50
2010.04.02 10:32:49.271,0.92004,0.92006,4.10,3.30
2010.04.02 10:32:49.365,0.91998,0.92006,2.20,1.30
2010.04.02 10:32:49.631,0.92003,0.92006,1.80,1.60
2010.04.02 10:32:49.691,0.91999,0.92016,0.54,3.00
2010.04.02 10:32:49.947,0.91998,0.92016,1.50,2.80
2010.04.02 10:32:50.095,0.91994,0.92016,0.99,0.60
2010.04.02 10:32:51.781,0.91996,0.92016,1.20,0.96
2010.04.02 10:32:54.469,0.92004,0.92016,2.10,2.70
2010.04.02 10:32:54.919,0.92006,0.92022,1.30,0.91
2010.04.02 10:33:12.233,0.92004,0.92026,2.00,1.40
2010.04.02 10:33:12.531,0.92006,0.92026,4.60,1.40
2010.04.02 10:33:18.567,0.92004,0.92026,2.70,2.20
2010.04.02 10:33:27.356,0.91999,0.92026,0.96,1.60
2010.04.02 10:33:28.478,0.91995,0.92016,1.00,3.10
2010.04.02 10:33:28.677,0.91994,0.92016,2.20,1.00
2010.04.02 10:33:29.084,0.91999,0.92016,1.10,1.30
2010.04.02 10:33:29.727,0.91994,0.92016,0.56,2.00
2010.04.02 10:33:30.582,0.91999,0.92016,1.40,1.50
2010.04.02 10:33:35.074,0.92004,0.92021,2.00,2.30
2010.04.02 10:33:36.944,0.91999,0.92021,2.20,1.20
2010.04.02 10:34:12.641,0.91987,0.92026,4.90,1.40
2010.04.02 10:34:13.205,0.91995,0.92019,1.40,1.30
2010.04.02 10:34:15.158,0.91994,0.92016,0.53,2.00
2010.04.02 10:34:16.369,0.91999,0.92016,2.20,0.80
2010.04.02 10:34:18.392,0.91994,0.92016,0.89,1.50
2010.04.02 10:34:24.149,0.91993,0.92011,0.94,3.60
2010.04.02 10:34:24.326,0.9199,0.92011,1.60,1.60
2010.04.02 10:34:24.469,0.91989,0.92009,1.10,0.81
2010.04.02 10:34:24.629,0.91987,0.92006,2.10,0.96
2010.04.02 10:34:24.799,0.91986,0.92004,1.80,2.20
2010.04.02 10:34:24.911,0.91985,0.92004,4.20,2.00
2010.04.02 10:34:27.311,0.91984,0.92004,1.60,0.72
2010.04.02 10:34:27.662,0.91983,0.91999,1.00,1.50
2010.04.02 10:34:27.836,0.91982,0.91999,5.60,1.50
2010.04.02 10:34:28.456,0.9198,0.91999,1.10,1.20
2010.04.02 10:34:29.206,0.91984,0.92001,1.50,0.79
2010.04.02 10:34:43.103,0.91989,0.92004,2.40,2.50
2010.04.02 10:34:53.776,0.91984,0.92004,2.80,0.93
2010.04.02 10:35:01.625,0.91989,0.92004,1.10,2.00
2010.04.02 10:35:19.034,0.91994,0.92009,1.90,0.82
2010.04.02 10:36:52.262,0.91992,0.92015,1.90,2.50
2010.04.02 10:37:26.382,0.91989,0.92011,0.95,1.80
2010.04.02 10:37:27.900,0.91984,0.92004,2.00,1.70
2010.04.02 10:37:39.376,0.91978,0.91994,2.10,0.88
2010.04.02 10:37:39.634,0.91984,0.91994,0.78,0.91
2010.04.02 10:37:41.043,0.91978,0.91994,0.46,0.72
2010.04.02 10:37:41.681,0.91984,0.91994,1.40,1.10
2010.04.02 10:37:42.061,0.91994,0.92004,1.40,0.49
2010.04.02 10:37:45.846,0.91989,0.92009,2.60,0.96
2010.04.02 10:37:47.412,0.91994,0.92009,2.30,1.10
2010.04.02 10:38:32.047,0.91992,0.92011,0.88,1.60
2010.04.02 10:38:32.223,0.91989,0.92011,2.70,1.90
2010.04.02 10:38:32.277,0.91988,0.92006,2.10,2.60
2010.04.02 10:38:32.492,0.91984,0.92006,1.70,1.60
2010.04.02 10:38:32.610,0.91986,0.92006,1.20,1.10
2010.04.02 10:38:32.738,0.91984,0.92006,0.83,3.90
2010.04.02 10:38:32.786,0.91983,0.92001,1.90,0.78
2010.04.02 10:38:32.926,0.91981,0.92001,0.91,1.20
2010.04.02 10:38:33.764,0.91979,0.92001,0.81,1.40
2010.04.02 10:38:35.560,0.91984,0.92001,0.63,0.85
2010.04.02 10:39:47.221,0.91979,0.92001,1.40,1.00
2010.04.02 10:39:55.240,0.91983,0.91999,1.00,2.00
2010.04.02 10:39:55.716,0.91984,0.92001,1.50,3.20
2010.04.02 10:40:31.166,0.91982,0.92004,1.40,3.50
2010.04.02 10:40:31.970,0.91984,0.92005,1.90,1.20
2010.04.02 10:41:26.298,0.91979,0.92001,1.50,0.80
2010.04.02 10:41:26.608,0.91974,0.91996,1.30,1.20
2010.04.02 10:41:29.485,0.91979,0.91996,0.58,0.77
2010.04.02 10:41:32.332,0.91974,0.91996,2.00,1.00
2010.04.02 10:41:39.171,0.91979,0.91996,1.20,2.30
2010.04.02 10:41:40.250,0.91974,0.91996,2.60,0.96
2010.04.02 10:44:46.117,0.9197,0.91991,0.80,1.20
2010.04.02 10:46:26.841,0.91964,0.91996,0.87,1.10
2010.04.02 10:46:36.072,0.9197,0.91995,3.00,1.80
2010.04.02 10:47:23.856,0.91964,0.91996,1.80,3.00
2010.04.02 10:47:31.274,0.9197,0.91995,1.70,1.70
2010.04.02 10:48:20.365,0.91964,0.91996,1.10,1.80
2010.04.02 10:48:26.559,0.9197,0.91995,0.65,1.80
2010.04.02 10:49:17.175,0.91964,0.91996,1.40,1.50
2010.04.02 10:49:21.326,0.9197,0.91995,1.50,2.20
2010.04.02 10:50:14.506,0.91964,0.91996,5.40,2.40
2010.04.02 10:50:16.205,0.9197,0.91995,1.30,0.53
2010.04.02 10:50:57.781,0.91964,0.91996,2.50,1.10
2010.04.02 10:51:11.948,0.9197,0.91995,2.30,0.67
2010.04.02 10:51:26.617,0.91968,0.91986,1.40,0.90
2010.04.02 10:51:27.488,0.91969,0.91986,3.20,2.00
2010.04.02 10:52:06.194,0.91968,0.91995,0.95,0.72
2010.04.02 10:52:18.170,0.91971,0.91995,2.30,4.20
2010.04.02 10:52:19.365,0.91974,0.91995,0.71,1.50
2010.04.02 10:52:19.926,0.91976,0.91995,0.85,2.30
2010.04.02 10:54:00.922,0.91972,0.91998,0.93,3.80
2010.04.02 10:54:26.444,0.91976,0.91998,2.20,0.82
2010.04.02 10:54:50.641,0.91973,0.91992,0.74,0.98
2010.04.02 10:55:22.407,0.91971,0.91998,1.20,1.50
2010.04.02 10:56:01.217,0.9197,0.91998,1.20,1.90
2010.04.02 10:56:22.179,0.91971,0.91998,1.10,0.88
2010.04.02 10:56:55.654,0.91968,0.9199,1.10,2.70
2010.04.02 10:57:16.322,0.91973,0.91995,1.90,1.10
2010.04.02 10:57:16.783,0.91974,0.91995,0.66,1.80
2010.04.02 10:57:30.226,0.91976,0.91995,0.63,1.20
2010.04.02 10:58:49.288,0.91972,0.91991,1.10,1.30
2010.04.02 10:58:49.772,0.9197,0.91991,2.30,1.10
2010.04.02 10:59:22.088,0.91964,0.92003,0.80,2.00
2010.04.02 10:59:23.196,0.91971,0.92003,2.40,1.30
2010.04.02 10:59:37.155,0.91974,0.91996,1.40,0.82
2010.04.02 10:59:37.852,0.91976,0.91996,1.40,1.40
