2008.04.08 22:00:10.746,0.92892,0.92918,0.70,1.60
2008.04.08 22:00:14.929,0.92902,0.92911,1.60,1.60
2008.04.08 22:00:38.124,0.92912,0.92919,0.91,0.81
2008.04.08 22:00:41.933,0.92922,0.92932,1.10,0.88
2008.04.08 22:00:58.208,0.92914,0.92938,1.10,2.10
2008.04.08 22:00:58.998,0.92912,0.92938,0.52,1.40
2008.04.08 22:01:02.194,0.92922,0.92934,1.00,0.58
2008.04.08 22:01:14.259,0.92914,0.92938,0.77,1.20
2008.04.08 22:01:14.848,0.92912,0.92935,0.75,0.57
2008.04.08 22:01:28.508,0.92922,0.92933,1.20,1.30
2008.04.08 22:01:34.990,0.92932,0.92943,1.30,1.40
2008.04.08 22:01:39.180,0.92924,0.92948,1.30,1.40
2008.04.08 22:01:39.431,0.92922,0.92943,0.91,0.96
2008.04.08 22:01:39.718,0.9292,0.92943,1.30,1.20
2008.04.08 22:01:39.946,0.92918,0.92938,0.98,0.95
2008.04.08 22:01:40.635,0.92916,0.92938,1.30,0.81
2008.04.08 22:01:42.451,0.92922,0.92938,1.70,2.00
2008.04.08 22:01:44.365,0.92932,0.92943,0.92,0.77
2008.04.08 22:01:49.286,0.92924,0.92948,0.94,0.89
2008.04.08 22:01:49.784,0.92922,0.92943,1.60,1.10
2008.04.08 22:01:50.222,0.92917,0.92943,0.55,1.20
2008.04.08 22:01:50.372,0.92916,0.92938,1.60,1.70
2008.04.08 22:01:50.588,0.92915,0.92938,0.90,1.30
2008.04.08 22:01:50.908,0.92914,0.92938,0.88,1.90
2008.04.08 22:01:53.194,0.92922,0.92938,1.40,1.50
2008.04.08 22:01:58.125,0.92914,0.92938,1.90,1.60
2008.04.08 22:01:58.569,0.92912,0.92933,1.40,2.20
2008.04.08 22:02:29.098,0.92908,0.92933,1.40,0.55
2008.04.08 22:02:29.252,0.92907,0.92932,1.70,1.20
2008.04.08 22:02:29.561,0.92905,0.9293,1.10,1.10
2008.04.08 22:02:29.971,0.92903,0.92928,0.86,0.85
2008.04.08 22:02:31.756,0.92902,0.92928,0.91,1.90
2008.04.08 22:02:38.385,0.92904,0.92928,0.67,2.30
2008.04.08 22:02:41.541,0.92912,0.92927,1.10,1.40
2008.04.08 22:02:44.402,0.92904,0.92928,1.20,0.63
2008.04.08 22:02:44.746,0.92902,0.92925,1.10,1.50
2008.04.08 22:02:52.048,0.92917,0.92925,0.94,1.40
2008.04.08 22:02:52.530,0.92909,0.92925,1.40,1.90
2008.04.08 22:02:52.788,0.92902,0.92925,0.96,1.00
2008.04.08 22:02:55.087,0.92912,0.92927,1.00,0.80
2008.04.08 22:03:00.166,0.92917,0.92928,0.55,1.70
2008.04.08 22:03:00.654,0.92912,0.92928,0.76,2.70
2008.04.08 22:03:19.254,0.92922,0.92934,0.94,1.60
2008.04.08 22:03:27.305,0.92914,0.92928,1.20,0.44
2008.04.08 22:04:09.962,0.9292,0.9294,1.30,1.90
2008.04.08 22:04:12.785,0.92917,0.92938,0.71,0.83
2008.04.08 22:04:13.553,0.9292,0.9294,1.00,1.40
2008.04.08 22:04:14.001,0.92922,0.92943,0.99,0.87
2008.04.08 22:04:23.563,0.92927,0.9294,0.64,1.10
2008.04.08 22:05:31.869,0.92924,0.92938,0.86,1.40
2008.04.08 22:05:33.980,0.92922,0.92938,0.96,1.80
2008.04.08 22:05:34.092,0.92927,0.92945,0.83,1.70
2008.04.08 22:05:44.109,0.92924,0.92938,0.62,1.70
2008.04.08 22:05:44.523,0.92922,0.92938,0.96,1.10
2008.04.08 22:05:44.671,0.92927,0.92945,2.20,1.10
2008.04.08 22:05:48.247,0.92924,0.92938,1.40,3.50
2008.04.08 22:05:48.707,0.92927,0.92948,0.79,1.10
2008.04.08 22:06:14.910,0.92924,0.92938,0.72,1.40
2008.04.08 22:06:18.449,0.92927,0.92948,1.40,2.60
2008.04.08 22:06:27.060,0.92932,0.9295,1.20,2.20
2008.04.08 22:06:47.676,0.92942,0.92954,1.10,1.70
2008.04.08 22:07:39.319,0.92952,0.92961,2.20,0.41
2008.04.08 22:07:40.189,0.92945,0.92968,0.88,1.10
2008.04.08 22:07:40.809,0.92942,0.92965,1.60,0.60
2008.04.08 22:07:44.223,0.92952,0.92964,1.10,1.10
2008.04.08 22:07:44.491,0.92945,0.92968,0.99,1.10
2008.04.08 22:07:44.887,0.92942,0.92965,1.00,1.50
2008.04.08 22:07:45.852,0.92952,0.92965,2.00,0.76
2008.04.08 22:07:46.273,0.92945,0.92965,1.20,1.50
2008.04.08 22:07:46.537,0.92943,0.92965,1.40,2.00
2008.04.08 22:07:46.992,0.92942,0.92965,1.00,1.90
2008.04.08 22:07:47.755,0.92952,0.92965,1.20,0.67
2008.04.08 22:07:48.236,0.92945,0.92968,0.99,0.67
2008.04.08 22:07:48.499,0.92943,0.92965,1.30,0.87
2008.04.08 22:07:48.515,0.92942,0.92965,1.20,2.40
2008.04.08 22:07:48.757,0.92952,0.92965,0.81,0.92
2008.04.08 22:07:54.312,0.92962,0.92971,0.62,0.79
2008.04.08 22:07:58.437,0.92952,0.92976,1.00,1.30
2008.04.08 22:08:03.592,0.92962,0.92973,0.96,0.92
2008.04.08 22:08:11.287,0.92955,0.92968,1.20,1.80
2008.04.08 22:08:11.539,0.92952,0.92968,1.30,2.10
2008.04.08 22:08:19.352,0.92962,0.92971,0.44,0.88
2008.04.08 22:08:19.796,0.92952,0.92976,0.97,3.10
2008.04.08 22:08:58.421,0.92945,0.92958,0.41,0.94
2008.04.08 22:09:16.905,0.92943,0.92958,1.20,1.00
2008.04.08 22:09:18.725,0.92942,0.92965,1.40,2.10
2008.04.08 22:09:19.635,0.92952,0.92965,0.83,1.20
2008.04.08 22:09:35.861,0.92962,0.92974,0.73,0.76
2008.04.08 22:09:41.187,0.92982,0.92987,1.50,1.10
2008.04.08 22:09:41.225,0.92977,0.92988,0.84,1.70
2008.04.08 22:09:41.531,0.92978,0.93001,0.89,1.10
2008.04.08 22:09:41.671,0.92974,0.92996,1.20,2.10
2008.04.08 22:09:41.928,0.92975,0.92996,1.90,1.10
2008.04.08 22:09:42.703,0.92974,0.92993,1.10,2.30
2008.04.08 22:09:43.095,0.92973,0.92991,0.92,1.80
2008.04.08 22:09:44.581,0.9297,0.92988,0.84,0.90
2008.04.08 22:09:47.165,0.92971,0.92988,1.10,0.94
2008.04.08 22:09:51.248,0.92966,0.92978,0.83,1.30
2008.04.08 22:09:51.374,0.92967,0.92988,0.69,1.20
2008.04.08 22:09:51.821,0.92968,0.92988,0.73,1.20
2008.04.08 22:09:52.227,0.92969,0.92988,1.10,1.10
2008.04.08 22:09:55.292,0.92971,0.92988,1.20,1.30
2008.04.08 22:09:55.483,0.92973,0.92988,0.79,0.88
2008.04.08 22:09:55.693,0.92972,0.92988,0.73,0.96
2008.04.08 22:10:05.283,0.92973,0.92988,1.90,0.79
2008.04.08 22:10:05.868,0.92971,0.92988,1.90,1.20
2008.04.08 22:10:07.356,0.9297,0.92988,1.10,0.84
2008.04.08 22:10:16.361,0.92971,0.92988,1.00,0.81
2008.04.08 22:10:17.401,0.9297,0.92988,1.90,1.40
2008.04.08 22:10:17.523,0.92969,0.92988,1.50,1.30
2008.04.08 22:10:24.961,0.9297,0.92988,0.98,0.96
2008.04.08 22:10:26.242,0.92971,0.92988,1.10,1.40
2008.04.08 22:10:26.797,0.92972,0.92995,1.40,1.60
2008.04.08 22:11:00.211,0.92974,0.92995,1.30,1.70
2008.04.08 22:11:01.827,0.92972,0.92988,1.40,0.86
2008.04.08 22:11:03.077,0.92982,0.92989,1.20,0.96
2008.04.08 22:11:03.382,0.92976,0.92998,1.20,2.20
2008.04.08 22:11:03.622,0.92973,0.92997,1.10,1.30
2008.04.08 22:11:03.939,0.92972,0.92997,1.20,1.20
2008.04.08 22:11:50.378,0.92971,0.92988,1.50,1.60
2008.04.08 22:11:59.462,0.92972,0.92988,0.80,1.60
2008.04.08 22:12:32.063,0.92982,0.92988,1.10,1.90
2008.04.08 22:12:32.506,0.92974,0.92993,0.99,2.00
2008.04.08 22:12:32.792,0.92972,0.92993,1.20,1.70
2008.04.08 22:12:51.210,0.92982,0.92988,1.10,0.92
2008.04.08 22:12:55.176,0.92976,0.92998,2.00,0.73
2008.04.08 22:12:55.589,0.92972,0.92997,1.20,1.50
2008.04.08 22:13:04.371,0.92971,0.92988,0.79,1.00
2008.04.08 22:13:04.868,0.92966,0.92988,0.98,1.10
2008.04.08 22:13:09.693,0.92961,0.92981,0.61,2.00
2008.04.08 22:13:11.418,0.92982,0.9298,1.20,0.97
2008.04.08 22:13:14.415,0.92976,0.92988,0.77,1.90
2008.04.08 22:13:14.545,0.92972,0.92988,0.71,0.53
2008.04.08 22:13:15.089,0.92966,0.92988,0.86,0.93
2008.04.08 22:13:15.733,0.92962,0.92987,0.95,1.10
2008.04.08 22:13:21.558,0.92972,0.92984,1.40,1.60
2008.04.08 22:14:40.636,0.92966,0.92978,1.20,1.40
2008.04.08 22:14:42.113,0.92964,0.92978,0.94,1.20
2008.04.08 22:14:42.801,0.92961,0.92978,0.89,1.10
2008.04.08 22:14:47.009,0.92962,0.92978,0.71,1.80
2008.04.08 22:14:47.707,0.92966,0.92978,0.79,1.70
2008.04.08 22:14:55.131,0.92961,0.92978,1.30,0.60
2008.04.08 22:14:59.406,0.92962,0.92978,1.10,1.40
2008.04.08 22:14:59.625,0.92966,0.92978,0.81,0.85
2008.04.08 22:15:04.147,0.92962,0.92978,0.74,0.96
2008.04.08 22:15:04.674,0.92961,0.92978,1.60,1.10
2008.04.08 22:15:07.166,0.92958,0.92978,0.94,1.70
2008.04.08 22:15:07.715,0.92956,0.92968,0.65,1.10
2008.04.08 22:15:08.584,0.92961,0.92978,1.10,2.70
2008.04.08 22:15:10.108,0.92962,0.92978,1.50,0.82
2008.04.08 22:15:10.901,0.92966,0.92978,0.84,0.62
2008.04.08 22:15:39.947,0.92961,0.92978,0.87,2.30
2008.04.08 22:15:50.133,0.92958,0.92968,1.20,2.30
2008.04.08 22:15:50.989,0.92956,0.92968,1.20,1.40
2008.04.08 22:16:03.273,0.92954,0.92968,1.10,2.80
2008.04.08 22:16:03.916,0.92951,0.92968,1.20,2.40
2008.04.08 22:16:07.927,0.92966,0.92968,1.30,1.30
2008.04.08 22:16:08.115,0.92952,0.92971,1.00,2.10
2008.04.08 22:16:10.584,0.92956,0.92968,0.66,0.75
2008.04.08 22:16:17.596,0.92961,0.92968,0.88,3.00
2008.04.08 22:16:19.374,0.92959,0.92978,2.00,1.60
2008.04.08 22:16:21.422,0.92956,0.92978,1.80,1.60
2008.04.08 22:16:31.216,0.92954,0.92973,1.10,0.86
2008.04.08 22:16:38.311,0.92956,0.92976,1.40,2.10
2008.04.08 22:16:38.610,0.92951,0.92968,1.20,1.80
2008.04.08 22:16:48.464,0.92956,0.92968,0.62,1.30
2008.04.08 22:17:02.449,0.92952,0.92968,0.58,0.49
2008.04.08 22:17:23.441,0.92947,0.92968,1.10,2.50
2008.04.08 22:17:28.083,0.92942,0.92958,1.40,0.69
2008.04.08 22:17:33.264,0.92939,0.92958,0.90,0.65
2008.04.08 22:17:33.992,0.92937,0.92958,1.20,3.80
2008.04.08 22:17:36.107,0.92935,0.92948,1.10,1.50
2008.04.08 22:17:36.586,0.92932,0.92948,1.30,2.00
2008.04.08 22:17:37.563,0.92937,0.92958,1.20,1.40
2008.04.08 22:17:44.178,0.92936,0.92958,0.93,1.50
2008.04.08 22:17:44.330,0.92933,0.92958,1.50,0.94
2008.04.08 22:17:44.747,0.92932,0.92958,0.85,0.66
2008.04.08 22:17:44.858,0.92937,0.92958,1.50,1.30
2008.04.08 22:17:46.083,0.92935,0.92958,0.67,0.61
2008.04.08 22:17:47.157,0.92934,0.92958,1.30,0.76
2008.04.08 22:17:47.711,0.92932,0.92958,1.50,0.85
2008.04.08 22:17:49.017,0.9293,0.92948,1.30,1.30
2008.04.08 22:17:49.930,0.92928,0.92948,0.92,0.93
2008.04.08 22:17:50.253,0.92932,0.92948,1.60,1.10
2008.04.08 22:17:54.128,0.92929,0.92948,1.10,1.10
2008.04.08 22:17:54.639,0.92928,0.92948,1.00,1.00
2008.04.08 22:17:54.892,0.92927,0.92948,1.50,3.40
2008.04.08 22:17:58.022,0.92922,0.92938,1.30,0.81
2008.04.08 22:17:59.008,0.92927,0.92938,0.82,0.93
2008.04.08 22:18:06.042,0.92937,0.92948,1.30,0.85
2008.04.08 22:18:06.526,0.92929,0.92948,0.77,1.30
2008.04.08 22:18:18.201,0.92928,0.92948,1.10,0.74
2008.04.08 22:18:27.405,0.92927,0.92948,1.10,2.50
2008.04.08 22:18:49.719,0.92932,0.92953,0.71,0.57
2008.04.08 22:20:32.181,0.92942,0.92948,1.50,1.60
2008.04.08 22:21:31.210,0.92952,0.92961,1.40,1.40
2008.04.08 22:21:39.053,0.92942,0.92958,0.83,1.20
2008.04.08 22:21:59.242,0.92952,0.92963,1.30,0.90
2008.04.08 22:21:59.938,0.92942,0.92966,1.60,1.60
2008.04.08 22:22:05.408,0.92952,0.92963,1.20,2.20
2008.04.08 22:22:06.255,0.92942,0.92966,1.00,0.69
2008.04.08 22:22:11.014,0.92952,0.92963,0.87,0.56
2008.04.08 22:22:35.000,0.92954,0.92968,0.78,0.93
2008.04.08 22:22:35.503,0.92959,0.92971,0.89,1.30
2008.04.08 22:22:36.284,0.92962,0.92974,0.71,0.96
2008.04.08 22:22:36.780,0.92967,0.9298,1.20,2.00
2008.04.08 22:22:41.459,0.92971,0.92984,0.88,0.64
2008.04.08 22:22:42.531,0.92965,0.92989,1.00,0.98
2008.04.08 22:22:43.142,0.92963,0.92978,0.71,0.90
2008.04.08 22:22:46.806,0.92967,0.92983,1.20,1.30
2008.04.08 22:22:49.291,0.92963,0.92978,1.20,1.90
2008.04.08 22:24:22.049,0.92972,0.92988,0.89,1.40
2008.04.08 22:24:23.763,0.9297,0.92988,1.00,1.60
2008.04.08 22:24:24.544,0.92958,0.92973,0.99,0.57
2008.04.08 22:24:25.489,0.92962,0.92983,1.70,1.70
2008.04.08 22:24:25.642,0.92968,0.92983,1.10,1.50
2008.04.08 22:24:27.432,0.92964,0.92988,0.76,0.60
2008.04.08 22:24:27.672,0.92963,0.92988,1.10,3.40
2008.04.08 22:24:31.108,0.92962,0.92968,1.10,0.83
2008.04.08 22:24:31.505,0.92958,0.92968,1.20,0.97
2008.04.08 22:24:31.837,0.92955,0.92968,1.30,1.20
2008.04.08 22:24:35.595,0.92952,0.92968,0.68,1.50
2008.04.08 22:24:44.589,0.92957,0.92968,2.20,0.83
2008.04.08 22:24:54.543,0.92958,0.92978,1.50,3.50
2008.04.08 22:24:55.366,0.9295,0.92968,0.74,1.10
2008.04.08 22:24:55.795,0.92962,0.92975,0.88,1.10
2008.04.08 22:24:56.845,0.92959,0.92978,1.50,1.20
2008.04.08 22:24:58.322,0.92956,0.92978,2.40,0.95
2008.04.08 22:24:58.874,0.92954,0.92978,0.57,0.73
2008.04.08 22:25:03.378,0.92953,0.92978,1.30,0.66
2008.04.08 22:25:03.572,0.92952,0.92978,1.20,1.30
2008.04.08 22:25:04.569,0.92949,0.92968,1.00,1.10
2008.04.08 22:25:05.242,0.9295,0.92968,0.61,1.50
2008.04.08 22:25:09.952,0.92947,0.92968,0.64,1.10
2008.04.08 22:25:15.542,0.92949,0.92968,1.10,2.20
2008.04.08 22:25:20.402,0.92947,0.92968,1.60,0.93
2008.04.08 22:25:25.024,0.92949,0.92968,0.74,1.60
2008.04.08 22:25:30.604,0.92947,0.92968,1.30,1.90
2008.04.08 22:25:35.552,0.92949,0.92968,2.70,3.90
2008.04.08 22:25:40.822,0.92947,0.92968,0.80,0.89
2008.04.08 22:25:45.190,0.92949,0.92968,1.10,1.30
2008.04.08 22:25:50.319,0.92947,0.92968,1.20,1.50
2008.04.08 22:25:55.264,0.92949,0.92968,0.93,0.69
2008.04.08 22:25:55.539,0.92947,0.92968,0.78,0.85
2008.04.08 22:26:02.373,0.92952,0.92968,1.20,0.74
2008.04.08 22:26:06.240,0.92951,0.92968,1.10,1.40
2008.04.08 22:26:06.603,0.92948,0.92968,0.74,2.40
2008.04.08 22:26:06.979,0.92947,0.92968,0.61,1.30
2008.04.08 22:26:16.204,0.92949,0.92968,1.30,2.40
2008.04.08 22:26:16.626,0.92947,0.92968,0.76,0.53
2008.04.08 22:26:17.099,0.92942,0.92958,0.73,1.20
2008.04.08 22:26:25.041,0.92938,0.92958,0.78,0.70
2008.04.08 22:26:40.066,0.92942,0.92958,1.00,1.50
2008.04.08 22:26:41.229,0.92945,0.92958,0.86,1.60
2008.04.08 22:26:42.018,0.92941,0.92958,1.90,1.20
2008.04.08 22:26:42.730,0.92938,0.92958,0.96,1.10
2008.04.08 22:26:44.025,0.92942,0.92958,0.78,1.90
2008.04.08 22:26:44.668,0.92947,0.92967,0.59,2.30
2008.04.08 22:26:45.556,0.9295,0.92969,1.00,1.80
2008.04.08 22:26:48.800,0.92952,0.92972,1.30,0.68
2008.04.08 22:26:49.409,0.92949,0.92968,1.40,2.70
2008.04.08 22:27:09.444,0.92948,0.92968,1.50,2.10
2008.04.08 22:27:09.616,0.92947,0.92968,0.84,1.10
2008.04.08 22:27:11.098,0.92949,0.92968,0.74,1.30
2008.04.08 22:28:38.511,0.92952,0.92968,0.81,1.70
2008.04.08 22:30:36.000,0.92957,0.92977,1.10,0.93
2008.04.08 22:31:00.572,0.92958,0.92978,1.50,1.30
2008.04.08 22:31:06.088,0.92957,0.92978,1.00,1.60
2008.04.08 22:31:10.771,0.92958,0.92978,1.70,1.50
2008.04.08 22:31:13.774,0.92959,0.92978,0.84,0.66
2008.04.08 22:31:16.036,0.92962,0.92983,0.66,1.70
2008.04.08 22:32:28.116,0.92972,0.92983,0.87,1.60
2008.04.08 22:33:01.050,0.92962,0.92988,0.84,0.49
2008.04.08 22:36:01.378,0.92952,0.92978,0.91,1.00
2008.04.08 22:37:00.024,0.92942,0.92968,1.30,1.40
2008.04.08 22:37:08.222,0.9294,0.92966,1.10,1.50
2008.04.08 22:37:08.715,0.92936,0.92958,0.75,0.79
2008.04.08 22:37:09.676,0.92935,0.92958,1.30,1.30
2008.04.08 22:37:10.773,0.92938,0.92958,1.70,1.20
2008.04.08 22:37:19.067,0.92933,0.92958,0.96,1.90
2008.04.08 22:37:19.916,0.92942,0.92958,1.30,1.50
2008.04.08 22:37:28.272,0.92941,0.92961,0.63,1.00
2008.04.08 22:37:28.837,0.92939,0.92961,0.82,1.70
2008.04.08 22:37:29.368,0.92938,0.92961,1.40,0.78
2008.04.08 22:37:31.083,0.9294,0.92964,0.76,1.70
2008.04.08 22:37:31.544,0.92942,0.92964,0.62,0.51
2008.04.08 22:39:57.109,0.92952,0.92962,0.93,2.50
2008.04.08 22:40:04.870,0.92942,0.92967,0.96,1.20
2008.04.08 22:40:05.393,0.92939,0.92958,1.50,1.50
2008.04.08 22:40:05.965,0.92937,0.92958,1.20,1.30
2008.04.08 22:41:14.199,0.92936,0.92948,1.40,1.60
2008.04.08 22:41:14.847,0.92932,0.92948,0.68,1.20
2008.04.08 22:41:16.258,0.92936,0.92958,1.20,0.61
2008.04.08 22:41:16.989,0.92937,0.92958,1.40,0.93
2008.04.08 22:41:26.156,0.92938,0.92958,1.40,0.77
2008.04.08 22:41:26.383,0.92947,0.92963,0.85,1.70
2008.04.08 22:41:26.714,0.92948,0.92963,1.20,1.40
2008.04.08 22:41:26.889,0.92947,0.92963,1.10,1.10
2008.04.08 22:41:28.156,0.92952,0.92973,0.72,1.20
2008.04.08 22:41:28.605,0.92962,0.92973,1.40,1.00
2008.04.08 22:41:30.948,0.92957,0.92981,0.84,0.62
2008.04.08 22:41:31.398,0.92954,0.92978,0.88,1.20
2008.04.08 22:41:32.072,0.92957,0.92979,0.71,2.10
2008.04.08 22:41:42.650,0.92952,0.92978,1.50,1.10
2008.04.08 22:41:43.041,0.92955,0.92978,0.95,1.30
2008.04.08 22:41:43.727,0.92952,0.92978,0.90,0.70
2008.04.08 22:41:53.314,0.92955,0.92978,1.20,1.10
2008.04.08 22:41:53.734,0.92952,0.92978,0.91,0.56
2008.04.08 22:42:03.252,0.92955,0.92978,0.85,0.65
2008.04.08 22:42:03.950,0.92952,0.92978,1.30,2.20
2008.04.08 22:42:13.440,0.92955,0.92978,1.80,0.91
2008.04.08 22:42:13.585,0.92952,0.92978,0.85,0.63
2008.04.08 22:42:23.409,0.92955,0.92978,0.89,2.10
2008.04.08 22:42:23.689,0.92952,0.92978,0.94,2.00
2008.04.08 22:42:33.412,0.92955,0.92978,1.40,2.20
2008.04.08 22:42:33.783,0.92952,0.92978,0.78,2.50
2008.04.08 22:42:40.322,0.92948,0.92968,0.94,1.90
2008.04.08 22:42:40.360,0.92949,0.92968,1.10,2.00
2008.04.08 22:42:40.683,0.92948,0.92968,0.70,2.00
2008.04.08 22:42:50.715,0.92947,0.92968,1.30,1.10
2008.04.08 22:42:51.244,0.92951,0.92973,1.00,0.88
2008.04.08 22:42:51.811,0.92952,0.92976,0.94,1.80
2008.04.08 22:43:00.330,0.92949,0.92968,0.76,0.88
2008.04.08 22:43:00.587,0.92948,0.92968,0.96,0.90
2008.04.08 22:43:00.689,0.92947,0.92968,0.68,1.90
2008.04.08 22:43:02.149,0.92952,0.92968,0.89,1.30
2008.04.08 22:43:02.873,0.92947,0.92968,1.30,1.00
2008.04.08 22:43:13.155,0.92942,0.92968,1.50,1.20
2008.04.08 22:43:18.855,0.92937,0.92958,2.20,1.20
2008.04.08 22:44:36.726,0.92932,0.92948,0.85,0.89
2008.04.08 22:44:40.415,0.92933,0.92958,2.00,0.62
2008.04.08 22:44:40.818,0.92932,0.92957,0.87,1.50
2008.04.08 22:44:42.346,0.92937,0.92958,1.40,0.99
2008.04.08 22:45:00.777,0.92938,0.92963,1.90,1.90
2008.04.08 22:45:04.436,0.92937,0.92963,0.59,2.00
2008.04.08 22:45:08.500,0.92938,0.92963,1.20,1.40
2008.04.08 22:45:14.431,0.92937,0.92958,1.10,2.00
2008.04.08 22:45:16.085,0.92942,0.92958,1.10,1.60
2008.04.08 22:46:00.170,0.92938,0.92958,1.20,2.00
2008.04.08 22:46:00.396,0.92937,0.92958,1.70,0.77
2008.04.08 22:46:00.971,0.92932,0.92948,1.60,1.60
2008.04.08 22:46:01.273,0.92937,0.92958,0.60,0.72
2008.04.08 22:46:01.916,0.92942,0.92958,1.70,1.60
2008.04.08 22:46:21.074,0.92939,0.92958,1.10,1.20
2008.04.08 22:46:21.687,0.92937,0.92958,1.90,1.20
2008.04.08 22:46:30.344,0.92936,0.92948,1.40,1.50
2008.04.08 22:46:30.974,0.92932,0.92948,1.50,1.10
2008.04.08 22:46:35.484,0.92933,0.92948,1.10,0.88
2008.04.08 22:46:37.145,0.92929,0.92948,1.50,0.73
2008.04.08 22:46:37.737,0.92928,0.92948,0.67,0.48
2008.04.08 22:46:38.211,0.92927,0.92948,1.30,1.20
2008.04.08 22:46:38.451,0.92926,0.92948,1.30,1.00
2008.04.08 22:46:38.582,0.92925,0.92948,1.20,1.30
2008.04.08 22:46:38.951,0.92919,0.92938,1.40,1.10
2008.04.08 22:46:43.223,0.92922,0.92938,1.10,1.20
2008.04.08 22:46:51.936,0.92919,0.92938,1.20,2.30
2008.04.08 22:46:52.326,0.92918,0.92938,0.99,1.60
2008.04.08 22:46:59.246,0.92917,0.92938,1.30,0.62
2008.04.08 22:47:02.049,0.92918,0.92938,0.67,1.00
2008.04.08 22:47:03.010,0.92917,0.92938,1.50,1.40
2008.04.08 22:47:03.683,0.92916,0.92938,1.10,0.60
2008.04.08 22:47:04.566,0.92914,0.92938,1.50,0.86
2008.04.08 22:47:05.959,0.92916,0.92938,0.95,0.91
2008.04.08 22:47:07.552,0.92917,0.92938,1.10,1.50
2008.04.08 22:47:23.216,0.92914,0.92938,0.59,1.70
2008.04.08 22:47:35.798,0.92917,0.92938,1.10,2.60
2008.04.08 22:47:42.901,0.92914,0.92938,1.60,0.88
2008.04.08 22:47:53.359,0.92911,0.92935,1.40,1.10
2008.04.08 22:47:53.992,0.92909,0.92928,1.00,1.80
2008.04.08 22:48:08.266,0.92912,0.92933,1.20,3.70
2008.04.08 22:48:08.515,0.92917,0.92933,0.91,0.65
2008.04.08 22:48:10.298,0.92916,0.92918,0.87,0.95
2008.04.08 22:48:10.685,0.92902,0.92918,1.30,2.10
2008.04.08 22:48:11.101,0.92912,0.92927,1.00,2.50
2008.04.08 22:48:11.651,0.92914,0.92931,0.65,1.10
2008.04.08 22:48:16.051,0.92922,0.92932,1.90,0.76
2008.04.08 22:48:25.266,0.92919,0.92943,0.81,0.78
2008.04.08 22:48:25.515,0.92915,0.9294,0.78,0.43
2008.04.08 22:48:25.853,0.92917,0.92941,0.95,1.90
2008.04.08 22:48:28.287,0.92915,0.9294,0.73,1.60
2008.04.08 22:48:28.873,0.92917,0.9294,0.88,1.30
2008.04.08 22:48:29.963,0.92922,0.9294,1.20,1.90
2008.04.08 22:48:34.850,0.92932,0.92946,0.84,1.60
2008.04.08 22:48:40.285,0.92942,0.92951,1.20,1.40
2008.04.08 22:48:43.204,0.92932,0.92956,1.20,3.50
2008.04.08 22:48:46.621,0.92942,0.92951,0.80,0.53
2008.04.08 22:48:58.393,0.92932,0.92951,0.84,0.82
2008.04.08 22:49:01.331,0.92942,0.92947,0.84,0.76
2008.04.08 22:49:02.510,0.92932,0.92951,0.89,1.50
2008.04.08 22:49:06.183,0.92942,0.92947,1.20,2.10
2008.04.08 22:49:09.247,0.92932,0.92951,1.80,2.20
2008.04.08 22:49:14.700,0.92942,0.92947,1.40,1.40
2008.04.08 22:50:33.364,0.92952,0.92955,0.96,2.10
2008.04.08 22:50:36.252,0.92962,0.92962,1.20,2.20
2008.04.08 22:50:48.766,0.92952,0.92966,0.73,1.30
2008.04.08 22:51:31.252,0.92962,0.92968,1.20,1.50
2008.04.08 22:51:31.967,0.92952,0.92968,0.81,3.00
2008.04.08 22:52:30.611,0.92942,0.92963,0.91,0.89
2008.04.08 22:52:45.648,0.92952,0.92958,1.20,1.30
2008.04.08 22:52:48.626,0.92942,0.92958,0.71,1.10
2008.04.08 22:53:19.761,0.92952,0.92957,0.52,0.87
2008.04.08 22:53:23.415,0.92942,0.92963,0.78,2.00
2008.04.08 22:57:14.447,0.92952,0.92958,0.59,1.00
2008.04.08 22:58:22.651,0.92947,0.92968,0.90,0.89
2008.04.08 22:58:53.391,0.92952,0.92968,1.40,2.40
2008.04.08 22:58:57.050,0.92957,0.92975,0.91,0.98
2008.04.08 22:59:35.007,0.92952,0.92978,0.86,0.73
2008.04.08 22:59:47.188,0.9295,0.92968,1.30,1.00
2008.04.08 22:59:47.563,0.92947,0.92968,1.00,1.50
2008.04.08 22:59:47.700,0.92945,0.92968,1.00,0.84
2008.04.08 22:59:56.235,0.92944,0.92958,0.73,1.50
2008.04.08 22:59:56.787,0.92942,0.92958,0.89,1.70
