2012.01.18 22:00:01.607,1.04353,1.04361,0.75,1.13
2012.01.18 22:00:01.735,1.04342,1.04359,0.75,1.13
2012.01.18 22:00:01.933,1.0433,1.0435,0.75,0.75
2012.01.18 22:00:02.002,1.04328,1.04347,0.75,0.75
2012.01.18 22:00:02.384,1.0433,1.04348,0.75,0.75
2012.01.18 22:00:08.291,1.04331,1.0435,0.75,0.19
2012.01.18 22:00:09.474,1.04324,1.04332,1.13,0.75
2012.01.18 22:00:09.545,1.04321,1.04334,0.19,0.75
2012.01.18 22:00:10.067,1.04321,1.04339,0.19,0.75
2012.01.18 22:00:10.311,1.04324,1.04339,1.13,0.75
2012.01.18 22:00:10.920,1.04324,1.0434,1.13,0.75
2012.01.18 22:00:11.802,1.04324,1.0435,1.13,0.19
2012.01.18 22:00:12.132,1.04324,1.0434,1.13,1.13
2012.01.18 22:00:12.251,1.04321,1.04339,0.19,1.13
2012.01.18 22:00:12.919,1.04321,1.04338,0.19,0.75
2012.01.18 22:00:16.576,1.04321,1.04349,0.19,0.75
2012.01.18 22:00:16.641,1.04319,1.04341,0.19,0.19
2012.01.18 22:00:17.142,1.0432,1.04341,1.13,0.19
2012.01.18 22:00:20.646,1.0432,1.04327,1.13,0.19
2012.01.18 22:00:21.517,1.04319,1.04327,1.13,0.19
2012.01.18 22:00:21.751,1.04316,1.04327,1.13,0.19
2012.01.18 22:00:22.330,1.04318,1.04327,1.13,0.19
2012.01.18 22:00:24.351,1.04315,1.04327,1.13,0.19
2012.01.18 22:00:25.782,1.04313,1.04327,2.25,0.19
2012.01.18 22:00:26.282,1.04311,1.04327,2.25,0.19
2012.01.18 22:00:27.230,1.04312,1.04327,1.13,0.19
2012.01.18 22:00:27.471,1.0431,1.04327,1.13,0.19
2012.01.18 22:00:27.538,1.04308,1.04327,0.75,0.19
2012.01.18 22:00:28.171,1.04307,1.04327,1.13,0.19
2012.01.18 22:00:28.293,1.04303,1.04327,0.19,0.19
2012.01.18 22:00:34.074,1.04308,1.04335,0.19,0.75
2012.01.18 22:00:35.641,1.04308,1.04336,0.19,1.88
2012.01.18 22:00:35.759,1.04308,1.04333,0.19,1.13
2012.01.18 22:00:36.265,1.04308,1.04332,0.19,1.13
2012.01.18 22:00:36.809,1.04308,1.04333,0.19,1.13
2012.01.18 22:00:37.679,1.04308,1.04336,0.19,1.13
2012.01.18 22:00:38.558,1.04308,1.04339,0.19,1.13
2012.01.18 22:00:44.192,1.04305,1.04339,1.13,1.13
2012.01.18 22:00:44.759,1.04305,1.04338,1.13,0.75
2012.01.18 22:00:46.970,1.04292,1.04318,0.75,1.13
2012.01.18 22:00:47.027,1.04279,1.04311,1.88,1.13
2012.01.18 22:00:47.267,1.04281,1.04313,1.13,1.13
2012.01.18 22:00:47.326,1.04281,1.04315,1.13,1.88
2012.01.18 22:00:48.186,1.04283,1.04315,1.13,0.75
2012.01.18 22:00:49.397,1.04283,1.04317,1.88,1.13
2012.01.18 22:00:52.248,1.04283,1.04308,1.13,0.75
2012.01.18 22:00:52.647,1.04288,1.04308,1.13,0.75
2012.01.18 22:00:52.707,1.04293,1.04315,1.13,0.75
2012.01.18 22:00:52.947,1.04293,1.04325,1.13,1.13
2012.01.18 22:00:53.016,1.04295,1.04327,1.13,2.25
2012.01.18 22:00:53.368,1.04292,1.04326,1.13,1.13
2012.01.18 22:00:54.618,1.04294,1.04328,1.13,2.25
2012.01.18 22:00:54.982,1.04284,1.04315,1.13,0.75
2012.01.18 22:00:55.487,1.04284,1.04318,1.13,1.13
2012.01.18 22:00:58.727,1.04282,1.04316,1.13,1.13
2012.01.18 22:00:59.106,1.0428,1.04312,1.13,1.13
2012.01.18 22:00:59.437,1.04283,1.04312,0.75,1.13
2012.01.18 22:00:59.847,1.04284,1.04317,0.75,1.13
2012.01.18 22:01:00.087,1.04285,1.04319,1.13,1.13
2012.01.18 22:01:00.327,1.04284,1.04316,1.13,1.13
2012.01.18 22:01:01.364,1.04285,1.04311,0.19,0.19
2012.01.18 22:01:01.619,1.04281,1.0431,1.13,0.19
2012.01.18 22:01:02.509,1.04283,1.0431,1.13,0.19
2012.01.18 22:01:02.569,1.04281,1.0431,1.13,0.19
2012.01.18 22:01:04.654,1.04281,1.04313,1.13,1.13
2012.01.18 22:01:04.720,1.04281,1.04321,1.13,0.19
2012.01.18 22:01:14.260,1.04284,1.04311,1.13,0.19
2012.01.18 22:01:27.973,1.04284,1.0431,1.13,0.19
2012.01.18 22:01:34.377,1.04284,1.04299,1.13,0.75
2012.01.18 22:01:34.440,1.04284,1.0431,1.13,0.19
2012.01.18 22:01:43.643,1.04284,1.04303,1.13,0.75
2012.01.18 22:01:45.845,1.04284,1.04306,1.13,0.75
2012.01.18 22:01:47.972,1.04284,1.04308,1.13,0.75
2012.01.18 22:01:49.356,1.04284,1.0431,1.13,0.19
2012.01.18 22:01:51.739,1.04284,1.04307,1.13,0.75
2012.01.18 22:01:52.162,1.04284,1.04303,1.13,0.75
2012.01.18 22:01:52.480,1.04284,1.043,1.13,0.75
2012.01.18 22:02:11.841,1.04291,1.0431,0.75,0.75
2012.01.18 22:02:12.705,1.04281,1.04309,0.75,0.75
2012.01.18 22:02:44.037,1.04284,1.04308,0.75,0.75
2012.01.18 22:03:06.662,1.04284,1.04306,0.75,0.15
2012.01.18 22:03:11.514,1.04284,1.04304,0.75,0.75
2012.01.18 22:03:12.604,1.04285,1.04305,0.75,0.75
2012.01.18 22:03:14.583,1.04283,1.04305,0.75,0.75
2012.01.18 22:03:14.773,1.04283,1.04303,0.75,0.75
2012.01.18 22:03:19.783,1.0428,1.043,0.75,1.13
2012.01.18 22:03:20.243,1.04279,1.04298,0.75,0.75
2012.01.18 22:03:24.451,1.04276,1.04295,0.75,0.75
2012.01.18 22:03:24.752,1.04276,1.04293,0.75,1.13
2012.01.18 22:03:24.890,1.04273,1.04293,0.75,1.13
2012.01.18 22:03:24.953,1.04273,1.04295,0.75,0.75
2012.01.18 22:03:25.325,1.04272,1.04293,0.75,0.75
2012.01.18 22:03:27.603,1.04272,1.04292,0.75,1.13
2012.01.18 22:03:28.032,1.04269,1.04289,0.75,1.13
2012.01.18 22:03:28.629,1.04269,1.0429,0.75,0.75
2012.01.18 22:03:30.690,1.04271,1.0429,2.25,0.75
2012.01.18 22:03:30.759,1.0428,1.043,0.75,1.13
2012.01.18 22:03:31.302,1.04281,1.043,0.75,1.13
2012.01.18 22:03:31.826,1.04281,1.04303,0.75,1.88
2012.01.18 22:03:32.772,1.04281,1.04301,0.75,1.13
2012.01.18 22:03:32.832,1.04281,1.04303,0.75,0.75
2012.01.18 22:03:33.832,1.04283,1.04302,0.75,1.13
2012.01.18 22:03:34.389,1.04283,1.04303,0.75,0.75
2012.01.18 22:03:38.155,1.04283,1.043,0.75,1.13
2012.01.18 22:03:38.415,1.04282,1.04302,0.75,1.88
2012.01.18 22:03:38.542,1.04282,1.043,0.75,1.13
2012.01.18 22:03:38.721,1.04279,1.043,0.75,1.13
2012.01.18 22:03:39.404,1.04279,1.04299,0.75,0.75
2012.01.18 22:03:39.748,1.04277,1.04299,0.75,0.75
2012.01.18 22:03:40.233,1.04277,1.04296,0.75,1.13
2012.01.18 22:03:40.864,1.04274,1.04296,0.75,0.75
2012.01.18 22:03:41.202,1.04275,1.04293,0.75,0.75
2012.01.18 22:03:47.803,1.04279,1.04298,2.25,0.75
2012.01.18 22:03:48.053,1.04275,1.04297,0.75,0.75
2012.01.18 22:03:48.302,1.04275,1.04292,0.75,0.75
2012.01.18 22:03:50.426,1.04276,1.04292,0.19,0.75
2012.01.18 22:03:50.734,1.04278,1.04298,3.00,0.75
2012.01.18 22:03:51.681,1.04278,1.04292,3.00,0.75
2012.01.18 22:03:51.923,1.04273,1.04292,0.75,0.75
2012.01.18 22:03:56.855,1.04273,1.04294,0.75,0.75
2012.01.18 22:03:57.528,1.04278,1.04296,2.25,1.13
2012.01.18 22:03:57.593,1.04278,1.04299,2.25,0.75
2012.01.18 22:03:59.885,1.04278,1.04298,2.25,0.75
2012.01.18 22:04:00.013,1.04275,1.04298,0.75,0.75
2012.01.18 22:04:00.083,1.04272,1.04293,1.88,0.75
2012.01.18 22:04:04.252,1.0427,1.04289,0.75,0.75
2012.01.18 22:04:11.211,1.0427,1.04287,0.75,0.38
2012.01.18 22:04:11.272,1.04266,1.04287,0.75,1.13
2012.01.18 22:04:13.520,1.04264,1.04283,0.75,0.75
2012.01.18 22:04:14.852,1.04266,1.04283,1.13,0.75
2012.01.18 22:04:15.421,1.04274,1.04293,0.75,0.75
2012.01.18 22:04:16.742,1.04276,1.04297,0.75,0.75
2012.01.18 22:04:19.761,1.04279,1.043,0.75,0.75
2012.01.18 22:04:21.931,1.04279,1.04296,0.75,0.75
2012.01.18 22:04:22.233,1.04279,1.0429,0.75,1.13
2012.01.18 22:04:22.302,1.04271,1.043,0.75,0.94
2012.01.18 22:04:22.483,1.04279,1.043,0.75,0.75
2012.01.18 22:04:23.253,1.0428,1.04301,0.75,0.75
2012.01.18 22:04:24.482,1.0428,1.04294,0.75,1.13
2012.01.18 22:04:24.782,1.04271,1.0429,0.75,1.13
2012.01.18 22:04:26.245,1.04274,1.04292,0.75,0.19
2012.01.18 22:04:26.777,1.04277,1.04299,0.19,0.75
2012.01.18 22:04:26.850,1.04283,1.04301,0.75,1.13
2012.01.18 22:04:28.452,1.04283,1.04293,0.75,1.13
2012.01.18 22:04:28.642,1.04271,1.04288,0.75,1.13
2012.01.18 22:04:29.202,1.04271,1.04289,0.75,1.13
2012.01.18 22:04:29.262,1.04271,1.04291,0.75,1.13
2012.01.18 22:04:29.382,1.04269,1.0429,0.75,0.75
2012.01.18 22:04:33.981,1.04277,1.04296,0.75,0.75
2012.01.18 22:04:35.993,1.04277,1.04291,0.75,0.19
2012.01.18 22:04:36.304,1.04272,1.04289,0.75,1.13
2012.01.18 22:04:38.192,1.04272,1.0429,0.75,1.13
2012.01.18 22:04:38.768,1.04272,1.04291,0.75,0.19
2012.01.18 22:04:38.963,1.04272,1.04293,0.75,4.13
2012.01.18 22:04:39.033,1.04277,1.04298,0.75,0.94
2012.01.18 22:04:39.482,1.04273,1.04296,0.75,1.13
2012.01.18 22:04:39.842,1.04273,1.04294,0.75,1.13
2012.01.18 22:04:40.177,1.04273,1.04286,0.75,1.13
2012.01.18 22:04:40.523,1.04262,1.04279,0.75,1.13
2012.01.18 22:04:40.713,1.04266,1.04279,0.75,1.13
2012.01.18 22:04:40.782,1.04266,1.04287,0.75,2.07
2012.01.18 22:04:41.544,1.04266,1.04286,0.75,1.13
2012.01.18 22:04:41.922,1.0427,1.0429,0.75,0.19
2012.01.18 22:04:42.672,1.0427,1.04291,0.75,0.75
2012.01.18 22:04:43.149,1.0427,1.04291,0.75,0.75
2012.01.18 22:04:43.391,1.04261,1.04282,0.75,0.19
2012.01.18 22:04:44.731,1.04261,1.04282,0.75,0.19
2012.01.18 22:04:45.544,1.04271,1.04282,0.75,0.19
2012.01.18 22:04:45.672,1.04271,1.04288,0.75,0.19
2012.01.18 22:04:45.983,1.04271,1.04292,0.75,0.75
2012.01.18 22:04:48.732,1.04271,1.0429,0.75,0.19
2012.01.18 22:04:49.252,1.04271,1.04288,0.75,1.13
2012.01.18 22:04:50.274,1.04271,1.04281,0.75,0.19
2012.01.18 22:04:50.463,1.04261,1.04281,0.75,1.32
2012.01.18 22:04:50.593,1.04261,1.04283,0.75,1.13
2012.01.18 22:04:51.099,1.04261,1.04284,0.75,0.75
2012.01.18 22:04:51.302,1.04265,1.04284,0.75,0.75
2012.01.18 22:04:54.003,1.04265,1.0428,0.75,0.19
2012.01.18 22:04:54.252,1.04262,1.0428,0.75,1.32
2012.01.18 22:04:54.372,1.04262,1.04283,0.75,1.88
2012.01.18 22:04:55.705,1.0427,1.04291,0.75,0.94
2012.01.18 22:04:58.506,1.0427,1.04285,0.75,1.13
2012.01.18 22:04:58.722,1.04262,1.04281,0.75,0.19
2012.01.18 22:05:02.393,1.04262,1.04278,0.75,2.25
2012.01.18 22:05:04.062,1.04269,1.04278,0.75,2.25
2012.01.18 22:05:04.123,1.04269,1.04288,0.75,0.19
2012.01.18 22:05:04.254,1.04269,1.0429,0.75,0.75
2012.01.18 22:05:15.014,1.04259,1.04265,2.25,1.88
2012.01.18 22:05:15.083,1.0425,1.04265,0.75,0.75
2012.01.18 22:05:15.154,1.04254,1.04268,0.38,2.25
2012.01.18 22:05:15.815,1.04253,1.04267,0.38,0.75
2012.01.18 22:05:16.063,1.04246,1.04267,0.75,0.75
2012.01.18 22:05:16.314,1.04246,1.04262,0.75,0.75
2012.01.18 22:05:17.994,1.04246,1.04258,0.75,0.75
2012.01.18 22:05:19.793,1.04247,1.04258,0.75,0.75
2012.01.18 22:05:22.063,1.04253,1.04258,1.29,0.75
2012.01.18 22:05:22.200,1.04251,1.04258,0.16,0.75
2012.01.18 22:05:22.301,1.04238,1.04258,2.25,0.75
2012.01.18 22:05:22.484,1.04242,1.04258,1.13,0.75
2012.01.18 22:05:22.613,1.04246,1.04267,0.75,0.75
2012.01.18 22:05:24.363,1.04248,1.04267,1.13,0.75
2012.01.18 22:05:24.793,1.04246,1.0426,0.75,0.19
2012.01.18 22:05:25.002,1.04241,1.04257,0.75,2.25
2012.01.18 22:05:26.039,1.04247,1.04257,0.75,2.25
2012.01.18 22:05:26.403,1.04247,1.04267,0.75,0.19
2012.01.18 22:05:26.984,1.04247,1.04271,0.75,1.32
2012.01.18 22:05:27.455,1.04247,1.0426,0.75,0.19
2012.01.18 22:05:27.644,1.04241,1.04257,0.75,2.25
2012.01.18 22:05:28.145,1.04242,1.04267,1.13,0.19
2012.01.18 22:05:28.334,1.0425,1.04267,0.75,0.19
2012.01.18 22:05:28.996,1.0425,1.04271,0.75,1.13
2012.01.18 22:05:29.514,1.0425,1.04273,0.75,0.75
2012.01.18 22:05:30.573,1.04249,1.04271,0.75,0.75
2012.01.18 22:05:31.314,1.04249,1.0427,0.75,2.25
2012.01.18 22:05:31.740,1.04249,1.0427,0.75,3.38
2012.01.18 22:05:56.225,1.04254,1.04268,0.75,0.75
2012.01.18 22:05:56.757,1.04254,1.04274,0.75,0.75
2012.01.18 22:06:01.996,1.04253,1.04274,1.50,0.75
2012.01.18 22:06:02.204,1.04251,1.0427,1.50,0.75
2012.01.18 22:06:05.945,1.04248,1.04263,0.16,0.75
2012.01.18 22:06:06.253,1.04243,1.04258,0.38,2.25
2012.01.18 22:06:06.844,1.04243,1.0426,0.38,0.75
2012.01.18 22:06:07.094,1.04239,1.0426,0.75,0.75
2012.01.18 22:06:07.549,1.04241,1.0426,1.13,0.75
2012.01.18 22:06:07.974,1.04249,1.04265,0.15,0.75
2012.01.18 22:06:08.683,1.04247,1.04265,0.15,0.75
2012.01.18 22:06:09.295,1.04246,1.04265,0.15,0.75
2012.01.18 22:06:12.004,1.04247,1.04265,0.15,0.75
2012.01.18 22:06:12.812,1.04247,1.04262,0.15,0.75
2012.01.18 22:06:13.334,1.04247,1.0426,0.15,0.75
2012.01.18 22:06:16.304,1.04247,1.04257,0.15,0.19
2012.01.18 22:06:16.373,1.04247,1.0426,0.15,0.94
2012.01.18 22:06:16.443,1.04247,1.04258,0.15,3.00
2012.01.18 22:06:16.513,1.04237,1.04258,0.90,3.00
2012.01.18 22:06:17.746,1.04238,1.04258,2.25,0.75
2012.01.18 22:06:18.056,1.04245,1.04258,0.15,0.75
2012.01.18 22:06:18.184,1.04245,1.04261,0.15,0.75
2012.01.18 22:06:18.735,1.04246,1.04261,0.15,0.75
2012.01.18 22:06:19.002,1.04241,1.04261,0.16,0.75
2012.01.18 22:06:19.590,1.0424,1.04261,0.75,0.75
2012.01.18 22:06:19.713,1.04244,1.04261,0.15,0.75
2012.01.18 22:06:34.675,1.0424,1.04261,0.75,1.88
2012.01.18 22:06:34.803,1.04238,1.04257,0.75,0.75
2012.01.18 22:06:39.256,1.04239,1.04257,0.19,0.75
2012.01.18 22:06:43.534,1.04242,1.04257,0.15,0.75
2012.01.18 22:06:46.306,1.04241,1.04257,0.15,0.75
2012.01.18 22:06:52.113,1.04238,1.04257,0.75,0.75
2012.01.18 22:06:53.715,1.04242,1.04257,0.30,0.75
2012.01.18 22:06:54.166,1.04245,1.0426,1.05,0.75
2012.01.18 22:06:54.525,1.04245,1.04256,1.05,0.75
2012.01.18 22:06:54.597,1.04236,1.04256,0.15,1.88
2012.01.18 22:06:56.437,1.04237,1.04256,0.19,0.75
2012.01.18 22:06:56.508,1.0424,1.04256,2.25,0.75
2012.01.18 22:06:56.854,1.04245,1.04261,1.05,0.75
2012.01.18 22:06:57.514,1.04246,1.04261,1.05,0.75
2012.01.18 22:07:00.653,1.04246,1.04258,0.30,0.75
2012.01.18 22:07:00.725,1.04237,1.04258,0.75,0.75
2012.01.18 22:07:00.793,1.0424,1.04258,2.25,0.75
2012.01.18 22:07:01.132,1.04245,1.04258,0.15,0.75
2012.01.18 22:07:01.563,1.04245,1.0426,0.15,0.75
2012.01.18 22:07:03.366,1.04241,1.0426,0.75,1.88
2012.01.18 22:07:03.508,1.04239,1.04258,2.25,0.75
2012.01.18 22:07:04.384,1.0424,1.04261,0.75,0.75
2012.01.18 22:07:06.004,1.0424,1.0426,0.75,1.13
2012.01.18 22:07:06.194,1.04237,1.04258,0.75,0.75
2012.01.18 22:07:06.263,1.0424,1.04258,2.25,0.75
2012.01.18 22:07:06.774,1.04241,1.04258,0.15,0.75
2012.01.18 22:07:08.184,1.04237,1.04258,0.75,0.75
2012.01.18 22:07:08.256,1.04239,1.04258,2.25,0.75
2012.01.18 22:07:08.566,1.04245,1.04258,0.15,0.75
2012.01.18 22:07:09.075,1.04244,1.04258,0.15,0.75
2012.01.18 22:07:09.882,1.04245,1.04258,0.15,0.75
2012.01.18 22:07:09.947,1.04237,1.04258,0.75,0.75
2012.01.18 22:07:11.477,1.04237,1.04251,0.75,0.75
2012.01.18 22:07:11.784,1.04233,1.04246,0.38,2.25
2012.01.18 22:07:12.397,1.04229,1.04246,0.91,2.25
2012.01.18 22:07:13.030,1.04229,1.04245,0.75,0.19
2012.01.18 22:07:21.283,1.04229,1.0424,0.75,0.19
2012.01.18 22:07:21.483,1.04222,1.0424,0.90,0.19
2012.01.18 22:07:22.238,1.04222,1.04241,0.90,2.25
2012.01.18 22:07:24.255,1.04224,1.04241,0.19,2.25
2012.01.18 22:07:24.323,1.04224,1.04243,0.19,0.75
2012.01.18 22:07:24.395,1.04226,1.04245,0.75,0.75
2012.01.18 22:07:27.483,1.04226,1.04242,0.75,2.25
2012.01.18 22:07:27.615,1.04222,1.04242,0.75,2.25
2012.01.18 22:07:28.095,1.04233,1.04247,0.90,0.19
2012.01.18 22:07:28.555,1.04233,1.0425,1.05,0.94
2012.01.18 22:07:29.433,1.04233,1.04247,1.05,0.75
2012.01.18 22:07:29.744,1.04222,1.04234,0.75,0.19
2012.01.18 22:07:31.423,1.04222,1.04236,0.75,2.25
2012.01.18 22:07:32.053,1.04222,1.04241,0.75,2.25
2012.01.18 22:07:32.244,1.04225,1.04241,0.75,2.25
2012.01.18 22:07:32.446,1.0422,1.04237,0.75,2.25
2012.01.18 22:07:35.235,1.04221,1.04237,0.15,2.25
2012.01.18 22:07:35.405,1.04221,1.04241,0.15,0.75
2012.01.18 22:07:35.478,1.04229,1.04241,0.30,0.75
2012.01.18 22:07:35.723,1.0423,1.04248,0.30,0.94
2012.01.18 22:07:38.926,1.04229,1.04248,0.15,0.75
2012.01.18 22:07:40.435,1.0423,1.04248,0.15,0.75
2012.01.18 22:07:40.504,1.0423,1.04237,0.15,0.19
2012.01.18 22:07:40.633,1.04225,1.04236,0.16,2.25
2012.01.18 22:07:40.704,1.04221,1.04236,0.75,2.25
2012.01.18 22:07:48.063,1.04221,1.0424,1.05,0.75
2012.01.18 22:07:48.136,1.04217,1.04237,1.80,2.25
2012.01.18 22:08:03.432,1.04216,1.04234,1.05,0.75
2012.01.18 22:08:15.344,1.04216,1.04229,1.05,2.25
2012.01.18 22:08:15.537,1.0421,1.04226,2.25,0.75
2012.01.18 22:08:15.604,1.04214,1.04226,0.15,0.75
2012.01.18 22:08:15.675,1.0421,1.04226,2.25,0.75
2012.01.18 22:08:15.977,1.04205,1.04226,1.50,0.75
2012.01.18 22:08:16.465,1.04205,1.04224,0.75,0.75
2012.01.18 22:08:16.966,1.04203,1.04224,1.50,0.75
2012.01.18 22:08:17.034,1.04205,1.04226,0.75,0.75
2012.01.18 22:08:19.183,1.04196,1.04215,0.75,0.75
2012.01.18 22:08:28.114,1.04196,1.04214,0.75,0.50
2012.01.18 22:08:28.423,1.04196,1.04203,0.75,2.25
2012.01.18 22:08:28.494,1.04186,1.04203,0.75,2.25
2012.01.18 22:08:29.004,1.04186,1.04202,0.75,0.19
2012.01.18 22:08:29.076,1.04193,1.0421,0.30,0.19
2012.01.18 22:08:29.206,1.04196,1.0421,0.75,0.19
2012.01.18 22:08:29.277,1.04196,1.04215,0.75,0.94
2012.01.18 22:08:40.525,1.04198,1.04215,1.32,0.75
2012.01.18 22:08:40.715,1.04199,1.04219,2.25,0.75
2012.01.18 22:08:41.647,1.04203,1.04223,0.19,0.75
2012.01.18 22:08:45.253,1.04206,1.04223,0.19,0.75
2012.01.18 22:08:45.632,1.04206,1.04221,0.19,0.75
2012.01.18 22:08:45.755,1.042,1.04221,0.91,0.94
2012.01.18 22:08:45.824,1.042,1.04217,0.91,2.25
2012.01.18 22:08:46.324,1.04198,1.04217,0.19,2.25
2012.01.18 22:08:46.888,1.04199,1.04217,1.13,2.25
2012.01.18 22:08:46.958,1.04204,1.04217,1.13,2.25
2012.01.18 22:08:47.460,1.04207,1.04228,0.75,0.75
2012.01.18 22:08:49.350,1.04207,1.04218,0.75,2.25
2012.01.18 22:08:49.684,1.04202,1.04218,0.75,2.25
2012.01.18 22:08:51.036,1.04198,1.04218,0.75,2.25
2012.01.18 22:08:52.223,1.042,1.04218,2.25,0.19
2012.01.18 22:08:52.554,1.04208,1.04222,0.75,0.19
2012.01.18 22:08:52.803,1.04208,1.04226,0.75,0.19
2012.01.18 22:08:53.999,1.04208,1.04227,0.75,0.75
2012.01.18 22:09:10.457,1.04213,1.04227,0.19,0.75
2012.01.18 22:09:10.586,1.04213,1.04229,0.19,0.75
2012.01.18 22:09:11.073,1.04215,1.04229,0.15,0.75
2012.01.18 22:09:12.380,1.04215,1.04233,0.15,0.75
2012.01.18 22:09:15.733,1.04216,1.04233,0.15,0.75
2012.01.18 22:09:19.743,1.04215,1.04233,0.30,0.75
2012.01.18 22:09:25.095,1.04214,1.04228,1.28,0.75
2012.01.18 22:09:25.165,1.04214,1.04232,1.28,0.75
2012.01.18 22:09:25.675,1.04215,1.04232,0.15,0.75
2012.01.18 22:09:25.746,1.04215,1.0423,0.15,0.19
2012.01.18 22:09:25.818,1.04208,1.04227,0.75,2.25
2012.01.18 22:09:26.365,1.04209,1.04227,0.75,0.75
2012.01.18 22:09:32.563,1.04209,1.04226,0.75,1.13
2012.01.18 22:09:33.584,1.04209,1.04227,0.75,0.94
2012.01.18 22:09:34.184,1.04207,1.04226,0.15,0.75
2012.01.18 22:09:34.703,1.04208,1.04226,0.15,0.75
2012.01.18 22:09:35.648,1.04207,1.04226,1.28,0.75
2012.01.18 22:09:51.203,1.04208,1.04226,0.15,0.75
2012.01.18 22:09:51.353,1.04206,1.04226,0.15,0.75
2012.01.18 22:09:52.500,1.04205,1.04226,0.90,0.75
2012.01.18 22:09:53.337,1.04206,1.04226,0.15,1.88
2012.01.18 22:10:02.674,1.04205,1.04226,0.75,0.75
2012.01.18 22:10:02.747,1.04209,1.04226,0.19,0.75
2012.01.18 22:10:03.022,1.0421,1.04231,0.75,0.94
2012.01.18 22:10:03.590,1.0421,1.04228,0.75,1.13
2012.01.18 22:10:07.344,1.0421,1.0423,0.75,1.13
2012.01.18 22:10:16.456,1.0421,1.04222,0.75,1.13
2012.01.18 22:10:16.584,1.04204,1.04217,0.19,3.38
2012.01.18 22:10:16.656,1.04202,1.04215,0.75,1.13
2012.01.18 22:10:17.314,1.04202,1.04217,0.75,2.25
2012.01.18 22:10:18.105,1.04202,1.04216,0.75,0.19
2012.01.18 22:10:30.883,1.04199,1.04216,0.75,0.19
2012.01.18 22:10:33.936,1.04199,1.04215,0.75,1.13
2012.01.18 22:10:34.005,1.04199,1.04211,0.75,1.13
2012.01.18 22:10:34.136,1.04194,1.0421,0.75,1.13
2012.01.18 22:10:34.803,1.04194,1.04212,0.75,1.32
2012.01.18 22:10:36.253,1.04194,1.04213,0.94,0.75
2012.01.18 22:10:36.504,1.04197,1.04213,1.13,0.75
2012.01.18 22:10:36.693,1.04195,1.04213,1.13,0.75
2012.01.18 22:10:37.383,1.04194,1.04213,0.94,0.75
2012.01.18 22:10:38.625,1.04194,1.04211,0.75,0.19
2012.01.18 22:10:38.694,1.04192,1.0421,3.38,0.75
2012.01.18 22:10:38.823,1.04192,1.04207,2.25,1.13
2012.01.18 22:10:38.895,1.04189,1.04207,0.94,3.38
2012.01.18 22:10:39.024,1.04189,1.04205,0.75,1.13
2012.01.18 22:10:39.544,1.04189,1.04206,0.75,0.19
2012.01.18 22:10:45.220,1.04189,1.04203,0.75,0.19
2012.01.18 22:10:45.405,1.04186,1.04202,0.75,2.25
2012.01.18 22:11:04.693,1.04182,1.04202,0.75,2.25
2012.01.18 22:11:13.546,1.04179,1.04202,1.13,2.44
2012.01.18 22:11:17.223,1.04178,1.04201,2.44,1.13
2012.01.18 22:11:17.293,1.04178,1.04198,2.44,1.13
2012.01.18 22:11:17.605,1.04178,1.04196,2.44,1.13
2012.01.18 22:11:18.244,1.04178,1.04198,2.44,2.25
2012.01.18 22:11:19.076,1.04178,1.04196,2.44,1.13
2012.01.18 22:11:19.696,1.04178,1.04194,2.25,0.75
2012.01.18 22:11:19.945,1.04174,1.04191,0.19,1.13
2012.01.18 22:11:22.020,1.04174,1.04194,0.19,1.13
2012.01.18 22:11:23.129,1.04174,1.0419,0.19,1.13
2012.01.18 22:11:23.445,1.04169,1.04177,1.50,1.13
2012.01.18 22:11:23.516,1.04159,1.04174,0.19,1.13
2012.01.18 22:11:23.644,1.04159,1.04169,0.19,0.75
2012.01.18 22:11:24.465,1.04155,1.04169,0.19,0.75
2012.01.18 22:11:25.305,1.0415,1.04169,0.19,0.75
2012.01.18 22:11:26.335,1.04147,1.04169,1.13,0.75
2012.01.18 22:11:27.299,1.04146,1.04169,1.13,0.75
2012.01.18 22:11:27.800,1.04145,1.04169,1.13,0.75
2012.01.18 22:11:28.293,1.04147,1.04169,1.13,0.75
2012.01.18 22:11:28.732,1.04149,1.04169,1.13,0.75
2012.01.18 22:11:29.214,1.04146,1.04169,1.13,0.75
2012.01.18 22:11:30.055,1.04145,1.04169,1.13,0.75
2012.01.18 22:11:30.425,1.04145,1.04167,1.13,0.75
2012.01.18 22:11:30.804,1.04147,1.04167,1.13,0.75
2012.01.18 22:11:33.374,1.04145,1.04167,1.13,0.75
2012.01.18 22:11:36.059,1.04144,1.04167,1.43,0.75
2012.01.18 22:11:37.824,1.04143,1.04167,1.13,0.75
2012.01.18 22:11:41.567,1.04144,1.04167,1.13,0.75
2012.01.18 22:11:41.638,1.04146,1.04167,1.13,0.75
2012.01.18 22:11:42.219,1.04147,1.04167,2.25,0.75
2012.01.18 22:11:42.917,1.04149,1.04167,1.13,0.75
2012.01.18 22:11:49.383,1.0415,1.04167,1.13,0.75
2012.01.18 22:11:54.872,1.0415,1.04172,1.13,0.75
2012.01.18 22:11:56.195,1.04155,1.04172,1.13,0.75
2012.01.18 22:11:56.794,1.04153,1.04172,1.13,0.75
2012.01.18 22:11:57.733,1.0415,1.04172,2.25,0.75
2012.01.18 22:12:01.373,1.0415,1.04169,1.13,0.75
2012.01.18 22:12:02.034,1.04149,1.04169,1.13,0.75
2012.01.18 22:12:02.107,1.04147,1.04169,1.13,1.88
2012.01.18 22:12:02.175,1.04146,1.04167,0.19,1.13
2012.01.18 22:12:02.484,1.04146,1.04161,0.19,0.75
2012.01.18 22:12:02.846,1.04148,1.04161,1.13,0.75
2012.01.18 22:12:03.286,1.04146,1.04161,0.19,0.75
2012.01.18 22:12:03.833,1.04147,1.04161,1.13,0.75
2012.01.18 22:12:04.606,1.04147,1.04156,1.13,0.75
2012.01.18 22:12:04.691,1.04144,1.04156,0.75,0.75
2012.01.18 22:12:05.295,1.04144,1.04152,0.75,0.75
2012.01.18 22:12:06.596,1.04144,1.0415,0.75,1.13
2012.01.18 22:12:06.787,1.04128,1.04147,1.13,0.19
2012.01.18 22:12:06.854,1.04125,1.04147,1.13,1.32
2012.01.18 22:12:07.355,1.04126,1.04147,1.13,0.19
2012.01.18 22:12:07.424,1.04124,1.04147,1.13,0.19
2012.01.18 22:12:07.944,1.04124,1.04146,1.13,0.75
2012.01.18 22:12:08.135,1.04122,1.04146,2.25,1.88
2012.01.18 22:12:08.770,1.04126,1.04148,1.13,2.25
2012.01.18 22:12:12.224,1.04124,1.0414,1.13,0.19
2012.01.18 22:12:12.294,1.0412,1.0414,1.13,0.19
2012.01.18 22:12:12.845,1.04122,1.0414,1.13,0.19
2012.01.18 22:12:12.974,1.0412,1.0414,1.13,0.19
2012.01.18 22:12:15.544,1.04117,1.04137,1.13,0.19
2012.01.18 22:12:16.137,1.04111,1.04124,0.30,0.75
2012.01.18 22:12:16.216,1.04091,1.04124,1.13,0.75
2012.01.18 22:12:16.465,1.04091,1.04124,1.13,0.75
2012.01.18 22:12:18.243,1.0409,1.04124,1.13,0.75
2012.01.18 22:12:18.435,1.04094,1.04121,1.13,1.88
2012.01.18 22:12:18.504,1.04091,1.04119,1.13,1.13
2012.01.18 22:12:18.635,1.04086,1.04119,0.75,1.13
2012.01.18 22:12:18.704,1.04081,1.04119,1.13,1.13
2012.01.18 22:12:18.895,1.04092,1.0411,1.13,0.75
2012.01.18 22:12:19.205,1.04098,1.04114,1.13,0.75
2012.01.18 22:12:19.474,1.04096,1.04114,1.13,0.75
2012.01.18 22:12:19.544,1.04098,1.04114,1.13,0.75
2012.01.18 22:12:19.674,1.04098,1.04119,1.13,0.75
2012.01.18 22:12:19.925,1.04098,1.04104,1.13,0.19
2012.01.18 22:12:20.056,1.04089,1.04102,1.13,2.63
2012.01.18 22:12:23.386,1.04089,1.04107,1.13,2.25
2012.01.18 22:12:23.458,1.04093,1.04107,0.19,2.25
2012.01.18 22:12:23.775,1.04102,1.04118,2.25,0.19
2012.01.18 22:12:24.327,1.04099,1.04118,1.13,0.19
2012.01.18 22:12:24.464,1.04099,1.04121,1.13,3.38
2012.01.18 22:12:24.539,1.04107,1.04121,1.13,3.38
2012.01.18 22:12:24.608,1.04107,1.04123,1.13,0.19
2012.01.18 22:12:24.676,1.04108,1.04132,1.13,1.13
2012.01.18 22:12:24.744,1.0411,1.04132,1.13,1.13
2012.01.18 22:12:24.878,1.04113,1.04137,1.13,0.75
2012.01.18 22:12:25.414,1.04114,1.04147,1.13,0.75
2012.01.18 22:12:25.546,1.04112,1.04147,1.13,0.75
2012.01.18 22:12:25.618,1.04114,1.04147,1.13,0.75
2012.01.18 22:12:25.804,1.04118,1.04153,0.75,0.75
2012.01.18 22:12:27.796,1.04149,1.04153,0.16,0.75
2012.01.18 22:12:28.117,1.04156,1.04174,0.19,0.75
2012.01.18 22:12:28.317,1.04156,1.04176,0.19,0.75
2012.01.18 22:12:28.388,1.04156,1.0416,0.19,0.75
2012.01.18 22:12:29.318,1.0415,1.0416,0.19,0.75
2012.01.18 22:12:30.139,1.04146,1.0416,0.38,0.75
2012.01.18 22:12:31.998,1.04146,1.04162,0.38,0.75
2012.01.18 22:12:34.122,1.04146,1.04151,0.38,1.13
2012.01.18 22:12:34.247,1.04138,1.04151,0.16,1.13
2012.01.18 22:12:34.377,1.04126,1.04151,0.75,1.13
2012.01.18 22:12:34.507,1.04126,1.04144,0.75,1.13
2012.01.18 22:12:34.655,1.04126,1.04148,0.75,1.13
2012.01.18 22:12:34.784,1.04124,1.04148,1.13,1.13
2012.01.18 22:12:37.206,1.04124,1.04147,1.13,1.13
2012.01.18 22:12:37.276,1.04123,1.04144,0.75,1.13
2012.01.18 22:12:37.466,1.0412,1.04142,1.13,1.13
2012.01.18 22:12:38.229,1.04119,1.04143,0.75,1.13
2012.01.18 22:12:38.297,1.04119,1.04147,0.75,1.13
2012.01.18 22:12:38.487,1.04119,1.04149,0.75,1.13
2012.01.18 22:12:38.558,1.04108,1.04144,1.13,0.75
2012.01.18 22:12:38.955,1.04106,1.04123,0.75,1.13
2012.01.18 22:12:39.095,1.04106,1.04127,0.75,1.13
2012.01.18 22:12:39.734,1.04106,1.04126,0.75,1.13
2012.01.18 22:12:41.946,1.04108,1.04127,1.13,1.13
2012.01.18 22:12:42.019,1.04108,1.04129,1.13,0.75
2012.01.18 22:12:42.087,1.04113,1.04133,1.13,1.13
2012.01.18 22:12:42.155,1.04119,1.04144,1.13,0.75
2012.01.18 22:12:42.355,1.04123,1.04151,1.13,1.13
2012.01.18 22:12:42.547,1.04122,1.04157,1.13,0.75
2012.01.18 22:12:42.615,1.04126,1.04157,1.13,0.75
2012.01.18 22:12:43.267,1.04125,1.04157,1.13,0.75
2012.01.18 22:12:43.343,1.04122,1.04157,1.13,0.75
2012.01.18 22:12:44.764,1.04122,1.04158,1.13,0.75
2012.01.18 22:12:47.428,1.04121,1.04137,1.88,1.13
2012.01.18 22:12:47.737,1.04107,1.04129,1.13,1.13
2012.01.18 22:12:47.806,1.04109,1.04131,1.13,3.38
2012.01.18 22:12:48.114,1.04111,1.04131,1.13,3.38
2012.01.18 22:12:48.806,1.04112,1.04131,1.13,2.25
2012.01.18 22:12:49.006,1.04112,1.04133,1.13,2.25
2012.01.18 22:12:50.584,1.04111,1.04133,1.13,3.38
2012.01.18 22:12:51.974,1.04107,1.04131,1.13,1.13
2012.01.18 22:12:52.044,1.04107,1.04126,1.13,1.13
2012.01.18 22:12:52.176,1.04101,1.04122,2.25,1.13
2012.01.18 22:12:52.245,1.04112,1.04122,0.19,1.13
2012.01.18 22:12:52.316,1.04112,1.04129,0.19,1.13
2012.01.18 22:12:52.394,1.04112,1.04131,0.19,1.13
2012.01.18 22:12:52.928,1.04112,1.0413,0.19,1.13
2012.01.18 22:12:53.001,1.04112,1.04128,0.19,1.13
2012.01.18 22:12:53.066,1.04112,1.0413,0.19,1.13
2012.01.18 22:12:53.135,1.04112,1.04132,0.19,1.13
2012.01.18 22:12:53.328,1.04112,1.04135,0.19,3.38
2012.01.18 22:12:53.515,1.04112,1.04133,0.19,1.13
2012.01.18 22:12:55.375,1.04113,1.04133,0.75,1.13
2012.01.18 22:12:55.688,1.04125,1.04141,0.75,1.13
2012.01.18 22:12:55.995,1.04132,1.04144,0.75,0.19
2012.01.18 22:12:56.708,1.04132,1.04148,0.75,0.19
2012.01.18 22:12:57.575,1.04132,1.04149,0.75,1.13
2012.01.18 22:12:58.795,1.04132,1.04151,0.75,1.13
2012.01.18 22:12:59.924,1.04132,1.04154,0.75,1.13
2012.01.18 22:13:06.074,1.04127,1.04154,0.75,1.13
2012.01.18 22:13:06.626,1.04126,1.04154,0.75,1.13
2012.01.18 22:13:07.393,1.04125,1.04154,1.88,1.13
2012.01.18 22:13:10.756,1.04126,1.04157,1.13,1.13
2012.01.18 22:13:10.826,1.04125,1.04154,1.88,1.13
2012.01.18 22:13:14.007,1.04131,1.04153,1.13,1.13
2012.01.18 22:13:14.134,1.04134,1.04158,1.13,1.13
2012.01.18 22:13:14.959,1.04134,1.04154,0.38,1.13
2012.01.18 22:13:15.764,1.04135,1.04157,1.13,2.25
2012.01.18 22:13:15.897,1.04137,1.04159,1.13,1.13
2012.01.18 22:13:16.635,1.04135,1.04157,1.13,1.13
2012.01.18 22:13:19.006,1.04133,1.0416,0.38,1.13
2012.01.18 22:13:19.134,1.04131,1.0416,1.13,1.13
2012.01.18 22:13:19.324,1.04128,1.04162,1.13,1.13
2012.01.18 22:13:21.285,1.04135,1.04163,1.13,2.25
2012.01.18 22:13:21.794,1.04134,1.04162,1.13,1.50
2012.01.18 22:13:24.305,1.04132,1.04162,3.75,1.50
2012.01.18 22:13:25.139,1.04133,1.04162,0.38,1.50
2012.01.18 22:13:25.504,1.04137,1.04162,1.13,1.50
2012.01.18 22:13:25.825,1.04153,1.04169,0.38,0.19
2012.01.18 22:13:34.485,1.04153,1.04171,0.38,0.75
2012.01.18 22:13:34.736,1.04154,1.04173,2.25,1.50
2012.01.18 22:13:34.805,1.04153,1.04169,1.28,0.19
2012.01.18 22:13:35.376,1.04152,1.04169,0.38,0.19
2012.01.18 22:13:36.448,1.04152,1.04174,0.38,2.44
2012.01.18 22:13:36.768,1.04152,1.04169,2.40,1.13
2012.01.18 22:13:36.835,1.04152,1.04172,0.15,1.13
2012.01.18 22:13:36.905,1.0415,1.04172,1.13,1.13
2012.01.18 22:13:37.103,1.04147,1.04169,1.13,1.13
2012.01.18 22:13:37.174,1.04141,1.04169,1.13,1.13
2012.01.18 22:13:37.245,1.04143,1.04171,1.13,1.13
2012.01.18 22:13:37.375,1.04141,1.04171,1.13,1.13
2012.01.18 22:13:38.050,1.04137,1.04167,0.75,1.13
2012.01.18 22:13:38.559,1.04137,1.0415,0.75,0.19
2012.01.18 22:13:38.633,1.04133,1.0415,0.75,0.19
2012.01.18 22:13:38.705,1.0413,1.0415,0.38,0.19
2012.01.18 22:13:39.264,1.04131,1.0415,1.13,0.19
2012.01.18 22:13:40.124,1.04132,1.0415,1.13,0.19
2012.01.18 22:13:41.910,1.04136,1.0415,1.13,0.19
2012.01.18 22:13:42.224,1.04141,1.04153,1.13,0.19
2012.01.18 22:13:42.717,1.04138,1.04153,2.25,0.19
2012.01.18 22:13:42.787,1.04135,1.04152,1.13,1.13
2012.01.18 22:13:42.858,1.04133,1.04154,0.15,1.13
2012.01.18 22:13:42.926,1.04131,1.04154,0.38,1.13
2012.01.18 22:13:42.995,1.04128,1.04154,1.13,1.13
2012.01.18 22:13:43.304,1.04132,1.04157,1.13,1.13
2012.01.18 22:13:43.617,1.04144,1.04164,1.13,0.19
2012.01.18 22:13:44.324,1.04142,1.04164,3.38,1.32
2012.01.18 22:13:44.395,1.04144,1.04165,1.13,2.25
2012.01.18 22:13:44.925,1.04144,1.04164,1.13,1.50
2012.01.18 22:13:46.194,1.04144,1.04165,1.13,2.25
2012.01.18 22:13:46.265,1.04142,1.04165,4.50,2.25
2012.01.18 22:13:46.656,1.04144,1.04165,1.13,1.50
2012.01.18 22:13:46.790,1.04144,1.04168,1.13,2.25
2012.01.18 22:13:46.931,1.04148,1.0417,1.13,3.00
2012.01.18 22:13:47.248,1.04151,1.04172,0.38,2.25
2012.01.18 22:13:47.590,1.04151,1.04165,0.38,1.50
2012.01.18 22:13:51.053,1.04151,1.04164,0.38,1.50
2012.01.18 22:13:51.628,1.04151,1.04165,0.38,1.50
2012.01.18 22:13:52.174,1.04151,1.04164,0.38,1.50
2012.01.18 22:13:52.718,1.04151,1.04165,0.38,1.50
2012.01.18 22:13:53.273,1.04151,1.04164,0.38,1.50
2012.01.18 22:13:57.551,1.04154,1.04171,2.40,0.94
2012.01.18 22:13:57.741,1.04154,1.04169,0.15,0.75
2012.01.18 22:13:57.984,1.04144,1.04164,0.15,1.50
2012.01.18 22:13:58.493,1.04143,1.04165,0.15,1.13
2012.01.18 22:13:58.764,1.04143,1.04167,1.28,3.00
2012.01.18 22:14:00.034,1.04144,1.04167,0.15,1.88
2012.01.18 22:14:00.104,1.04146,1.04167,1.13,0.75
2012.01.18 22:14:02.078,1.04143,1.04165,1.13,1.13
2012.01.18 22:14:04.764,1.04145,1.04167,1.13,1.13
2012.01.18 22:14:09.044,1.04146,1.0417,1.13,1.13
2012.01.18 22:14:14.842,1.04145,1.04168,1.13,1.13
2012.01.18 22:14:15.555,1.04144,1.04168,1.13,1.13
2012.01.18 22:14:17.968,1.04144,1.04167,1.13,1.13
2012.01.18 22:14:18.048,1.04142,1.04166,3.75,1.13
2012.01.18 22:14:20.116,1.04144,1.04167,1.13,1.13
2012.01.18 22:14:20.831,1.04144,1.04168,1.13,1.13
2012.01.18 22:14:23.394,1.04147,1.04171,1.13,1.24
2012.01.18 22:14:23.704,1.04143,1.04167,1.13,1.13
2012.01.18 22:14:26.474,1.04151,1.04169,0.38,1.13
2012.01.18 22:14:38.623,1.04152,1.04169,1.13,0.16
2012.01.18 22:14:38.804,1.04151,1.04171,0.38,1.13
2012.01.18 22:14:39.833,1.04152,1.04171,0.38,1.13
2012.01.18 22:14:46.837,1.04154,1.04171,0.38,1.13
2012.01.18 22:15:00.685,1.04154,1.04174,0.38,2.25
2012.01.18 22:15:01.278,1.04154,1.04175,1.50,2.25
2012.01.18 22:15:01.547,1.04161,1.04175,1.13,2.25
2012.01.18 22:15:01.677,1.0416,1.04182,1.13,1.50
2012.01.18 22:15:02.047,1.04158,1.0418,2.25,1.13
2012.01.18 22:15:02.356,1.04164,1.04183,1.13,2.44
2012.01.18 22:15:03.137,1.04162,1.04183,2.25,2.44
2012.01.18 22:15:03.337,1.04169,1.04183,1.13,2.25
2012.01.18 22:15:04.490,1.04171,1.04193,1.13,1.41
2012.01.18 22:15:04.565,1.04168,1.04194,1.13,1.22
2012.01.18 22:15:05.285,1.04165,1.04195,1.13,0.57
2012.01.18 22:15:06.388,1.04163,1.04195,1.13,0.57
2012.01.18 22:15:07.286,1.04162,1.04195,1.35,0.57
2012.01.18 22:15:08.036,1.0416,1.04194,1.13,0.70
2012.01.18 22:15:10.495,1.0416,1.04197,1.13,0.75
2012.01.18 22:15:10.567,1.04167,1.04197,1.13,0.75
2012.01.18 22:15:10.874,1.0417,1.04199,1.13,0.75
2012.01.18 22:15:11.958,1.04181,1.04199,1.13,0.75
2012.01.18 22:15:12.272,1.04186,1.04199,1.13,0.75
2012.01.18 22:15:12.335,1.04184,1.04199,1.13,0.75
2012.01.18 22:15:14.975,1.04181,1.04199,1.13,0.75
2012.01.18 22:15:20.458,1.04182,1.04199,1.13,0.75
2012.01.18 22:15:20.595,1.04179,1.04199,0.19,1.25
2012.01.18 22:15:21.126,1.0418,1.04199,1.13,1.25
2012.01.18 22:15:24.647,1.0418,1.04201,1.13,1.50
2012.01.18 22:15:24.717,1.0418,1.04198,1.13,1.50
2012.01.18 22:15:25.267,1.0418,1.04201,1.13,3.00
2012.01.18 22:15:27.689,1.04179,1.04192,0.19,1.13
2012.01.18 22:15:27.762,1.04176,1.04192,0.19,1.13
2012.01.18 22:15:27.827,1.04176,1.04184,0.19,2.25
2012.01.18 22:15:28.016,1.04176,1.04189,0.19,2.25
2012.01.18 22:15:29.195,1.04174,1.04189,0.19,2.25
2012.01.18 22:15:29.695,1.04172,1.04187,1.13,0.19
2012.01.18 22:15:29.769,1.0417,1.04187,1.28,0.19
2012.01.18 22:15:30.520,1.04175,1.04189,1.13,2.25
2012.01.18 22:15:30.875,1.04183,1.04191,1.13,0.19
2012.01.18 22:15:31.159,1.0418,1.04196,1.13,1.13
2012.01.18 22:15:31.228,1.04174,1.04186,1.13,0.75
2012.01.18 22:15:31.843,1.04168,1.04176,1.13,0.19
2012.01.18 22:15:31.924,1.04161,1.04176,1.13,0.19
2012.01.18 22:15:31.997,1.04163,1.04176,1.13,0.19
2012.01.18 22:15:36.538,1.04161,1.04176,1.13,0.19
2012.01.18 22:15:36.607,1.04159,1.04176,0.38,0.19
2012.01.18 22:15:36.680,1.04159,1.04172,0.38,0.19
2012.01.18 22:15:36.808,1.04155,1.04172,1.13,0.19
2012.01.18 22:15:37.397,1.04152,1.0417,1.13,2.25
2012.01.18 22:15:37.806,1.04152,1.04168,1.13,0.19
2012.01.18 22:15:48.365,1.04157,1.04168,1.13,0.19
2012.01.18 22:15:48.440,1.04157,1.04171,1.13,0.19
2012.01.18 22:15:48.687,1.04155,1.04171,1.13,0.19
2012.01.18 22:15:48.755,1.04153,1.04171,2.25,0.19
2012.01.18 22:15:58.585,1.04156,1.04175,1.13,2.25
2012.01.18 22:15:58.658,1.0416,1.04176,1.13,0.19
2012.01.18 22:15:58.855,1.04158,1.04176,0.38,0.19
2012.01.18 22:16:02.556,1.04158,1.04174,0.38,2.44
2012.01.18 22:16:02.687,1.04155,1.04174,1.13,2.44
2012.01.18 22:16:02.876,1.04157,1.04174,0.38,2.44
2012.01.18 22:16:03.396,1.04158,1.04177,0.38,0.19
2012.01.18 22:16:03.945,1.04159,1.04177,0.38,0.19
2012.01.18 22:16:07.086,1.04159,1.04174,0.38,2.25
2012.01.18 22:16:07.285,1.04159,1.04176,0.38,1.32
2012.01.18 22:16:09.917,1.04162,1.04176,0.38,1.32
2012.01.18 22:16:23.704,1.04159,1.04176,0.38,0.19
2012.01.18 22:16:37.675,1.04163,1.04176,1.13,0.19
2012.01.18 22:16:37.987,1.04173,1.04182,0.15,1.13
2012.01.18 22:16:38.126,1.04173,1.04187,0.15,1.13
2012.01.18 22:16:38.196,1.04173,1.04191,1.13,0.19
2012.01.18 22:16:38.811,1.04172,1.04192,0.15,2.63
2012.01.18 22:16:39.025,1.04172,1.04189,0.15,1.13
2012.01.18 22:16:39.155,1.04169,1.04189,0.19,1.13
2012.01.18 22:16:39.775,1.04169,1.04192,0.19,1.13
2012.01.18 22:16:40.847,1.04168,1.04192,1.13,1.13
2012.01.18 22:16:41.212,1.0417,1.04192,1.13,1.13
2012.01.18 22:16:41.528,1.04177,1.04196,1.13,0.75
2012.01.18 22:16:41.663,1.04177,1.042,1.13,0.19
2012.01.18 22:16:42.146,1.04175,1.04197,1.13,1.13
2012.01.18 22:16:43.008,1.04171,1.04195,1.13,1.13
2012.01.18 22:16:43.256,1.0417,1.04192,1.13,1.13
2012.01.18 22:16:44.265,1.04173,1.04195,1.13,1.13
2012.01.18 22:16:47.696,1.0417,1.04194,1.13,1.13
2012.01.18 22:17:07.955,1.04176,1.04195,1.13,1.50
2012.01.18 22:17:08.165,1.04176,1.04197,1.13,1.69
2012.01.18 22:17:09.106,1.04174,1.04196,1.13,1.13
2012.01.18 22:17:18.185,1.04174,1.04187,1.13,0.19
2012.01.18 22:17:18.259,1.04172,1.04187,1.13,0.19
2012.01.18 22:17:18.328,1.04168,1.04187,1.50,0.19
2012.01.18 22:17:18.856,1.04167,1.04187,1.13,0.19
2012.01.18 22:17:19.265,1.0417,1.04187,1.13,0.19
2012.01.18 22:17:20.801,1.04167,1.04187,1.13,0.19
2012.01.18 22:17:31.605,1.04169,1.04187,0.75,0.19
2012.01.18 22:17:32.903,1.04167,1.04187,1.88,0.19
2012.01.18 22:17:37.839,1.04169,1.04187,1.13,0.19
2012.01.18 22:17:47.580,1.04173,1.04187,0.75,0.19
2012.01.18 22:17:47.775,1.04173,1.04189,0.75,0.19
2012.01.18 22:17:47.846,1.04171,1.04189,0.75,0.19
2012.01.18 22:17:48.545,1.04172,1.04189,1.13,0.19
2012.01.18 22:17:50.178,1.04173,1.04189,0.75,0.19
2012.01.18 22:17:51.023,1.04172,1.04189,0.38,0.19
2012.01.18 22:17:54.485,1.04172,1.04188,1.13,0.19
2012.01.18 22:17:54.915,1.04169,1.04187,2.03,0.75
2012.01.18 22:17:57.266,1.04171,1.04187,1.13,0.94
2012.01.18 22:17:57.765,1.04169,1.04187,1.88,0.94
2012.01.18 22:17:59.726,1.0417,1.04187,0.75,0.19
2012.01.18 22:18:02.866,1.0417,1.04188,0.75,0.19
2012.01.18 22:18:05.207,1.04173,1.04188,1.13,0.19
2012.01.18 22:18:08.367,1.04171,1.04188,1.13,0.19
2012.01.18 22:18:09.576,1.0417,1.04187,0.75,0.19
2012.01.18 22:18:09.649,1.0417,1.04184,0.75,1.13
2012.01.18 22:18:09.718,1.04165,1.04184,0.75,2.63
2012.01.18 22:18:09.786,1.04169,1.04184,0.75,0.75
2012.01.18 22:18:09.927,1.0417,1.04187,0.75,0.19
2012.01.18 22:18:12.395,1.04169,1.04187,1.88,0.19
2012.01.18 22:18:12.540,1.04168,1.04181,0.75,1.13
2012.01.18 22:18:12.609,1.04163,1.0418,0.75,1.13
2012.01.18 22:18:12.806,1.04166,1.04181,1.13,0.75
2012.01.18 22:18:12.878,1.04168,1.04187,0.75,0.19
2012.01.18 22:18:14.602,1.04168,1.04186,0.75,0.75
2012.01.18 22:18:15.266,1.04169,1.04187,0.75,0.94
2012.01.18 22:18:15.776,1.04168,1.04186,0.75,0.75
2012.01.18 22:18:16.000,1.04165,1.04186,1.88,0.75
2012.01.18 22:18:17.836,1.04168,1.04186,1.13,0.75
2012.01.18 22:18:19.026,1.04165,1.04186,1.88,0.75
2012.01.18 22:18:21.717,1.04165,1.0417,0.75,1.88
2012.01.18 22:18:22.059,1.04154,1.0416,0.38,0.19
2012.01.18 22:18:22.306,1.04144,1.04157,0.87,0.75
2012.01.18 22:18:22.440,1.04139,1.04154,1.13,0.75
2012.01.18 22:18:22.807,1.04139,1.04156,1.13,0.75
2012.01.18 22:18:23.428,1.04145,1.04156,1.13,0.75
2012.01.18 22:18:23.559,1.04148,1.0416,1.13,0.94
2012.01.18 22:18:23.626,1.04148,1.04158,1.13,0.75
2012.01.18 22:18:24.185,1.04148,1.04159,1.13,0.75
2012.01.18 22:18:26.267,1.04148,1.0416,1.13,0.94
2012.01.18 22:18:26.877,1.04149,1.0416,1.13,0.75
2012.01.18 22:18:27.216,1.04152,1.04163,1.13,0.75
2012.01.18 22:18:27.406,1.04152,1.04166,1.13,0.75
2012.01.18 22:18:28.150,1.04152,1.04168,1.13,0.75
2012.01.18 22:18:28.216,1.0415,1.04168,2.25,0.75
2012.01.18 22:18:28.969,1.04156,1.04172,1.13,0.75
2012.01.18 22:18:29.281,1.04163,1.04178,1.13,0.75
2012.01.18 22:18:29.775,1.04159,1.04178,1.13,0.75
2012.01.18 22:18:30.368,1.0416,1.0418,0.75,0.75
2012.01.18 22:18:30.436,1.04158,1.04176,0.75,0.75
2012.01.18 22:18:30.846,1.04159,1.04179,0.75,0.75
2012.01.18 22:18:31.037,1.04162,1.04181,0.75,1.88
2012.01.18 22:18:32.528,1.04163,1.04183,0.75,1.13
2012.01.18 22:18:33.695,1.0416,1.04182,0.75,0.75
2012.01.18 22:18:34.107,1.04163,1.04183,0.75,1.13
2012.01.18 22:18:35.165,1.04161,1.04181,0.75,0.75
2012.01.18 22:18:35.675,1.04158,1.04182,0.75,0.75
2012.01.18 22:18:35.746,1.04158,1.04179,0.75,1.13
2012.01.18 22:18:36.073,1.04159,1.04177,0.75,1.50
2012.01.18 22:18:36.396,1.04161,1.04181,0.75,0.75
2012.01.18 22:18:36.469,1.0416,1.04184,0.75,0.75
2012.01.18 22:18:41.478,1.04167,1.04187,0.75,1.13
2012.01.18 22:18:41.816,1.0417,1.04188,1.13,0.75
2012.01.18 22:18:42.135,1.04168,1.04188,2.25,0.75
2012.01.18 22:18:42.926,1.04168,1.04187,1.13,0.75
2012.01.18 22:18:42.995,1.04166,1.04187,0.75,0.75
2012.01.18 22:18:47.995,1.04167,1.04188,0.75,1.50
2012.01.18 22:18:49.287,1.04167,1.04177,1.13,0.75
2012.01.18 22:18:49.354,1.04165,1.04177,1.13,0.75
2012.01.18 22:18:49.428,1.04163,1.04177,0.38,0.75
2012.01.18 22:18:49.958,1.04163,1.04178,0.38,0.75
2012.01.18 22:18:51.640,1.04163,1.04179,0.38,0.75
2012.01.18 22:18:52.208,1.04163,1.04178,0.38,0.75
2012.01.18 22:18:54.456,1.04163,1.04179,0.38,0.75
2012.01.18 22:18:55.016,1.04163,1.04178,0.38,0.75
2012.01.18 22:19:03.487,1.04163,1.0418,0.38,0.75
2012.01.18 22:19:04.682,1.04163,1.04178,0.38,0.75
2012.01.18 22:19:04.926,1.0416,1.04177,0.38,0.75
2012.01.18 22:19:05.056,1.04159,1.04175,1.13,0.75
2012.01.18 22:19:05.774,1.04162,1.04177,1.13,0.75
2012.01.18 22:19:06.096,1.04159,1.04177,1.13,0.75
2012.01.18 22:19:06.678,1.04159,1.04176,1.13,0.75
2012.01.18 22:19:08.771,1.04159,1.04174,1.13,0.75
2012.01.18 22:19:09.606,1.04159,1.04172,1.13,0.75
2012.01.18 22:19:09.738,1.04157,1.04172,2.25,0.75
2012.01.18 22:19:10.528,1.04157,1.04173,1.13,0.75
2012.01.18 22:19:12.119,1.04157,1.04172,1.13,0.75
2012.01.18 22:19:12.655,1.04156,1.04172,1.13,0.75
2012.01.18 22:19:15.086,1.04154,1.04172,1.13,0.75
2012.01.18 22:19:15.602,1.04153,1.04172,1.88,0.75
2012.01.18 22:19:21.306,1.04153,1.04174,1.88,0.75
2012.01.18 22:19:21.377,1.04157,1.04174,1.13,0.75
2012.01.18 22:19:24.775,1.04155,1.04174,1.13,0.75
2012.01.18 22:19:24.845,1.04155,1.04172,1.13,0.75
2012.01.18 22:19:24.915,1.04155,1.04174,1.13,0.75
2012.01.18 22:19:25.047,1.04155,1.04172,1.13,0.75
2012.01.18 22:19:25.115,1.04155,1.04174,1.13,0.75
2012.01.18 22:19:25.326,1.04155,1.04172,1.13,0.75
2012.01.18 22:19:36.490,1.04155,1.04173,1.13,0.75
2012.01.18 22:19:36.820,1.04152,1.04162,1.13,0.75
2012.01.18 22:19:36.947,1.0415,1.04162,0.75,0.75
2012.01.18 22:19:37.687,1.04146,1.04162,1.88,0.75
2012.01.18 22:19:38.666,1.04144,1.04162,1.13,0.75
2012.01.18 22:19:39.271,1.04143,1.04162,0.75,0.75
2012.01.18 22:19:39.527,1.0414,1.04162,1.13,0.75
2012.01.18 22:19:40.536,1.04139,1.04162,1.13,0.75
2012.01.18 22:19:41.539,1.04138,1.04162,1.13,0.75
2012.01.18 22:19:44.060,1.0414,1.04162,1.13,0.75
2012.01.18 22:19:44.367,1.04147,1.04164,1.13,0.75
2012.01.18 22:19:44.796,1.04144,1.04164,0.75,0.75
2012.01.18 22:19:44.867,1.04137,1.04164,1.88,0.75
2012.01.18 22:19:45.178,1.04151,1.04164,0.38,0.75
2012.01.18 22:19:45.499,1.0416,1.04172,1.13,0.75
2012.01.18 22:19:45.826,1.04157,1.04172,1.13,0.75
2012.01.18 22:19:48.836,1.04157,1.04174,1.13,1.50
2012.01.18 22:19:50.467,1.04154,1.04169,1.13,0.75
2012.01.18 22:19:50.906,1.04151,1.04169,0.38,0.75
2012.01.18 22:19:50.976,1.04154,1.04169,1.13,0.75
2012.01.18 22:19:51.499,1.04154,1.04168,1.13,0.75
2012.01.18 22:19:55.376,1.04152,1.04168,1.13,0.75
2012.01.18 22:19:55.977,1.04151,1.04168,1.50,0.75
2012.01.18 22:19:58.099,1.04151,1.04164,1.50,0.75
2012.01.18 22:19:58.407,1.04145,1.04162,0.19,0.75
2012.01.18 22:19:58.546,1.04145,1.04159,0.19,0.75
2012.01.18 22:19:59.267,1.04146,1.04159,1.13,0.75
2012.01.18 22:19:59.344,1.04144,1.04159,1.13,1.50
2012.01.18 22:19:59.727,1.04146,1.04159,1.13,1.50
2012.01.18 22:20:00.082,1.04146,1.04157,1.13,0.75
2012.01.18 22:20:00.568,1.04142,1.04158,1.13,0.75
2012.01.18 22:20:00.639,1.04145,1.04158,1.13,0.75
2012.01.18 22:20:00.769,1.04145,1.04161,1.13,1.50
2012.01.18 22:20:00.896,1.04147,1.04161,1.13,1.50
2012.01.18 22:20:01.208,1.04144,1.04161,1.13,1.50
2012.01.18 22:20:02.697,1.04143,1.04161,1.13,1.50
2012.01.18 22:20:03.319,1.04142,1.04161,1.13,1.50
2012.01.18 22:20:03.869,1.04142,1.04161,1.13,1.50
2012.01.18 22:20:04.000,1.04144,1.04161,1.13,1.50
2012.01.18 22:20:04.319,1.04154,1.04174,1.13,1.50
2012.01.18 22:20:04.390,1.04154,1.04174,1.13,1.50
2012.01.18 22:20:04.778,1.04152,1.04172,1.13,1.88
2012.01.18 22:20:04.849,1.04148,1.04172,1.88,1.88
2012.01.18 22:20:07.257,1.04145,1.04167,3.00,1.13
2012.01.18 22:20:07.760,1.04145,1.04167,1.88,1.88
2012.01.18 22:20:08.312,1.04145,1.04167,1.88,1.88
2012.01.18 22:20:24.788,1.04146,1.0417,1.88,1.88
2012.01.18 22:20:29.359,1.04146,1.0417,1.88,1.13
2012.01.18 22:20:29.679,1.04153,1.04175,1.13,1.88
2012.01.18 22:20:29.818,1.0415,1.04173,3.38,1.13
2012.01.18 22:20:30.345,1.04148,1.04168,2.44,1.88
2012.01.18 22:20:30.848,1.04148,1.04168,2.44,1.88
2012.01.18 22:20:30.918,1.04148,1.04168,2.44,1.88
2012.01.18 22:20:31.999,1.04146,1.04167,1.13,3.19
2012.01.18 22:20:32.069,1.04144,1.04166,1.32,2.07
2012.01.18 22:20:32.889,1.04144,1.04166,2.07,2.07
2012.01.18 22:20:32.960,1.04146,1.04166,1.50,1.32
2012.01.18 22:20:33.029,1.04151,1.04169,3.38,2.25
2012.01.18 22:20:33.339,1.04153,1.04174,1.13,1.13
2012.01.18 22:20:33.888,1.04151,1.04173,4.13,1.88
2012.01.18 22:20:34.488,1.04153,1.04177,1.13,2.25
2012.01.18 22:20:34.918,1.04156,1.04178,1.13,1.88
2012.01.18 22:20:35.241,1.04156,1.04174,1.13,2.25
2012.01.18 22:20:35.310,1.04148,1.04172,3.57,4.32
2012.01.18 22:20:35.384,1.04148,1.04166,2.44,1.13
2012.01.18 22:20:35.787,1.04148,1.04171,2.44,1.88
2012.01.18 22:20:37.172,1.04148,1.04166,2.44,1.88
2012.01.18 22:20:43.161,1.04148,1.04169,2.44,1.88
2012.01.18 22:20:43.347,1.04143,1.04164,3.19,1.88
2012.01.18 22:20:44.417,1.04145,1.04166,1.13,1.32
2012.01.18 22:20:45.631,1.04145,1.04166,1.88,1.32
2012.01.18 22:20:51.627,1.04145,1.04167,1.88,2.82
2012.01.18 22:20:51.941,1.04148,1.0417,3.19,1.88
2012.01.18 22:20:53.859,1.04148,1.04169,3.19,1.88
2012.01.18 22:20:53.930,1.04148,1.04169,3.19,1.88
2012.01.18 22:20:54.379,1.04148,1.04169,3.19,1.88
2012.01.18 22:20:54.693,1.04148,1.04169,3.00,3.00
2012.01.18 22:20:54.879,1.04143,1.04165,3.19,1.88
2012.01.18 22:21:07.417,1.04146,1.04167,1.88,2.82
2012.01.18 22:21:07.668,1.0415,1.04171,1.88,3.75
2012.01.18 22:21:17.700,1.04147,1.04169,3.19,1.13
2012.01.18 22:21:18.300,1.04147,1.04169,3.19,1.88
2012.01.18 22:21:22.876,1.04147,1.04169,3.19,1.88
2012.01.18 22:21:23.351,1.04144,1.04164,1.13,1.13
2012.01.18 22:21:23.887,1.04144,1.04164,1.13,1.13
2012.01.18 22:21:24.640,1.04141,1.04164,3.38,1.13
2012.01.18 22:21:27.911,1.04141,1.04164,3.38,1.13
2012.01.18 22:21:28.098,1.04151,1.04166,1.13,1.13
2012.01.18 22:21:28.167,1.04152,1.04172,1.13,3.94
2012.01.18 22:21:28.699,1.04151,1.04172,1.13,4.32
2012.01.18 22:21:29.360,1.04148,1.04172,4.32,4.32
2012.01.18 22:22:01.734,1.0415,1.04172,1.50,4.32
2012.01.18 22:22:02.704,1.04152,1.04172,1.50,4.13
2012.01.18 22:22:02.782,1.04164,1.04176,1.13,1.13
2012.01.18 22:22:02.849,1.04159,1.04176,1.13,1.13
2012.01.18 22:22:02.980,1.04162,1.04181,1.13,2.25
2012.01.18 22:22:03.050,1.04164,1.04181,1.13,1.13
2012.01.18 22:22:03.918,1.04165,1.04186,1.13,1.13
2012.01.18 22:22:03.989,1.04165,1.04186,1.13,1.13
2012.01.18 22:22:04.551,1.04165,1.04186,1.13,1.13
2012.01.18 22:22:04.858,1.04167,1.0419,1.13,2.07
2012.01.18 22:22:05.179,1.0417,1.04191,1.13,1.13
2012.01.18 22:22:05.890,1.0417,1.04194,1.88,2.07
2012.01.18 22:22:06.818,1.04169,1.04198,1.88,1.50
2012.01.18 22:22:07.445,1.04169,1.04196,1.13,1.13
2012.01.18 22:22:07.522,1.04157,1.04188,2.03,1.13
2012.01.18 22:22:07.795,1.0416,1.04191,1.88,1.88
2012.01.18 22:22:07.930,1.04166,1.04199,1.88,1.13
2012.01.18 22:22:08.001,1.04166,1.04201,1.88,1.88
2012.01.18 22:22:08.648,1.04163,1.04202,1.88,1.13
2012.01.18 22:22:13.841,1.0416,1.04202,1.88,1.62
2012.01.18 22:22:14.149,1.04157,1.04179,2.03,1.13
2012.01.18 22:22:14.220,1.04158,1.04179,1.50,1.13
2012.01.18 22:22:14.758,1.04161,1.04183,1.88,1.13
2012.01.18 22:22:18.618,1.04161,1.04183,1.88,1.88
2012.01.18 22:22:19.351,1.04158,1.04182,2.63,1.13
2012.01.18 22:22:20.009,1.04161,1.04183,1.88,1.88
2012.01.18 22:22:21.467,1.04161,1.04183,1.88,1.88
2012.01.18 22:22:23.819,1.04159,1.04182,1.50,1.13
2012.01.18 22:22:27.708,1.04159,1.04182,1.50,1.88
2012.01.18 22:22:28.534,1.04159,1.04182,1.50,1.13
2012.01.18 22:22:31.619,1.04159,1.04182,1.50,1.88
2012.01.18 22:22:32.209,1.04161,1.04183,1.88,1.88
2012.01.18 22:22:45.009,1.04161,1.04183,1.88,1.88
2012.01.18 22:22:49.858,1.04161,1.04183,3.00,1.13
2012.01.18 22:22:50.399,1.04164,1.04186,1.88,1.88
2012.01.18 22:22:51.177,1.04164,1.04186,1.13,1.88
2012.01.18 22:22:51.847,1.04162,1.04184,1.88,1.88
2012.01.18 22:22:54.859,1.04159,1.04183,2.63,1.88
2012.01.18 22:22:55.237,1.04159,1.04183,2.63,1.88
2012.01.18 22:22:57.712,1.04159,1.04181,2.63,1.13
2012.01.18 22:22:58.297,1.04159,1.0418,1.50,1.13
2012.01.18 22:22:58.817,1.04159,1.04181,2.63,1.13
2012.01.18 22:23:00.397,1.04159,1.04178,1.50,1.13
2012.01.18 22:23:07.818,1.0416,1.04184,1.88,1.88
2012.01.18 22:23:17.786,1.04159,1.04181,1.88,1.13
2012.01.18 22:23:18.346,1.04156,1.0418,1.88,1.13
2012.01.18 22:23:19.798,1.04159,1.04181,1.88,2.25
2012.01.18 22:23:53.826,1.04157,1.04179,1.88,1.13
2012.01.18 22:23:57.782,1.04157,1.04179,1.13,1.13
2012.01.18 22:24:32.177,1.04159,1.04181,1.13,1.13
2012.01.18 22:24:32.616,1.04164,1.04186,1.13,1.13
2012.01.18 22:24:32.973,1.04165,1.04189,1.13,1.88
2012.01.18 22:24:33.630,1.04163,1.04187,1.88,1.88
2012.01.18 22:24:36.611,1.04163,1.04187,1.88,1.13
2012.01.18 22:24:37.158,1.04166,1.04188,1.88,1.88
2012.01.18 22:24:58.633,1.04168,1.0419,2.63,4.13
2012.01.18 22:24:59.231,1.04168,1.0419,1.88,4.13
2012.01.18 22:25:15.701,1.04168,1.0419,2.25,4.13
2012.01.18 22:25:15.829,1.04172,1.04193,1.88,3.19
2012.01.18 22:25:20.242,1.04173,1.04193,1.13,2.25
2012.01.18 22:25:20.368,1.04173,1.04197,4.50,4.50
2012.01.18 22:25:22.648,1.04175,1.04197,2.07,2.63
2012.01.18 22:25:22.972,1.04187,1.04197,1.88,2.25
2012.01.18 22:25:23.100,1.04189,1.0421,2.63,1.13
2012.01.18 22:25:23.660,1.04188,1.04212,1.88,2.07
2012.01.18 22:25:24.589,1.04188,1.04212,1.88,1.32
2012.01.18 22:25:28.037,1.04188,1.04212,1.88,1.13
2012.01.18 22:25:28.169,1.04188,1.04212,1.88,1.88
2012.01.18 22:25:28.302,1.04184,1.04202,2.63,3.00
2012.01.18 22:25:28.549,1.04182,1.04202,1.13,3.00
2012.01.18 22:25:28.620,1.04182,1.04202,1.13,2.25
2012.01.18 22:25:30.979,1.04183,1.04202,1.13,2.25
2012.01.18 22:25:47.399,1.04182,1.04202,1.13,2.44
2012.01.18 22:26:01.934,1.0418,1.04202,1.88,3.19
2012.01.18 22:26:02.201,1.04178,1.04197,1.13,2.44
2012.01.18 22:26:02.786,1.04174,1.04197,2.07,2.44
2012.01.18 22:26:03.514,1.04173,1.04191,2.44,1.88
2012.01.18 22:26:03.650,1.04167,1.04189,2.25,1.13
2012.01.18 22:26:04.228,1.04169,1.0419,2.07,2.25
2012.01.18 22:26:04.479,1.04169,1.0419,1.88,3.00
2012.01.18 22:26:06.889,1.04169,1.0419,1.88,2.44
2012.01.18 22:26:07.019,1.04169,1.0419,1.88,2.25
2012.01.18 22:26:07.152,1.04169,1.04193,1.88,1.88
2012.01.18 22:26:07.280,1.04174,1.04196,1.13,2.82
2012.01.18 22:26:08.059,1.04174,1.04196,1.13,2.63
2012.01.18 22:26:11.178,1.04174,1.04193,1.13,1.13
2012.01.18 22:26:11.368,1.04168,1.0419,1.88,1.88
2012.01.18 22:26:11.897,1.04169,1.04191,1.13,3.19
2012.01.18 22:26:15.890,1.04169,1.04191,1.13,3.19
2012.01.18 22:26:16.401,1.04168,1.04183,1.13,3.38
2012.01.18 22:26:16.474,1.04161,1.04183,1.13,3.38
2012.01.18 22:26:36.650,1.04163,1.04183,1.88,2.63
2012.01.18 22:26:36.720,1.04163,1.04183,1.88,2.25
2012.01.18 22:26:37.182,1.04168,1.04183,3.00,2.25
2012.01.18 22:26:37.253,1.04168,1.04187,1.88,1.13
2012.01.18 22:26:37.740,1.04168,1.0419,1.88,3.19
2012.01.18 22:26:54.413,1.04169,1.0419,1.88,2.44
2012.01.18 22:26:54.599,1.04173,1.04193,1.88,3.19
2012.01.18 22:26:56.600,1.04178,1.04198,1.13,4.13
2012.01.18 22:26:56.730,1.04178,1.04198,1.50,3.38
2012.01.18 22:26:57.551,1.04176,1.04198,1.88,4.50
2012.01.18 22:26:57.753,1.04174,1.04192,1.13,2.44
2012.01.18 22:26:58.001,1.04171,1.04191,1.50,1.69
2012.01.18 22:26:58.189,1.04168,1.04187,1.13,4.13
2012.01.18 22:26:58.969,1.04169,1.04187,1.13,3.19
2012.01.18 22:27:01.898,1.04166,1.04187,1.88,3.19
2012.01.18 22:27:02.160,1.04163,1.04183,1.13,2.44
2012.01.18 22:27:02.701,1.04164,1.04183,1.13,2.44
2012.01.18 22:27:03.011,1.04169,1.04187,1.13,1.13
2012.01.18 22:27:03.632,1.0417,1.04187,1.13,1.13
2012.01.18 22:27:03.869,1.04169,1.0419,1.13,3.19
2012.01.18 22:27:05.154,1.04171,1.0419,1.13,3.19
2012.01.18 22:27:05.641,1.04171,1.0419,1.13,3.94
2012.01.18 22:27:05.773,1.04166,1.04184,1.13,1.13
2012.01.18 22:27:05.840,1.04162,1.04183,1.13,2.07
2012.01.18 22:27:05.911,1.04162,1.04182,1.13,3.27
2012.01.18 22:27:06.115,1.04155,1.04177,1.13,2.70
2012.01.18 22:27:06.194,1.04151,1.04173,2.40,1.50
2012.01.18 22:27:06.500,1.04149,1.04171,2.03,2.07
2012.01.18 22:27:06.570,1.04149,1.04171,1.88,2.07
2012.01.18 22:27:06.640,1.04149,1.04171,1.88,2.07
2012.01.18 22:27:07.295,1.04152,1.04172,1.13,1.13
2012.01.18 22:27:07.842,1.04153,1.04174,1.88,1.50
2012.01.18 22:27:07.984,1.04155,1.04175,3.00,1.50
2012.01.18 22:27:08.423,1.04157,1.04178,1.88,1.50
2012.01.18 22:27:08.930,1.04157,1.04176,1.88,1.50
2012.01.18 22:27:09.070,1.04157,1.04176,1.88,1.50
2012.01.18 22:27:09.912,1.04164,1.0418,1.13,3.19
2012.01.18 22:27:10.318,1.04177,1.04183,1.13,4.13
2012.01.18 22:27:10.403,1.04178,1.04193,1.50,1.13
2012.01.18 22:27:10.471,1.04184,1.04199,1.13,1.50
2012.01.18 22:27:10.780,1.04184,1.04205,1.13,3.00
2012.01.18 22:27:11.322,1.04184,1.04204,1.13,1.13
2012.01.18 22:27:11.725,1.04184,1.04203,1.13,1.44
2012.01.18 22:27:11.861,1.04182,1.042,1.88,1.25
2012.01.18 22:27:14.078,1.04179,1.04202,2.04,3.31
2012.01.18 22:27:14.284,1.04189,1.04202,1.13,2.63
2012.01.18 22:27:14.599,1.04189,1.04208,1.13,1.69
2012.01.18 22:27:14.929,1.04187,1.04208,1.88,1.69
2012.01.18 22:27:17.284,1.04187,1.04208,1.13,1.69
2012.01.18 22:27:17.349,1.04183,1.04207,4.13,1.88
2012.01.18 22:27:17.420,1.04183,1.04205,4.13,1.25
2012.01.18 22:27:17.493,1.04183,1.042,3.38,1.25
2012.01.18 22:27:17.681,1.04178,1.04196,2.79,1.25
2012.01.18 22:27:18.001,1.0417,1.0419,1.80,2.63
2012.01.18 22:27:19.039,1.04171,1.04192,1.45,3.94
2012.01.18 22:27:25.691,1.04167,1.04191,2.04,2.07
2012.01.18 22:27:27.167,1.04167,1.04191,1.29,2.07
2012.01.18 22:27:33.327,1.04167,1.04191,2.04,1.88
2012.01.18 22:27:33.839,1.0417,1.04194,1.88,3.00
2012.01.18 22:27:35.859,1.0417,1.04194,1.13,3.00
2012.01.18 22:27:36.335,1.04168,1.04191,1.13,1.50
2012.01.18 22:27:37.410,1.04168,1.04191,1.88,1.50
2012.01.18 22:27:37.490,1.04175,1.04191,1.13,1.50
2012.01.18 22:27:37.753,1.04181,1.04198,1.13,1.13
2012.01.18 22:27:38.804,1.04179,1.042,1.13,1.69
2012.01.18 22:27:39.818,1.04179,1.042,1.13,1.69
2012.01.18 22:27:40.071,1.04176,1.04194,1.13,1.13
2012.01.18 22:27:40.140,1.04172,1.04194,1.88,4.50
2012.01.18 22:27:40.330,1.04169,1.04191,1.88,1.88
2012.01.18 22:27:40.833,1.0417,1.04192,1.13,3.19
2012.01.18 22:27:41.359,1.0417,1.04192,1.13,3.19
2012.01.18 22:27:44.972,1.04168,1.04188,1.13,1.13
2012.01.18 22:27:45.171,1.04165,1.04184,1.29,3.00
2012.01.18 22:27:45.809,1.04167,1.04184,1.13,3.00
2012.01.18 22:27:47.789,1.0417,1.04184,1.13,3.00
2012.01.18 22:27:47.923,1.04172,1.0419,1.32,1.50
2012.01.18 22:27:47.998,1.04175,1.0419,1.13,1.50
2012.01.18 22:27:48.072,1.04177,1.04196,1.13,1.50
2012.01.18 22:27:48.260,1.04174,1.04196,3.00,1.88
2012.01.18 22:27:48.329,1.04174,1.04194,1.88,3.00
2012.01.18 22:27:48.520,1.04171,1.04192,1.13,2.07
2012.01.18 22:27:48.662,1.0417,1.04192,1.88,2.07
2012.01.18 22:27:48.851,1.04176,1.04194,1.13,1.13
2012.01.18 22:27:49.239,1.04177,1.04199,1.13,1.88
2012.01.18 22:27:49.310,1.04179,1.04199,1.13,1.88
2012.01.18 22:27:49.853,1.04179,1.04199,1.13,1.88
2012.01.18 22:27:51.450,1.04178,1.04199,1.13,1.50
2012.01.18 22:27:51.975,1.04174,1.04198,2.63,1.88
2012.01.18 22:27:52.052,1.04173,1.04194,1.88,1.13
2012.01.18 22:27:52.242,1.0417,1.04192,2.10,2.07
2012.01.18 22:27:55.621,1.0417,1.04192,1.13,2.07
2012.01.18 22:28:15.917,1.0417,1.04189,1.88,1.50
2012.01.18 22:28:16.603,1.0417,1.04189,1.13,1.50
2012.01.18 22:28:33.880,1.0417,1.04189,1.13,1.50
2012.01.18 22:28:34.070,1.04166,1.04185,1.67,1.88
2012.01.18 22:28:34.871,1.04165,1.04186,1.88,1.50
2012.01.18 22:28:35.431,1.04165,1.04187,1.88,1.50
2012.01.18 22:28:35.971,1.04165,1.04185,1.88,1.50
2012.01.18 22:28:41.199,1.04165,1.04185,1.88,1.50
2012.01.18 22:28:41.776,1.04165,1.04185,1.88,1.50
2012.01.18 22:28:42.398,1.04165,1.04185,1.13,1.50
2012.01.18 22:28:47.764,1.04168,1.04185,1.13,1.50
2012.01.18 22:28:48.968,1.04168,1.04185,1.13,1.50
2012.01.18 22:28:49.039,1.04164,1.04185,1.29,1.50
2012.01.18 22:28:49.171,1.04166,1.04185,1.13,1.50
2012.01.18 22:28:52.241,1.04166,1.04181,1.13,1.50
2012.01.18 22:28:52.572,1.0416,1.04181,2.20,1.50
2012.01.18 22:28:53.190,1.0416,1.04179,2.20,1.50
2012.01.18 22:29:04.099,1.04164,1.04179,1.13,1.50
2012.01.18 22:29:04.229,1.04161,1.04179,1.13,1.50
2012.01.18 22:29:08.711,1.04166,1.0418,1.13,1.50
2012.01.18 22:29:08.966,1.04168,1.04185,1.13,1.50
2012.01.18 22:29:09.481,1.04169,1.04185,1.13,1.50
2012.01.18 22:29:09.810,1.04167,1.04185,1.13,1.50
2012.01.18 22:29:18.998,1.04167,1.04185,1.88,1.50
2012.01.18 22:29:19.127,1.04169,1.04185,1.13,1.50
2012.01.18 22:29:56.560,1.04169,1.04185,1.13,1.50
2012.01.18 22:30:00.681,1.04169,1.04185,1.13,1.50
2012.01.18 22:30:19.277,1.04163,1.04186,1.29,1.50
2012.01.18 22:30:29.832,1.04166,1.04186,1.13,1.50
2012.01.18 22:30:50.049,1.04165,1.0418,1.13,1.50
2012.01.18 22:30:50.126,1.04165,1.04181,1.13,2.25
2012.01.18 22:31:02.450,1.04167,1.04184,1.13,1.13
2012.01.18 22:31:02.526,1.04167,1.04185,1.13,1.13
2012.01.18 22:31:03.069,1.04167,1.04185,1.13,1.13
2012.01.18 22:31:03.384,1.04167,1.04185,1.13,1.13
2012.01.18 22:31:03.459,1.04167,1.04185,1.13,1.13
2012.01.18 22:31:03.710,1.04165,1.04184,1.13,2.25
2012.01.18 22:31:04.560,1.04165,1.04185,1.13,3.75
2012.01.18 22:31:11.480,1.04165,1.04185,1.13,1.13
2012.01.18 22:31:16.379,1.04165,1.04185,1.13,1.13
2012.01.18 22:31:44.666,1.04165,1.04186,1.13,1.50
2012.01.18 22:31:45.169,1.04165,1.04186,1.13,1.88
2012.01.18 22:31:45.529,1.04165,1.04186,1.13,1.88
2012.01.18 22:31:46.452,1.04165,1.04186,1.88,1.13
2012.01.18 22:31:47.001,1.04171,1.0419,1.13,1.50
2012.01.18 22:31:47.647,1.04169,1.0419,2.07,1.50
2012.01.18 22:31:51.555,1.04165,1.04184,1.50,1.13
2012.01.18 22:31:52.118,1.04165,1.04185,2.25,1.13
2012.01.18 22:31:55.199,1.04166,1.04185,1.13,1.13
2012.01.18 22:31:58.550,1.04165,1.04185,1.13,1.13
2012.01.18 22:32:04.919,1.04167,1.04187,1.88,4.32
2012.01.18 22:32:05.240,1.04173,1.04191,1.13,1.69
2012.01.18 22:32:05.790,1.04171,1.04191,1.88,1.69
2012.01.18 22:32:17.138,1.04169,1.0419,2.29,1.50
2012.01.18 22:32:28.130,1.04169,1.04186,1.54,1.13
2012.01.18 22:32:28.381,1.04166,1.04186,2.38,1.50
2012.01.18 22:32:28.450,1.04166,1.04186,2.38,1.50
2012.01.18 22:32:31.388,1.04166,1.04188,2.38,3.94
2012.01.18 22:32:36.941,1.04166,1.04186,2.76,1.13
2012.01.18 22:32:37.010,1.04171,1.04188,1.88,3.00
2012.01.18 22:32:37.691,1.0417,1.04189,1.05,1.50
2012.01.18 22:32:45.168,1.04169,1.04189,2.10,2.25
2012.01.18 22:32:46.683,1.04169,1.04185,2.10,1.13
2012.01.18 22:32:49.495,1.0417,1.04185,1.13,1.13
2012.01.18 22:32:50.008,1.0417,1.04185,1.13,1.13
2012.01.18 22:32:50.710,1.0417,1.04185,1.13,1.13
2012.01.18 22:32:51.371,1.0417,1.04185,1.13,1.13
2012.01.18 22:32:52.170,1.04169,1.04184,1.13,1.50
2012.01.18 22:32:52.495,1.04162,1.04176,1.05,1.13
2012.01.18 22:32:52.632,1.04162,1.04184,1.05,1.69
2012.01.18 22:32:53.141,1.04166,1.04184,1.13,1.69
2012.01.18 22:32:53.676,1.04166,1.04184,1.13,1.50
2012.01.18 22:32:54.129,1.04163,1.04184,1.98,1.50
2012.01.18 22:32:54.639,1.04163,1.04184,1.98,1.50
2012.01.18 22:32:58.583,1.04158,1.04182,2.09,1.13
2012.01.18 22:32:59.104,1.04164,1.04183,1.13,1.88
2012.01.18 22:33:01.680,1.04164,1.04182,1.13,1.13
2012.01.18 22:33:01.872,1.04161,1.04182,1.50,1.88
2012.01.18 22:33:02.271,1.04158,1.0418,1.13,1.69
2012.01.18 22:33:02.772,1.04159,1.0418,1.13,2.44
2012.01.18 22:33:03.703,1.04159,1.04171,1.13,1.50
2012.01.18 22:33:03.772,1.04154,1.0417,1.23,1.13
2012.01.18 22:33:04.330,1.04148,1.04167,3.57,3.00
2012.01.18 22:33:05.556,1.04148,1.04167,3.57,3.19
2012.01.18 22:33:07.969,1.0415,1.04167,1.05,3.19
2012.01.18 22:33:16.820,1.04154,1.04172,1.28,1.69
2012.01.18 22:33:16.847,1.04157,1.04173,1.13,1.50
2012.01.18 22:33:17.102,1.04157,1.04177,1.13,1.13
2012.01.18 22:33:17.252,1.04157,1.04177,1.13,1.13
2012.01.18 22:33:18.092,1.04157,1.04179,1.88,1.88
2012.01.18 22:33:23.579,1.04154,1.04177,1.13,1.88
2012.01.18 22:33:30.701,1.04158,1.04179,1.32,1.88
2012.01.18 22:33:31.016,1.0416,1.04181,1.88,1.50
2012.01.18 22:33:35.802,1.04159,1.04179,3.00,1.95
2012.01.18 22:33:40.613,1.04159,1.04179,2.25,1.95
2012.01.18 22:33:41.133,1.04162,1.0418,2.25,2.03
2012.01.18 22:33:41.772,1.04162,1.0418,2.25,2.03
2012.01.18 22:33:43.558,1.04162,1.04184,2.25,1.88
2012.01.18 22:33:44.333,1.04162,1.04184,3.00,1.88
2012.01.18 22:33:44.399,1.04162,1.04184,3.00,1.88
2012.01.18 22:33:44.918,1.04163,1.04185,1.13,2.25
2012.01.18 22:33:45.729,1.04162,1.04184,3.00,1.88
2012.01.18 22:33:47.128,1.04163,1.04184,1.13,1.88
2012.01.18 22:33:47.691,1.04162,1.04185,4.13,1.13
2012.01.18 22:33:53.321,1.04163,1.04185,1.13,1.13
2012.01.18 22:33:53.852,1.04164,1.04185,1.13,1.13
2012.01.18 22:34:41.219,1.04164,1.04185,1.13,1.50
2012.01.18 22:34:41.358,1.04164,1.04185,1.13,1.50
2012.01.18 22:34:42.889,1.04162,1.04184,4.13,1.88
2012.01.18 22:34:43.022,1.04165,1.04185,1.13,1.50
2012.01.18 22:34:44.868,1.04163,1.04168,1.13,0.75
2012.01.18 22:34:45.019,1.04162,1.04172,2.25,1.88
2012.01.18 22:34:45.223,1.04157,1.04173,1.13,1.13
2012.01.18 22:34:45.292,1.04158,1.04174,2.07,3.00
2012.01.18 22:34:45.361,1.0416,1.04174,1.88,2.63
2012.01.18 22:34:45.494,1.04163,1.04183,1.13,1.88
2012.01.18 22:34:45.560,1.04163,1.04183,1.13,1.88
2012.01.18 22:34:45.869,1.04158,1.04179,2.44,1.88
2012.01.18 22:34:46.060,1.04162,1.04183,1.13,1.13
2012.01.18 22:34:46.610,1.04162,1.04183,1.13,1.13
2012.01.18 22:34:47.141,1.04162,1.04183,1.13,1.13
2012.01.18 22:34:57.919,1.04159,1.04182,1.32,2.82
2012.01.18 22:34:59.183,1.04158,1.04182,4.32,2.07
2012.01.18 22:34:59.326,1.04161,1.04183,1.88,1.88
2012.01.18 22:35:00.172,1.04161,1.04182,3.00,1.13
2012.01.18 22:35:00.690,1.04161,1.04184,4.32,1.13
2012.01.18 22:35:01.188,1.04161,1.04184,4.32,1.13
2012.01.18 22:35:01.490,1.04161,1.04184,4.32,1.13
2012.01.18 22:35:02.024,1.04161,1.04184,4.32,1.13
2012.01.18 22:35:04.638,1.04161,1.04184,4.32,1.13
2012.01.18 22:35:04.709,1.04161,1.04184,4.32,1.13
2012.01.18 22:35:04.780,1.04161,1.04184,4.32,1.13
2012.01.18 22:35:05.324,1.04161,1.04184,4.32,1.13
2012.01.18 22:35:05.433,1.04161,1.04184,4.32,1.13
2012.01.18 22:35:09.245,1.04161,1.04184,3.38,2.25
2012.01.18 22:35:13.192,1.04163,1.04184,1.13,1.88
2012.01.18 22:35:13.262,1.04163,1.04185,1.88,5.44
2012.01.18 22:35:14.191,1.04164,1.04185,1.13,1.88
2012.01.18 22:35:17.727,1.04164,1.04185,1.13,1.13
2012.01.18 22:35:17.812,1.04162,1.04183,1.13,2.25
2012.01.18 22:35:17.881,1.04158,1.0418,4.32,1.88
2012.01.18 22:35:18.371,1.04162,1.04183,1.13,1.13
2012.01.18 22:35:18.890,1.04159,1.04183,2.07,2.25
2012.01.18 22:35:51.493,1.04168,1.04185,1.13,3.75
2012.01.18 22:35:51.823,1.04174,1.04187,1.88,1.50
2012.01.18 22:35:51.891,1.04174,1.04187,1.13,1.50
2012.01.18 22:35:51.961,1.04167,1.04187,1.88,1.50
2012.01.18 22:36:01.940,1.04162,1.04184,1.88,1.88
2012.01.18 22:36:08.220,1.04163,1.04185,1.88,1.88
2012.01.18 22:36:14.128,1.04171,1.04187,1.88,1.88
2012.01.18 22:36:14.524,1.04173,1.04196,1.13,2.63
2012.01.18 22:36:15.044,1.0417,1.04197,1.50,1.88
2012.01.18 22:36:15.434,1.0417,1.042,1.50,2.63
2012.01.18 22:36:15.560,1.04171,1.042,1.50,2.63
2012.01.18 22:36:16.362,1.04172,1.04199,1.50,1.88
2012.01.18 22:36:16.870,1.04172,1.04197,1.50,1.88
2012.01.18 22:36:17.572,1.04171,1.042,1.50,2.63
2012.01.18 22:36:18.788,1.04171,1.042,1.50,1.50
2012.01.18 22:36:19.722,1.04171,1.042,1.50,1.50
2012.01.18 22:36:20.230,1.04172,1.042,1.50,1.50
2012.01.18 22:36:20.881,1.04172,1.042,1.50,1.50
2012.01.18 22:36:23.709,1.04172,1.04193,1.50,1.13
2012.01.18 22:36:24.030,1.0417,1.04188,1.13,1.88
2012.01.18 22:36:55.964,1.0417,1.0419,1.88,1.13
2012.01.18 22:36:56.036,1.04173,1.04197,1.88,3.38
2012.01.18 22:36:56.223,1.04173,1.04201,1.88,2.63
2012.01.18 22:36:56.905,1.04171,1.04199,1.50,1.88
2012.01.18 22:36:57.972,1.0417,1.04202,1.50,2.63
2012.01.18 22:37:23.924,1.04171,1.04201,1.50,1.50
2012.01.18 22:37:28.109,1.04168,1.04201,1.50,1.50
2012.01.18 22:37:28.304,1.04172,1.04196,1.13,4.13
2012.01.18 22:37:28.371,1.04168,1.04189,1.88,1.88
2012.01.18 22:37:32.602,1.04165,1.04184,1.50,1.88
2012.01.18 22:37:32.932,1.04162,1.04182,1.50,1.13
2012.01.18 22:37:33.537,1.04162,1.04186,2.63,1.88
2012.01.18 22:37:34.862,1.04164,1.04186,1.50,1.88
2012.01.18 22:37:35.213,1.0418,1.04192,1.50,2.25
2012.01.18 22:37:35.283,1.04183,1.04197,3.57,1.50
2012.01.18 22:37:35.412,1.04183,1.04201,4.32,1.50
2012.01.18 22:37:35.482,1.04183,1.04203,4.32,1.50
2012.01.18 22:37:35.986,1.04184,1.04207,1.69,2.07
2012.01.18 22:37:36.068,1.04192,1.04211,3.00,1.88
2012.01.18 22:37:36.143,1.04192,1.04211,3.00,1.88
2012.01.18 22:37:36.652,1.04188,1.04206,3.19,1.13
2012.01.18 22:37:37.343,1.04188,1.04207,3.19,1.13
2012.01.18 22:37:38.611,1.04188,1.04207,3.19,1.88
2012.01.18 22:37:38.945,1.04182,1.04201,1.88,1.13
2012.01.18 22:37:39.012,1.04182,1.04201,1.50,1.13
2012.01.18 22:37:39.410,1.04183,1.04205,1.13,2.25
2012.01.18 22:37:39.600,1.04181,1.04203,2.63,1.88
2012.01.18 22:37:39.671,1.04179,1.04201,2.07,1.88
2012.01.18 22:37:40.311,1.04181,1.04203,1.88,1.88
2012.01.18 22:38:04.599,1.04182,1.04206,1.88,1.50
2012.01.18 22:38:04.931,1.04195,1.04211,1.13,1.50
2012.01.18 22:38:05.564,1.04192,1.04211,1.50,1.50
2012.01.18 22:38:07.688,1.04191,1.04211,1.50,1.50
2012.01.18 22:38:07.903,1.04187,1.04205,1.13,1.13
2012.01.18 22:38:07.974,1.04184,1.04203,1.13,1.13
2012.01.18 22:38:08.450,1.04185,1.04206,2.07,1.13
2012.01.18 22:38:08.702,1.04185,1.04206,2.07,1.88
2012.01.18 22:38:09.522,1.04185,1.04206,1.13,1.88
2012.01.18 22:38:09.870,1.04189,1.04206,1.88,1.50
2012.01.18 22:38:10.180,1.04189,1.04206,1.88,1.50
2012.01.18 22:38:14.420,1.04186,1.04206,1.88,1.50
2012.01.18 22:38:15.191,1.04186,1.04206,1.88,1.50
2012.01.18 22:38:15.321,1.04186,1.04206,1.88,1.50
2012.01.18 22:38:15.391,1.04186,1.04206,1.88,1.50
2012.01.18 22:38:15.580,1.04187,1.04206,1.43,1.50
2012.01.18 22:38:18.919,1.04189,1.04206,1.88,1.50
2012.01.18 22:38:38.934,1.04189,1.04199,1.88,1.25
2012.01.18 22:38:39.009,1.04178,1.04194,1.66,1.50
2012.01.18 22:38:39.517,1.04174,1.04188,2.41,1.13
2012.01.18 22:38:39.609,1.04181,1.04193,1.50,1.13
2012.01.18 22:38:39.755,1.04183,1.042,1.50,1.50
2012.01.18 22:38:39.894,1.04183,1.04204,1.13,2.25
2012.01.18 22:38:40.163,1.04186,1.04206,1.13,1.69
2012.01.18 22:38:40.304,1.04182,1.04201,1.32,1.50
2012.01.18 22:38:40.502,1.04178,1.04201,2.07,1.50
2012.01.18 22:38:40.663,1.04178,1.042,2.07,1.50
2012.01.18 22:38:41.323,1.04179,1.042,1.88,1.50
2012.01.18 22:38:49.540,1.04184,1.04202,1.13,3.75
2012.01.18 22:38:49.610,1.04184,1.04202,1.13,3.75
2012.01.18 22:38:50.591,1.04184,1.04202,1.13,3.75
2012.01.18 22:38:50.661,1.04178,1.04201,2.09,1.88
2012.01.18 22:38:50.732,1.04178,1.04201,1.34,2.25
2012.01.18 22:38:50.802,1.04178,1.04195,1.34,2.25
2012.01.18 22:38:53.736,1.04182,1.04195,1.13,3.00
2012.01.18 22:38:53.813,1.04174,1.04195,1.87,4.13
2012.01.18 22:38:54.014,1.04177,1.04195,2.07,1.50
2012.01.18 22:38:54.208,1.04177,1.04198,2.07,1.50
2012.01.18 22:38:54.839,1.04177,1.04195,1.13,3.00
2012.01.18 22:38:55.163,1.04181,1.04195,1.13,3.00
2012.01.18 22:38:55.373,1.04183,1.04201,1.13,2.25
2012.01.18 22:38:55.725,1.04189,1.04201,1.13,1.50
2012.01.18 22:38:55.804,1.04191,1.04206,1.13,1.13
2012.01.18 22:38:56.203,1.04189,1.0421,1.88,1.50
2012.01.18 22:38:56.402,1.04189,1.04209,1.88,1.50
2012.01.18 22:38:56.703,1.04189,1.04211,1.88,1.88
2012.01.18 22:38:59.231,1.04192,1.04211,1.88,1.50
2012.01.18 22:38:59.750,1.04192,1.04212,1.88,1.50
2012.01.18 22:39:00.151,1.0419,1.04212,3.19,1.50
2012.01.18 22:39:00.221,1.0419,1.0421,1.13,1.13
2012.01.18 22:39:00.412,1.04186,1.04204,1.92,2.25
2012.01.18 22:39:02.492,1.04187,1.04204,1.17,2.25
2012.01.18 22:39:02.622,1.04193,1.0421,1.13,2.25
2012.01.18 22:39:02.932,1.04193,1.04212,1.88,3.75
2012.01.18 22:39:03.543,1.04191,1.04212,1.88,3.00
2012.01.18 22:39:07.549,1.04191,1.04211,1.13,1.50
2012.01.18 22:39:09.426,1.04179,1.04184,1.50,0.75
2012.01.18 22:39:09.506,1.04177,1.0419,2.97,3.00
2012.01.18 22:39:09.646,1.04175,1.04181,1.13,1.13
2012.01.18 22:39:09.715,1.04173,1.04181,1.13,1.13
2012.01.18 22:39:09.781,1.04167,1.04181,1.50,1.13
2012.01.18 22:39:09.921,1.04167,1.04185,1.50,1.13
2012.01.18 22:39:10.472,1.04171,1.04189,1.58,1.88
2012.01.18 22:39:10.672,1.04175,1.04195,1.50,1.50
2012.01.18 22:39:11.110,1.04183,1.04202,1.88,1.50
2012.01.18 22:39:12.772,1.04185,1.04202,1.13,1.39
2012.01.18 22:39:12.901,1.04185,1.04202,1.13,1.50
2012.01.18 22:39:14.021,1.04183,1.04202,1.88,1.50
2012.01.18 22:39:14.543,1.04181,1.04201,1.13,2.63
2012.01.18 22:39:14.673,1.04176,1.042,2.25,1.88
2012.01.18 22:39:17.352,1.04179,1.04201,1.88,1.88
2012.01.18 22:39:17.816,1.04188,1.04205,1.13,1.50
2012.01.18 22:39:17.891,1.0419,1.04206,1.13,1.50
2012.01.18 22:39:18.270,1.04187,1.04206,1.88,1.50
2012.01.18 22:39:19.434,1.04185,1.04206,1.50,1.50
2012.01.18 22:39:19.961,1.04185,1.04206,3.00,1.50
2012.01.18 22:39:20.520,1.04185,1.04209,1.50,1.88
2012.01.18 22:39:20.653,1.04186,1.04208,1.13,1.88
2012.01.18 22:39:20.782,1.04188,1.0421,1.13,2.82
2012.01.18 22:39:20.851,1.04188,1.0421,1.13,2.82
2012.01.18 22:39:31.402,1.04189,1.0421,1.13,1.50
2012.01.18 22:39:31.541,1.04194,1.0421,1.13,1.50
2012.01.18 22:39:31.862,1.04196,1.0421,1.13,1.50
2012.01.18 22:39:32.421,1.04192,1.04214,1.88,4.13
2012.01.18 22:39:33.569,1.04192,1.04212,1.88,1.04
2012.01.18 22:39:33.902,1.04188,1.04211,1.32,1.60
2012.01.18 22:39:34.036,1.04184,1.04191,1.61,1.13
2012.01.18 22:39:34.113,1.04178,1.04199,1.98,3.38
2012.01.18 22:39:34.254,1.04178,1.04195,1.50,1.88
2012.01.18 22:39:34.640,1.0418,1.04199,1.50,3.38
2012.01.18 22:39:34.785,1.0418,1.04199,2.63,3.00
2012.01.18 22:39:35.190,1.0419,1.04204,1.13,1.88
2012.01.18 22:39:35.265,1.04188,1.04206,1.13,1.69
2012.01.18 22:39:43.444,1.04188,1.04207,2.25,1.50
2012.01.18 22:39:43.751,1.04195,1.04211,1.50,1.50
2012.01.18 22:39:44.822,1.0419,1.04209,1.50,1.50
2012.01.18 22:39:44.896,1.0419,1.04208,1.13,1.50
2012.01.18 22:39:44.978,1.04188,1.04207,1.13,1.50
2012.01.18 22:39:49.552,1.04183,1.04204,1.58,3.38
2012.01.18 22:39:50.632,1.04178,1.04202,2.14,2.07
2012.01.18 22:39:50.883,1.04178,1.04198,1.20,1.50
2012.01.18 22:39:52.763,1.04178,1.04198,1.20,1.50
2012.01.18 22:39:54.561,1.04176,1.04198,1.13,1.50
2012.01.18 22:39:54.692,1.04178,1.04198,1.32,1.50
2012.01.18 22:39:54.763,1.04179,1.04199,1.13,1.50
2012.01.18 22:39:54.893,1.04181,1.04199,1.50,1.50
2012.01.18 22:39:55.223,1.04185,1.04199,1.13,1.50
2012.01.18 22:39:55.943,1.04182,1.04199,1.88,1.50
2012.01.18 22:39:59.005,1.04185,1.04203,1.13,1.50
2012.01.18 22:39:59.145,1.04186,1.04203,1.88,1.50
2012.01.18 22:39:59.285,1.0419,1.04208,1.50,1.69
2012.01.18 22:39:59.424,1.04194,1.0421,1.50,1.88
2012.01.18 22:39:59.943,1.04192,1.0421,1.88,1.50
2012.01.18 22:40:00.203,1.04192,1.04207,1.13,1.50
2012.01.18 22:40:00.393,1.04188,1.04207,1.13,1.50
2012.01.18 22:40:06.860,1.04188,1.04207,1.88,1.50
2012.01.18 22:40:06.935,1.04191,1.04207,1.13,1.50
2012.01.18 22:40:07.264,1.04194,1.0421,1.13,1.50
2012.01.18 22:40:07.792,1.04191,1.0421,1.88,1.50
2012.01.18 22:40:08.699,1.04187,1.04207,1.13,1.50
2012.01.18 22:40:08.772,1.0419,1.04207,1.13,1.50
2012.01.18 22:40:10.883,1.0419,1.04209,1.88,1.50
2012.01.18 22:40:11.224,1.04196,1.04212,1.88,1.50
2012.01.18 22:40:11.296,1.04194,1.04212,1.88,2.25
2012.01.18 22:40:11.367,1.0419,1.04209,1.66,1.50
2012.01.18 22:40:11.446,1.0419,1.04212,1.13,1.69
2012.01.18 22:40:11.951,1.04189,1.04208,1.13,1.50
2012.01.18 22:40:12.472,1.04189,1.04208,1.13,1.50
2012.01.18 22:40:23.225,1.04189,1.04208,1.13,1.50
2012.01.18 22:40:23.294,1.04192,1.04209,1.13,1.50
2012.01.18 22:40:23.623,1.04192,1.04211,1.88,1.50
2012.01.18 22:40:24.586,1.04191,1.0421,1.13,2.63
2012.01.18 22:40:24.657,1.04186,1.0421,2.43,2.63
2012.01.18 22:40:24.733,1.04186,1.0421,2.05,2.63
2012.01.18 22:40:25.353,1.04188,1.04208,1.13,1.50
2012.01.18 22:40:28.270,1.04186,1.04208,2.05,1.50
2012.01.18 22:40:28.411,1.04188,1.04208,1.13,1.50
2012.01.18 22:41:21.754,1.04185,1.04206,1.50,1.88
2012.01.18 22:41:21.823,1.04183,1.04206,1.13,1.88
2012.01.18 22:41:21.955,1.04182,1.04205,1.13,1.50
2012.01.18 22:41:22.292,1.04185,1.04204,1.13,1.13
2012.01.18 22:41:22.924,1.04192,1.04205,1.88,1.50
2012.01.18 22:41:23.000,1.04192,1.0421,1.88,1.50
2012.01.18 22:41:28.912,1.04188,1.04207,3.19,1.13
2012.01.18 22:41:29.691,1.04188,1.0421,3.19,2.63
2012.01.18 22:41:31.811,1.04188,1.04207,3.19,1.13
2012.01.18 22:41:32.431,1.04188,1.04209,3.19,1.88
2012.01.18 22:41:32.941,1.04188,1.04209,3.19,1.88
2012.01.18 22:41:44.510,1.04188,1.04207,2.63,2.25
2012.01.18 22:41:44.725,1.04185,1.04204,1.13,3.00
2012.01.18 22:41:45.245,1.04185,1.04204,1.13,3.00
2012.01.18 22:41:45.664,1.04185,1.04204,1.13,3.00
2012.01.18 22:41:46.018,1.04185,1.04204,1.50,3.38
2012.01.18 22:41:46.222,1.04183,1.04204,2.25,3.38
2012.01.18 22:41:46.652,1.04185,1.04204,1.13,3.38
2012.01.18 22:41:49.513,1.04183,1.04201,1.13,1.88
2012.01.18 22:41:52.684,1.04183,1.04204,1.13,3.38
2012.01.18 22:41:52.756,1.04187,1.04204,1.13,3.19
2012.01.18 22:41:52.825,1.04189,1.04204,1.13,3.19
2012.01.18 22:41:53.354,1.04186,1.04206,1.13,1.13
2012.01.18 22:41:53.703,1.0419,1.04211,1.13,1.88
2012.01.18 22:41:54.276,1.04187,1.04209,1.88,2.07
2012.01.18 22:41:54.641,1.04191,1.04211,1.13,1.13
2012.01.18 22:41:56.801,1.04186,1.0421,2.25,2.07
2012.01.18 22:41:58.370,1.04187,1.0421,1.50,1.32
2012.01.18 22:41:58.514,1.04192,1.04212,1.13,2.25
2012.01.18 22:41:58.583,1.04196,1.04212,1.13,2.25
2012.01.18 22:41:58.922,1.04196,1.04216,1.13,1.69
2012.01.18 22:41:59.424,1.04194,1.04215,2.89,1.88
2012.01.18 22:42:07.263,1.04199,1.04218,1.13,2.07
2012.01.18 22:42:31.936,1.04199,1.04219,1.13,4.50
2012.01.18 22:42:32.135,1.04199,1.04219,1.13,4.50
2012.01.18 22:42:32.207,1.04199,1.04213,1.13,1.13
2012.01.18 22:42:32.353,1.04201,1.04219,1.88,2.25
2012.01.18 22:42:32.497,1.04201,1.04224,3.38,3.38
2012.01.18 22:42:32.846,1.04201,1.04224,2.63,3.38
2012.01.18 22:42:38.433,1.04201,1.04223,1.50,1.13
2012.01.18 22:42:38.512,1.04207,1.04228,1.50,1.50
2012.01.18 22:42:38.769,1.04209,1.04229,1.13,1.13
2012.01.18 22:42:38.844,1.04211,1.04231,1.88,1.50
2012.01.18 22:42:46.631,1.0421,1.04232,1.88,2.07
2012.01.18 22:42:46.902,1.04208,1.04224,1.50,1.88
2012.01.18 22:42:57.070,1.04208,1.04228,1.50,2.07
2012.01.18 22:42:57.382,1.04214,1.04232,1.50,2.44
2012.01.18 22:43:00.513,1.04211,1.04233,2.63,2.07
2012.01.18 22:43:01.034,1.04211,1.04233,2.63,2.07
2012.01.18 22:43:01.397,1.04211,1.04233,2.63,2.07
2012.01.18 22:43:01.473,1.04211,1.04233,2.63,2.07
2012.01.18 22:43:02.073,1.04211,1.04233,2.63,2.07
2012.01.18 22:43:02.570,1.04213,1.04233,1.13,2.07
2012.01.18 22:43:02.831,1.04217,1.04235,1.13,1.69
2012.01.18 22:43:03.281,1.04214,1.04235,2.25,1.69
2012.01.18 22:43:03.591,1.04214,1.04235,2.25,1.69
2012.01.18 22:43:03.663,1.04218,1.04235,1.13,1.50
2012.01.18 22:43:04.242,1.04214,1.04235,1.13,2.63
2012.01.18 22:43:07.193,1.04214,1.04231,1.13,1.88
2012.01.18 22:43:07.833,1.04213,1.04229,1.13,1.88
2012.01.18 22:43:08.102,1.04213,1.04234,1.13,2.25
2012.01.18 22:43:09.206,1.04214,1.04236,1.88,2.63
2012.01.18 22:43:09.332,1.04214,1.04236,1.88,2.63
2012.01.18 22:43:09.901,1.04213,1.04229,1.13,1.88
2012.01.18 22:43:12.092,1.04214,1.04232,1.50,1.32
2012.01.18 22:43:12.170,1.04214,1.04232,1.88,1.32
2012.01.18 22:43:12.482,1.04217,1.04238,1.88,1.32
2012.01.18 22:43:24.227,1.04219,1.04235,3.38,1.13
2012.01.18 22:43:24.291,1.04219,1.04238,3.38,1.13
2012.01.18 22:43:24.364,1.04221,1.04238,1.50,1.13
2012.01.18 22:43:24.884,1.04219,1.04239,4.50,1.88
2012.01.18 22:43:48.171,1.04219,1.04241,4.50,1.88
2012.01.18 22:43:48.243,1.04224,1.04241,1.13,1.13
2012.01.18 22:43:48.372,1.04224,1.04244,1.50,3.00
2012.01.18 22:43:49.055,1.04224,1.04246,1.50,1.88
2012.01.18 22:43:51.206,1.0423,1.04246,1.13,1.88
2012.01.18 22:43:51.405,1.0423,1.04247,1.88,1.50
2012.01.18 22:43:51.714,1.04224,1.04243,3.94,1.88
2012.01.18 22:43:52.248,1.04225,1.04243,1.50,1.88
2012.01.18 22:43:57.762,1.04226,1.04246,1.50,2.07
2012.01.18 22:44:04.692,1.04226,1.04244,1.50,1.88
2012.01.18 22:44:04.762,1.04226,1.04244,1.50,1.88
2012.01.18 22:44:04.968,1.04226,1.0424,1.50,1.88
2012.01.18 22:44:05.296,1.04218,1.04235,1.32,1.88
2012.01.18 22:44:05.436,1.04218,1.04232,1.32,1.13
2012.01.18 22:44:06.803,1.04214,1.04232,1.13,1.88
2012.01.18 22:44:07.773,1.04212,1.04232,1.50,1.88
2012.01.18 22:44:11.162,1.04207,1.0423,2.25,1.88
2012.01.18 22:44:11.412,1.04207,1.04225,2.25,1.88
2012.01.18 22:44:24.360,1.04205,1.04227,1.50,1.88
2012.01.18 22:44:29.371,1.04205,1.04227,1.50,1.88
2012.01.18 22:44:29.923,1.0421,1.04231,1.13,1.69
2012.01.18 22:44:30.533,1.04208,1.0423,4.32,1.88
2012.01.18 22:45:29.700,1.04208,1.04229,2.25,1.13
2012.01.18 22:45:48.350,1.04208,1.04229,3.00,1.88
2012.01.18 22:45:48.913,1.04208,1.04229,3.00,1.88
2012.01.18 22:45:52.765,1.04208,1.04225,1.50,1.13
2012.01.18 22:45:53.072,1.04204,1.04223,1.69,1.13
2012.01.18 22:45:53.262,1.04204,1.04223,1.69,1.88
2012.01.18 22:45:54.025,1.04203,1.04221,1.50,1.88
2012.01.18 22:45:54.366,1.04201,1.04217,3.00,1.13
2012.01.18 22:45:54.575,1.04202,1.04221,3.00,2.44
2012.01.18 22:45:56.128,1.04202,1.04222,3.75,1.88
2012.01.18 22:45:57.653,1.04204,1.04222,1.50,1.88
2012.01.18 22:45:57.863,1.04208,1.04228,3.19,1.88
2012.01.18 22:46:00.200,1.04208,1.04223,2.25,1.50
2012.01.18 22:46:00.345,1.04204,1.04223,1.69,2.63
2012.01.18 22:46:00.876,1.04203,1.04223,3.19,2.63
2012.01.18 22:46:03.200,1.04204,1.04223,2.25,1.50
2012.01.18 22:46:03.524,1.04209,1.04228,3.00,1.88
2012.01.18 22:46:16.905,1.04209,1.04226,3.19,1.88
2012.01.18 22:46:35.986,1.04209,1.04225,2.25,1.88
2012.01.18 22:46:36.185,1.04204,1.04222,3.19,1.50
2012.01.18 22:46:40.318,1.04204,1.04222,3.19,1.50
2012.01.18 22:46:40.642,1.04201,1.04217,1.50,1.88
2012.01.18 22:46:40.785,1.04199,1.04217,3.19,1.88
2012.01.18 22:46:41.342,1.04199,1.0422,3.19,1.88
2012.01.18 22:46:51.834,1.04199,1.0422,3.19,1.88
2012.01.18 22:46:51.902,1.04199,1.0422,3.19,1.88
2012.01.18 22:46:52.417,1.04199,1.0422,3.19,1.88
2012.01.18 22:46:52.582,1.04199,1.0422,3.19,1.88
2012.01.18 22:46:52.654,1.04199,1.0422,3.19,1.88
2012.01.18 22:46:52.802,1.04199,1.0422,3.19,1.88
2012.01.18 22:46:52.871,1.04199,1.0422,3.19,1.88
2012.01.18 22:46:53.251,1.04199,1.0422,3.19,1.88
2012.01.18 22:46:53.792,1.04199,1.0422,3.19,1.88
2012.01.18 22:46:53.862,1.04199,1.0422,3.19,1.88
2012.01.18 22:46:54.300,1.04199,1.0422,3.19,1.88
2012.01.18 22:46:54.612,1.04199,1.0422,3.19,1.88
2012.01.18 22:46:54.680,1.04199,1.0422,3.19,1.88
2012.01.18 22:46:55.231,1.04199,1.0422,3.19,1.88
2012.01.18 22:46:55.301,1.04199,1.0422,3.19,1.88
2012.01.18 22:46:55.850,1.04199,1.0422,3.19,1.88
2012.01.18 22:46:56.400,1.04199,1.0422,3.19,1.88
2012.01.18 22:46:57.301,1.04199,1.0422,3.19,1.88
2012.01.18 22:46:57.913,1.04199,1.0422,3.19,1.88
2012.01.18 22:46:58.132,1.04199,1.0422,3.19,1.88
2012.01.18 22:46:58.734,1.04199,1.0422,3.19,1.88
2012.01.18 22:46:58.813,1.04199,1.04218,2.25,2.25
2012.01.18 22:46:59.312,1.04197,1.04214,1.50,1.88
2012.01.18 22:47:14.198,1.04197,1.04212,1.50,2.91
2012.01.18 22:47:14.416,1.04186,1.04197,1.58,1.13
2012.01.18 22:47:14.485,1.04179,1.04195,3.23,1.88
2012.01.18 22:47:14.612,1.04179,1.04195,2.52,1.88
2012.01.18 22:47:15.805,1.04181,1.04202,2.25,1.09
2012.01.18 22:47:15.943,1.04183,1.04204,1.50,1.88
2012.01.18 22:47:17.912,1.04183,1.04202,1.50,1.88
2012.01.18 22:47:22.232,1.04188,1.04206,3.00,1.88
2012.01.18 22:47:25.115,1.04188,1.04204,2.25,1.88
2012.01.18 22:47:25.385,1.04185,1.04202,1.50,2.63
2012.01.18 22:47:25.454,1.04185,1.04201,1.50,1.88
2012.01.18 22:47:25.645,1.04179,1.04196,2.52,1.88
2012.01.18 22:47:26.333,1.04179,1.04198,3.27,1.88
2012.01.18 22:47:26.662,1.04181,1.04201,3.00,1.88
2012.01.18 22:47:26.972,1.04181,1.04201,3.00,1.88
2012.01.18 22:47:27.872,1.04181,1.04201,3.00,1.88
2012.01.18 22:47:29.443,1.04179,1.04198,3.00,1.88
2012.01.18 22:47:31.333,1.04184,1.04202,3.19,2.63
2012.01.18 22:47:31.405,1.04184,1.042,3.19,1.13
2012.01.18 22:47:31.733,1.04179,1.04198,3.19,1.88
2012.01.18 22:47:32.275,1.04179,1.04198,3.19,3.00
2012.01.18 22:47:35.731,1.04179,1.04195,3.19,1.13
2012.01.18 22:47:45.551,1.04179,1.04198,3.19,1.88
2012.01.18 22:47:46.093,1.04179,1.04195,3.19,1.88
2012.01.18 22:47:53.700,1.04179,1.04195,3.19,1.13
2012.01.18 22:47:56.051,1.04179,1.04197,3.19,1.88
2012.01.18 22:48:08.325,1.04177,1.04194,1.50,1.88
2012.01.18 22:48:09.003,1.04176,1.04193,1.50,1.88
2012.01.18 22:48:11.906,1.04176,1.04187,1.50,1.13
2012.01.18 22:48:12.230,1.04165,1.04182,1.65,1.88
2012.01.18 22:48:12.374,1.04165,1.04182,1.58,1.88
2012.01.18 22:48:12.894,1.04169,1.04186,1.50,2.82
2012.01.18 22:48:13.153,1.0417,1.04186,1.50,1.50
2012.01.18 22:48:13.684,1.0417,1.0419,1.50,2.82
2012.01.18 22:48:15.704,1.0417,1.0419,2.25,2.63
2012.01.18 22:48:16.023,1.04179,1.04194,3.75,1.35
2012.01.18 22:48:16.153,1.04179,1.04199,4.50,1.50
2012.01.18 22:48:16.682,1.04179,1.042,4.50,1.88
2012.01.18 22:48:17.364,1.04179,1.04195,2.25,1.13
2012.01.18 22:48:17.500,1.04179,1.04193,2.25,1.13
2012.01.18 22:48:18.002,1.04173,1.04191,1.09,1.88
2012.01.18 22:48:18.138,1.04179,1.04194,1.50,1.88
2012.01.18 22:48:18.216,1.04179,1.04194,1.50,1.13
2012.01.18 22:48:18.775,1.04178,1.04197,3.75,1.17
2012.01.18 22:48:18.904,1.04179,1.042,2.25,2.29
2012.01.18 22:48:20.362,1.0418,1.042,3.00,1.17
2012.01.18 22:48:23.464,1.04181,1.04197,1.50,1.35
2012.01.18 22:48:24.056,1.04179,1.04194,1.50,1.88
2012.01.18 22:48:25.428,1.04179,1.04193,1.50,1.50
2012.01.18 22:48:25.693,1.04168,1.04186,1.69,1.88
2012.01.18 22:48:26.311,1.04171,1.0419,1.50,1.88
2012.01.18 22:48:26.755,1.04171,1.0419,1.50,1.88
2012.01.18 22:48:27.320,1.0417,1.04187,1.50,1.88
2012.01.18 22:48:28.467,1.04171,1.04188,3.00,1.88
2012.01.18 22:48:28.976,1.04168,1.04186,1.50,1.88
2012.01.18 22:48:29.634,1.04169,1.04186,2.25,1.88
2012.01.18 22:48:29.898,1.0417,1.0419,1.50,2.22
2012.01.18 22:48:30.466,1.0417,1.04191,3.75,1.17
2012.01.18 22:48:31.282,1.04171,1.04191,1.50,1.17
2012.01.18 22:48:31.613,1.04171,1.04189,1.50,1.88
2012.01.18 22:48:34.212,1.0417,1.04189,1.50,1.88
2012.01.18 22:48:34.701,1.0417,1.04189,1.58,1.88
2012.01.18 22:48:34.893,1.04172,1.04191,1.02,2.10
2012.01.18 22:48:44.684,1.04169,1.04187,1.50,1.13
2012.01.18 22:48:44.752,1.04169,1.04187,1.50,1.88
2012.01.18 22:48:45.987,1.04167,1.04187,2.25,4.13
2012.01.18 22:48:46.543,1.04167,1.04184,1.50,1.88
2012.01.18 22:48:49.282,1.04168,1.04187,3.75,1.13
2012.01.18 22:48:50.006,1.04169,1.0419,1.50,2.29
2012.01.18 22:49:05.652,1.04168,1.0419,3.00,2.10
2012.01.18 22:49:05.843,1.04167,1.04185,1.50,1.88
2012.01.18 22:49:06.392,1.04167,1.04185,1.50,1.88
2012.01.18 22:49:06.722,1.04169,1.04185,1.50,1.13
2012.01.18 22:49:06.977,1.0417,1.04187,2.63,2.48
2012.01.18 22:49:07.174,1.04178,1.04194,1.50,1.88
2012.01.18 22:49:08.423,1.04177,1.04194,1.50,2.25
2012.01.18 22:49:23.943,1.04178,1.04195,1.50,1.88
2012.01.18 22:49:49.326,1.04179,1.04195,1.50,1.13
2012.01.18 22:49:49.831,1.04178,1.042,2.44,2.07
2012.01.18 22:49:53.651,1.0418,1.04197,1.50,1.88
2012.01.18 22:49:54.332,1.04179,1.04197,1.50,1.88
2012.01.18 22:49:54.881,1.0418,1.04197,1.50,1.88
2012.01.18 22:49:59.383,1.04178,1.04197,1.69,1.88
2012.01.18 22:50:00.083,1.04177,1.04193,1.50,1.88
2012.01.18 22:50:04.433,1.04177,1.04195,1.50,1.88
2012.01.18 22:50:09.583,1.04179,1.04197,1.50,3.19
2012.01.18 22:50:10.093,1.04179,1.04197,1.50,3.19
2012.01.18 22:50:15.912,1.04179,1.04197,1.50,4.32
2012.01.18 22:50:50.461,1.04182,1.04197,1.50,2.07
2012.01.18 22:50:50.724,1.04184,1.04197,1.50,1.88
2012.01.18 22:51:37.904,1.04183,1.04198,1.50,1.88
2012.01.18 22:51:37.972,1.04181,1.04198,1.50,1.88
2012.01.18 22:51:40.202,1.04185,1.04198,1.50,1.13
2012.01.18 22:51:40.475,1.04186,1.04204,1.50,2.85
2012.01.18 22:51:40.544,1.04186,1.04204,1.50,2.63
2012.01.18 22:51:50.366,1.0419,1.04203,1.50,1.88
2012.01.18 22:51:51.176,1.0419,1.04203,1.50,1.88
2012.01.18 22:51:51.244,1.04184,1.04197,1.69,1.50
2012.01.18 22:51:51.433,1.04182,1.04194,2.25,1.88
2012.01.18 22:51:51.505,1.04182,1.04194,1.50,3.00
2012.01.18 22:51:52.459,1.0418,1.04195,1.50,1.88
2012.01.18 22:51:59.423,1.04181,1.04195,1.50,1.88
2012.01.18 22:52:27.716,1.04182,1.04191,1.50,1.88
2012.01.18 22:52:51.833,1.04182,1.04192,1.50,1.13
2012.01.18 22:53:32.379,1.04182,1.04197,1.50,1.23
2012.01.18 22:53:39.762,1.04182,1.04196,1.50,1.13
2012.01.18 22:53:40.482,1.0418,1.04195,1.50,1.13
2012.01.18 22:53:41.752,1.0418,1.04195,1.50,2.25
2012.01.18 22:53:42.252,1.04181,1.04195,1.50,2.07
2012.01.18 22:53:51.023,1.04181,1.04195,1.50,1.32
2012.01.18 22:53:51.165,1.04182,1.04197,2.25,1.32
2012.01.18 22:53:51.477,1.04183,1.04198,3.00,2.07
2012.01.18 22:53:51.616,1.04189,1.042,1.50,1.88
2012.01.18 22:53:51.688,1.04189,1.04202,1.50,1.88
2012.01.18 22:53:52.231,1.04189,1.04204,1.50,2.07
2012.01.18 22:53:54.164,1.04188,1.04201,1.50,1.88
2012.01.18 22:53:55.591,1.04188,1.04201,1.50,1.88
2012.01.18 22:54:00.011,1.04189,1.04201,1.50,1.88
2012.01.18 22:54:01.734,1.04189,1.042,1.50,1.13
2012.01.18 22:54:02.303,1.04189,1.04199,1.50,1.13
2012.01.18 22:54:05.614,1.04189,1.04199,1.50,1.88
2012.01.18 22:54:05.943,1.04185,1.04192,1.50,1.13
2012.01.18 22:54:06.013,1.04183,1.04192,1.50,1.13
2012.01.18 22:54:06.863,1.04183,1.04193,1.50,2.25
2012.01.18 22:54:16.205,1.04183,1.04197,1.50,1.88
2012.01.18 22:54:16.277,1.04183,1.04195,1.50,1.13
2012.01.18 22:54:18.454,1.04183,1.04198,1.50,1.88
2012.01.18 22:54:19.262,1.04183,1.04196,1.50,1.13
2012.01.18 22:54:25.525,1.04183,1.04195,1.50,1.13
2012.01.18 22:54:25.721,1.04183,1.04193,1.50,1.13
2012.01.18 22:54:33.615,1.04183,1.04196,1.50,1.13
2012.01.18 22:54:47.801,1.04183,1.04197,1.50,1.88
2012.01.18 22:54:51.966,1.04183,1.04196,1.50,1.13
2012.01.18 22:54:57.662,1.04183,1.04199,1.50,1.88
2012.01.18 22:54:58.173,1.04183,1.04196,1.50,1.13
2012.01.18 22:55:00.562,1.04181,1.04196,2.25,1.88
2012.01.18 22:55:05.944,1.04184,1.04197,1.50,1.13
2012.01.18 22:55:06.257,1.04186,1.04197,1.50,1.13
2012.01.18 22:55:06.385,1.04186,1.04203,1.50,2.07
2012.01.18 22:55:06.896,1.04186,1.04199,1.50,1.13
2012.01.18 22:55:08.005,1.04186,1.04196,1.50,1.13
2012.01.18 22:55:08.215,1.04181,1.04194,2.25,1.13
2012.01.18 22:55:08.783,1.04181,1.04197,2.25,1.88
2012.01.18 22:55:10.223,1.04181,1.04195,2.25,1.13
2012.01.18 22:55:12.126,1.04182,1.04195,1.50,1.13
2012.01.18 22:55:12.435,1.04182,1.04195,1.50,1.88
2012.01.18 22:55:14.055,1.04182,1.04197,1.50,2.25
2012.01.18 22:55:15.843,1.04182,1.04195,1.50,1.13
2012.01.18 22:55:16.165,1.04181,1.04195,1.50,1.88
2012.01.18 22:55:16.767,1.04182,1.04196,1.50,1.50
2012.01.18 22:55:17.263,1.04182,1.04196,1.50,1.50
2012.01.18 22:55:17.635,1.04182,1.04196,1.50,1.50
2012.01.18 22:55:17.934,1.04182,1.04196,1.50,1.50
2012.01.18 22:55:18.294,1.04182,1.04196,1.50,1.50
2012.01.18 22:55:18.363,1.04182,1.04196,1.50,1.50
2012.01.18 22:55:18.552,1.04182,1.04196,1.50,1.50
2012.01.18 22:55:18.954,1.04182,1.04196,1.50,1.50
2012.01.18 22:55:19.022,1.04182,1.04196,1.50,1.50
2012.01.18 22:55:19.445,1.04182,1.04196,1.50,1.50
2012.01.18 22:55:20.175,1.04182,1.04196,1.50,1.50
2012.01.18 22:55:20.244,1.04182,1.04196,1.50,1.50
2012.01.18 22:55:20.983,1.04182,1.04196,1.50,2.63
2012.01.18 22:55:21.773,1.04182,1.04196,1.50,2.63
2012.01.18 22:55:22.326,1.04182,1.04196,1.50,2.63
2012.01.18 22:55:28.195,1.04182,1.04196,1.50,2.63
2012.01.18 22:55:28.731,1.04182,1.04196,1.50,2.63
2012.01.18 22:55:29.361,1.04182,1.04196,1.50,2.63
2012.01.18 22:55:29.693,1.04182,1.04194,1.50,1.88
2012.01.18 22:55:29.834,1.0417,1.04188,2.82,1.88
2012.01.18 22:55:29.904,1.04169,1.04188,2.25,2.25
2012.01.18 22:55:29.975,1.04169,1.04191,2.25,2.63
2012.01.18 22:55:30.285,1.04182,1.0419,1.50,1.88
2012.01.18 22:55:30.545,1.0417,1.04184,1.32,1.88
2012.01.18 22:55:30.735,1.04175,1.04189,1.50,1.13
2012.01.18 22:55:30.926,1.04181,1.04189,1.50,1.13
2012.01.18 22:55:31.524,1.04181,1.04191,1.50,2.63
2012.01.18 22:55:31.986,1.0418,1.0419,1.50,1.88
2012.01.18 22:55:32.187,1.0417,1.04186,1.50,1.88
2012.01.18 22:55:32.254,1.0417,1.04186,1.50,1.88
2012.01.18 22:55:32.325,1.0417,1.04183,2.63,1.13
2012.01.18 22:55:32.393,1.0417,1.04183,1.88,1.13
2012.01.18 22:55:32.763,1.0417,1.04186,1.88,1.88
2012.01.18 22:55:32.833,1.04172,1.04186,1.50,1.88
2012.01.18 22:55:33.638,1.04172,1.04187,1.50,1.88
2012.01.18 22:55:38.011,1.04172,1.04185,1.50,1.13
2012.01.18 22:55:40.144,1.0417,1.04185,1.50,1.13
2012.01.18 22:55:40.213,1.04169,1.04185,4.13,1.13
2012.01.18 22:55:42.083,1.04169,1.04185,1.13,1.88
2012.01.18 22:55:45.330,1.04163,1.04183,2.07,2.63
2012.01.18 22:55:47.267,1.04159,1.0418,1.50,1.50
2012.01.18 22:55:47.573,1.04159,1.04178,1.50,2.07
2012.01.18 22:55:48.016,1.04159,1.0418,2.63,4.13
2012.01.18 22:55:48.085,1.04159,1.04179,3.75,1.88
2012.01.18 22:55:48.224,1.04159,1.04178,3.00,1.88
2012.01.18 22:55:48.753,1.04159,1.04181,4.13,3.00
2012.01.18 22:55:52.183,1.04156,1.04177,2.44,1.88
2012.01.18 22:55:53.485,1.04156,1.04176,3.38,1.13
2012.01.18 22:55:54.012,1.04157,1.04176,1.50,1.13
2012.01.18 22:55:59.811,1.04156,1.04176,1.50,1.13
2012.01.18 22:56:00.386,1.04155,1.04176,3.38,1.13
2012.01.18 22:56:00.931,1.04156,1.04176,1.50,1.13
2012.01.18 22:56:01.003,1.04156,1.04176,1.50,1.13
2012.01.18 22:56:01.251,1.04156,1.04176,1.50,1.13
2012.01.18 22:56:04.241,1.04153,1.04171,1.88,1.13
2012.01.18 22:56:04.434,1.0415,1.04171,4.13,1.13
2012.01.18 22:56:04.744,1.04152,1.04171,1.88,1.13
2012.01.18 22:56:05.454,1.04153,1.04173,1.13,3.00
2012.01.18 22:56:13.315,1.04153,1.04173,1.88,2.25
2012.01.18 22:56:13.656,1.04167,1.04181,1.88,1.50
2012.01.18 22:56:14.052,1.04167,1.04182,1.13,1.50
2012.01.18 22:56:14.128,1.04163,1.04182,1.13,1.50
2012.01.18 22:56:14.262,1.04163,1.04182,1.88,1.50
2012.01.18 22:56:14.333,1.04163,1.04182,1.88,1.50
2012.01.18 22:56:14.713,1.04166,1.04182,1.13,1.50
2012.01.18 22:56:15.056,1.04166,1.04182,1.13,1.50
2012.01.18 22:56:15.124,1.04166,1.04182,1.13,1.50
2012.01.18 22:56:15.192,1.04166,1.04182,1.13,1.50
2012.01.18 22:56:15.452,1.04166,1.04182,1.13,1.50
2012.01.18 22:56:15.614,1.04166,1.04182,1.13,1.50
2012.01.18 22:56:16.132,1.04166,1.04182,1.13,1.50
2012.01.18 22:56:16.823,1.04166,1.04182,1.13,1.50
2012.01.18 22:56:16.952,1.04166,1.04182,1.13,1.50
2012.01.18 22:56:17.783,1.04163,1.04182,1.88,1.50
2012.01.18 22:56:18.385,1.04163,1.04182,1.88,1.50
2012.01.18 22:56:19.042,1.04163,1.04182,1.88,1.50
2012.01.18 22:56:21.265,1.04163,1.04182,1.13,1.50
2012.01.18 22:56:21.335,1.04161,1.04182,4.62,1.50
2012.01.18 22:56:21.524,1.04161,1.04182,3.94,1.50
2012.01.18 22:56:22.132,1.04164,1.04182,1.13,1.50
2012.01.18 22:56:22.324,1.04161,1.04178,1.88,1.88
2012.01.18 22:56:22.401,1.04161,1.04175,1.88,1.13
2012.01.18 22:56:22.475,1.0416,1.04178,1.88,1.50
2012.01.18 22:56:22.666,1.04164,1.04182,1.88,1.50
2012.01.18 22:56:22.734,1.04166,1.04182,1.13,1.50
2012.01.18 22:56:23.083,1.04168,1.04182,1.13,1.50
2012.01.18 22:56:23.313,1.04163,1.04182,1.88,1.50
2012.01.18 22:56:26.673,1.04163,1.04182,1.88,1.50
2012.01.18 22:56:30.923,1.04163,1.04182,1.88,1.50
2012.01.18 22:56:31.051,1.04163,1.04182,1.88,1.50
2012.01.18 22:56:32.454,1.04164,1.04182,1.50,1.50
2012.01.18 22:56:32.525,1.04165,1.04182,2.25,1.50
2012.01.18 22:56:32.927,1.0417,1.04185,1.13,3.75
2012.01.18 22:56:33.254,1.04167,1.04187,2.82,1.50
2012.01.18 22:56:34.072,1.04167,1.04187,2.25,1.50
2012.01.18 22:56:34.604,1.04167,1.04187,3.00,1.50
2012.01.18 22:56:35.913,1.04167,1.04187,3.00,1.50
2012.01.18 22:56:40.892,1.04167,1.04187,3.00,1.50
2012.01.18 22:56:41.003,1.04167,1.04187,3.00,1.50
2012.01.18 22:57:03.867,1.04167,1.04187,3.00,1.50
2012.01.18 22:57:04.491,1.04172,1.04193,1.13,1.69
2012.01.18 22:57:18.688,1.04171,1.04192,1.50,4.13
2012.01.18 22:57:19.437,1.04171,1.04192,1.50,4.13
2012.01.18 22:57:19.948,1.04172,1.04192,1.50,4.13
2012.01.18 22:57:21.107,1.04171,1.04192,2.82,4.13
2012.01.18 22:57:22.027,1.04171,1.04192,2.82,4.13
2012.01.18 22:57:22.657,1.04172,1.04192,1.69,4.13
2012.01.18 22:57:22.857,1.04172,1.04192,1.69,4.13
2012.01.18 22:57:23.730,1.04172,1.04192,1.69,4.13
2012.01.18 22:57:26.846,1.04172,1.04192,1.69,4.13
2012.01.18 22:57:27.526,1.04171,1.04192,2.82,4.13
2012.01.18 22:57:27.597,1.04171,1.04192,2.82,4.13
2012.01.18 22:57:27.927,1.04171,1.04192,2.82,4.13
2012.01.18 22:57:28.348,1.04171,1.04192,2.82,4.13
2012.01.18 22:57:28.855,1.04171,1.04192,2.82,4.13
2012.01.18 22:57:29.046,1.04171,1.04192,2.82,4.13
2012.01.18 22:57:29.759,1.04171,1.04192,2.07,4.13
2012.01.18 22:57:54.730,1.04172,1.04192,1.69,4.13
2012.01.18 22:57:54.799,1.04172,1.04192,1.69,4.13
2012.01.18 22:57:55.207,1.04174,1.04192,1.13,1.88
2012.01.18 22:57:58.897,1.04174,1.04192,1.13,1.88
2012.01.18 22:57:59.027,1.04174,1.04192,1.13,1.88
2012.01.18 22:57:59.097,1.04174,1.04192,1.13,1.88
2012.01.18 22:57:59.350,1.04171,1.04188,2.82,1.50
2012.01.18 22:57:59.889,1.04171,1.04188,1.32,1.50
2012.01.18 22:58:00.509,1.04171,1.04188,2.07,1.50
2012.01.18 22:58:01.968,1.04172,1.04194,1.50,2.25
2012.01.18 22:58:02.287,1.04173,1.04195,1.13,1.69
2012.01.18 22:58:04.696,1.04173,1.04194,1.13,1.50
2012.01.18 22:58:13.774,1.04174,1.04196,1.50,1.69
2012.01.18 22:58:17.152,1.04174,1.04196,1.88,1.69
2012.01.18 22:58:20.456,1.04174,1.04196,1.88,1.69
2012.01.18 22:58:23.364,1.04174,1.04196,1.88,1.69
2012.01.18 22:58:25.432,1.04174,1.04196,2.44,1.69
2012.01.18 22:58:25.976,1.04174,1.04197,2.44,3.19
2012.01.18 22:58:30.416,1.04174,1.04195,2.44,1.50
2012.01.18 22:58:32.696,1.04174,1.04195,2.44,1.50
2012.01.18 22:58:33.238,1.04174,1.04195,2.44,1.50
2012.01.18 22:58:33.697,1.04173,1.04195,2.07,1.50
2012.01.18 22:58:41.663,1.04173,1.04195,2.07,1.50
2012.01.18 22:58:49.596,1.04173,1.04195,2.07,1.50
2012.01.18 22:58:50.098,1.04174,1.04193,1.32,1.50
2012.01.18 22:58:50.617,1.04173,1.04189,2.07,1.50
2012.01.18 22:58:50.809,1.04177,1.04189,2.25,1.50
2012.01.18 22:58:50.940,1.04177,1.04192,3.00,1.50
2012.01.18 22:58:51.008,1.04177,1.04196,3.75,2.25
2012.01.18 22:58:51.319,1.04177,1.04194,2.63,1.50
2012.01.18 22:58:51.388,1.04175,1.04194,1.50,1.50
2012.01.18 22:58:52.901,1.04175,1.04194,1.50,1.50
2012.01.18 22:58:58.375,1.04173,1.04194,2.97,1.50
2012.01.18 22:58:58.687,1.04173,1.04193,1.88,3.00
2012.01.18 22:58:59.697,1.04173,1.0419,1.88,2.25
2012.01.18 22:59:00.318,1.04173,1.0419,1.88,2.25
2012.01.18 22:59:00.466,1.04173,1.0419,1.88,2.25
2012.01.18 22:59:00.576,1.04173,1.0419,1.88,2.25
2012.01.18 22:59:00.717,1.04173,1.0419,1.88,2.25
2012.01.18 22:59:01.057,1.04173,1.0419,1.88,2.25
2012.01.18 22:59:01.568,1.04173,1.04183,1.88,2.25
2012.01.18 22:59:01.821,1.04162,1.04184,1.88,1.50
2012.01.18 22:59:01.889,1.04162,1.04184,2.25,1.50
2012.01.18 22:59:02.437,1.04162,1.04184,2.44,1.50
2012.01.18 22:59:02.597,1.04162,1.04184,1.69,1.50
2012.01.18 22:59:03.178,1.04158,1.04181,1.50,3.19
2012.01.18 22:59:03.998,1.04158,1.04179,1.50,1.50
2012.01.18 22:59:05.201,1.04161,1.04181,1.50,3.94
2012.01.18 22:59:05.340,1.04166,1.04181,1.50,3.75
2012.01.18 22:59:05.414,1.04166,1.04181,1.50,2.25
2012.01.18 22:59:12.447,1.04168,1.04186,1.50,1.50
2012.01.18 22:59:12.701,1.04168,1.04186,3.19,1.50
2012.01.18 22:59:13.275,1.04165,1.04187,2.25,3.19
2012.01.18 22:59:14.430,1.04167,1.04187,1.50,3.19
2012.01.18 22:59:15.157,1.04168,1.04189,4.69,1.50
2012.01.18 22:59:15.818,1.04166,1.04188,1.66,4.13
2012.01.18 22:59:16.008,1.04166,1.04188,2.25,4.88
2012.01.18 22:59:16.558,1.04166,1.04188,1.50,4.88
2012.01.18 22:59:20.990,1.0417,1.04188,1.88,3.75
2012.01.18 22:59:21.518,1.04172,1.04192,3.94,1.50
2012.01.18 22:59:24.279,1.04172,1.04192,3.38,1.50
2012.01.18 22:59:24.347,1.04172,1.04192,1.50,3.94
2012.01.18 22:59:25.014,1.04171,1.04192,1.50,3.94
2012.01.18 22:59:37.275,1.04168,1.04191,5.63,1.13
2012.01.18 22:59:37.420,1.04168,1.04188,1.13,3.75
2012.01.18 22:59:41.010,1.04168,1.04187,1.13,2.33
2012.01.18 22:59:41.083,1.04168,1.04181,1.13,3.00
2012.01.18 22:59:41.210,1.04163,1.0418,1.13,1.50
2012.01.18 22:59:41.748,1.04166,1.0418,1.13,1.50
2012.01.18 22:59:42.920,1.04167,1.0418,1.13,1.50
2012.01.18 22:59:42.990,1.04167,1.04179,1.13,1.50
2012.01.18 22:59:43.130,1.04163,1.04177,1.13,1.50
2012.01.18 22:59:43.200,1.04158,1.04173,1.50,1.50
2012.01.18 22:59:43.267,1.04158,1.04173,1.50,3.75
2012.01.18 22:59:43.728,1.04151,1.04173,1.50,2.25
2012.01.18 22:59:43.799,1.04154,1.04173,3.19,1.50
2012.01.18 22:59:43.928,1.04155,1.04173,2.25,1.50
2012.01.18 22:59:45.387,1.04155,1.04173,1.50,1.50
2012.01.18 22:59:45.579,1.04154,1.04173,1.50,1.88
2012.01.18 22:59:45.649,1.04149,1.04173,3.94,2.63
2012.01.18 22:59:47.058,1.04149,1.04173,4.13,2.25
2012.01.18 22:59:47.127,1.04155,1.04173,1.50,1.50
2012.01.18 22:59:49.469,1.04156,1.04171,1.50,1.13
2012.01.18 22:59:49.721,1.04148,1.04167,1.50,1.50
2012.01.18 22:59:49.909,1.04148,1.04169,1.50,3.19
2012.01.18 22:59:50.403,1.04149,1.0417,3.19,1.50
2012.01.18 22:59:50.482,1.04149,1.04172,3.19,1.50
2012.01.18 22:59:50.787,1.04149,1.04172,3.19,1.50
2012.01.18 22:59:53.407,1.04149,1.04172,3.38,1.50
2012.01.18 22:59:53.539,1.04148,1.04169,1.50,3.00
2012.01.18 22:59:53.608,1.04148,1.04169,1.50,3.00
2012.01.18 22:59:54.208,1.04147,1.04168,1.50,1.50
2012.01.18 22:59:54.737,1.04147,1.04168,1.50,1.69
2012.01.18 22:59:55.258,1.04146,1.04168,1.50,1.69
2012.01.18 22:59:56.697,1.04146,1.04166,1.50,1.50
2012.01.18 22:59:57.247,1.04147,1.04166,1.50,1.50
2012.01.18 22:59:58.387,1.04148,1.04167,1.50,3.94
2012.01.18 22:59:58.947,1.04148,1.04172,3.94,3.19
