2014.06.17 14:00:00.275,0.93382,0.9339,1.00,2.59
2014.06.17 14:00:00.864,0.93383,0.93388,1.00,1.10
2014.06.17 14:00:03.358,0.93383,0.93389,1.00,1.00
2014.06.17 14:00:03.902,0.93384,0.93389,1.00,1.10
2014.06.17 14:00:04.410,0.93383,0.93389,1.00,1.10
2014.06.17 14:00:04.954,0.93384,0.93389,1.00,1.10
2014.06.17 14:00:07.788,0.93383,0.93389,1.00,1.02
2014.06.17 14:00:08.462,0.93384,0.93389,1.00,1.25
2014.06.17 14:00:09.690,0.93384,0.93391,1.00,2.07
2014.06.17 14:00:12.443,0.93383,0.93391,1.00,2.97
2014.06.17 14:00:13.131,0.93383,0.93391,1.00,2.97
2014.06.17 14:00:14.942,0.93382,0.93391,1.00,2.89
2014.06.17 14:00:17.545,0.93382,0.93388,1.00,1.57
2014.06.17 14:00:17.596,0.9338,0.93386,1.10,1.25
2014.06.17 14:00:17.798,0.93376,0.93383,4.02,1.00
2014.06.17 14:00:17.899,0.93376,0.93383,1.69,1.00
2014.06.17 14:00:18.465,0.93376,0.93383,1.50,1.25
2014.06.17 14:00:19.144,0.93376,0.93382,1.00,1.00
2014.06.17 14:00:21.088,0.93379,0.93383,1.00,1.39
2014.06.17 14:00:21.594,0.93376,0.93384,1.69,1.25
2014.06.17 14:00:24.719,0.93375,0.93384,1.25,2.89
2014.06.17 14:00:25.223,0.93376,0.93384,1.00,2.89
2014.06.17 14:00:25.820,0.93376,0.93384,1.69,1.25
2014.06.17 14:00:26.997,0.93376,0.93385,1.25,2.97
2014.06.17 14:00:28.712,0.93377,0.93383,1.13,1.10
2014.06.17 14:00:28.813,0.93378,0.93387,1.77,1.25
2014.06.17 14:00:29.751,0.93379,0.93388,1.69,1.09
2014.06.17 14:00:30.340,0.93379,0.93386,1.69,1.00
2014.06.17 14:00:30.391,0.93378,0.93386,1.00,1.25
2014.06.17 14:00:30.442,0.93378,0.93387,1.00,2.89
2014.06.17 14:00:30.594,0.93376,0.93385,1.25,2.22
2014.06.17 14:00:30.746,0.93377,0.93385,1.32,1.18
2014.06.17 14:00:30.797,0.93378,0.93386,1.69,1.10
2014.06.17 14:00:31.100,0.93379,0.93388,1.69,1.33
2014.06.17 14:00:33.478,0.93379,0.93388,1.69,1.47
2014.06.17 14:00:33.579,0.93378,0.93387,1.00,1.72
2014.06.17 14:00:33.986,0.93376,0.93383,1.69,1.00
2014.06.17 14:00:34.554,0.93376,0.93383,1.25,1.00
2014.06.17 14:00:36.139,0.93376,0.93383,1.25,1.18
2014.06.17 14:00:39.642,0.93376,0.93383,1.25,1.10
2014.06.17 14:00:45.219,0.93377,0.93383,1.69,1.10
2014.06.17 14:00:45.371,0.93377,0.93385,1.84,1.00
2014.06.17 14:00:45.876,0.93379,0.93387,1.00,1.29
2014.06.17 14:00:46.394,0.93379,0.93387,1.69,1.02
2014.06.17 14:00:47.471,0.93379,0.93388,1.69,1.09
2014.06.17 14:00:49.376,0.93379,0.93388,1.69,1.02
2014.06.17 14:00:49.968,0.93379,0.93388,1.69,1.77
2014.06.17 14:00:56.925,0.93379,0.93388,1.69,1.09
2014.06.17 14:00:57.430,0.93379,0.93388,1.69,1.02
2014.06.17 14:00:57.963,0.93379,0.93388,1.69,1.29
2014.06.17 14:01:00.317,0.93381,0.93388,1.00,1.77
2014.06.17 14:01:00.834,0.93381,0.93388,1.69,1.10
2014.06.17 14:01:01.370,0.93382,0.93389,1.00,1.09
2014.06.17 14:01:02.168,0.93381,0.93389,1.25,1.09
2014.06.17 14:01:02.698,0.93382,0.93389,1.25,1.18
2014.06.17 14:01:04.282,0.9338,0.93389,1.69,1.09
2014.06.17 14:01:04.816,0.93382,0.93389,1.00,1.09
2014.06.17 14:01:05.888,0.9338,0.93389,1.69,2.59
2014.06.17 14:01:06.393,0.93381,0.93389,1.50,1.37
2014.06.17 14:01:06.900,0.93381,0.93389,2.44,1.18
2014.06.17 14:01:07.965,0.9338,0.93389,1.69,1.37
2014.06.17 14:01:10.044,0.9338,0.93389,1.69,1.09
2014.06.17 14:01:12.382,0.9338,0.93389,1.25,1.84
2014.06.17 14:01:17.387,0.9338,0.9339,1.77,2.14
2014.06.17 14:01:18.642,0.93382,0.9339,1.00,1.77
2014.06.17 14:01:19.147,0.93383,0.9339,1.00,1.29
2014.06.17 14:01:19.750,0.93382,0.9339,1.00,1.29
2014.06.17 14:01:20.208,0.9338,0.93389,1.02,1.19
2014.06.17 14:01:21.207,0.9338,0.93388,1.00,1.19
2014.06.17 14:01:23.473,0.9338,0.93388,1.18,1.19
2014.06.17 14:01:24.031,0.9338,0.93388,1.10,1.19
2014.06.17 14:01:24.571,0.9338,0.93389,1.02,1.19
2014.06.17 14:01:25.320,0.93382,0.93389,1.00,1.19
2014.06.17 14:01:25.623,0.93385,0.93391,1.00,1.69
2014.06.17 14:01:26.180,0.93385,0.93392,1.00,1.19
2014.06.17 14:01:26.695,0.93385,0.93393,1.00,2.97
2014.06.17 14:01:27.227,0.93384,0.93393,1.69,2.97
2014.06.17 14:01:37.339,0.93385,0.93393,1.00,1.39
2014.06.17 14:01:37.856,0.93386,0.93394,1.00,2.22
2014.06.17 14:01:38.159,0.93391,0.93401,1.69,2.22
2014.06.17 14:01:38.311,0.93391,0.93398,1.84,1.00
2014.06.17 14:01:38.412,0.93391,0.93401,1.84,1.32
2014.06.17 14:01:38.618,0.93394,0.93401,1.00,1.39
2014.06.17 14:01:39.288,0.93395,0.93402,1.00,1.19
2014.06.17 14:01:39.731,0.93395,0.93404,1.25,2.22
2014.06.17 14:01:40.254,0.93393,0.93403,1.84,1.77
2014.06.17 14:01:40.770,0.93395,0.93404,2.52,1.19
2014.06.17 14:01:41.639,0.93396,0.93404,1.00,1.19
2014.06.17 14:01:48.583,0.93394,0.93403,2.44,1.77
2014.06.17 14:01:48.741,0.93394,0.93402,1.00,1.69
2014.06.17 14:01:49.264,0.93393,0.93402,1.02,1.69
2014.06.17 14:01:52.599,0.93393,0.93402,1.33,1.69
2014.06.17 14:01:53.154,0.93393,0.93402,1.09,1.69
2014.06.17 14:01:56.121,0.93395,0.93402,1.00,1.19
2014.06.17 14:01:56.222,0.93395,0.93403,1.25,1.25
2014.06.17 14:01:56.734,0.93396,0.93403,1.00,1.25
2014.06.17 14:02:00.379,0.93396,0.93403,1.00,1.33
2014.06.17 14:02:01.030,0.93396,0.93403,1.00,1.09
2014.06.17 14:02:08.697,0.93396,0.93403,1.00,1.09
2014.06.17 14:02:12.029,0.93396,0.93403,1.00,1.77
2014.06.17 14:02:12.337,0.93394,0.93403,1.25,1.84
2014.06.17 14:02:12.844,0.93395,0.93403,1.00,2.22
2014.06.17 14:02:13.161,0.93393,0.93402,1.25,1.29
2014.06.17 14:02:13.869,0.93394,0.93402,1.00,1.39
2014.06.17 14:02:14.417,0.93393,0.93402,1.25,1.47
2014.06.17 14:02:14.929,0.93393,0.93402,1.25,1.47
2014.06.17 14:02:15.471,0.93393,0.93402,1.25,1.47
2014.06.17 14:02:15.993,0.93393,0.93402,1.25,2.22
2014.06.17 14:02:20.035,0.93392,0.93402,1.00,2.22
2014.06.17 14:02:20.086,0.93391,0.93399,1.00,2.82
2014.06.17 14:02:20.339,0.93385,0.93394,2.44,1.09
2014.06.17 14:02:21.261,0.93385,0.93394,1.25,1.77
2014.06.17 14:02:23.209,0.93385,0.93393,1.00,1.19
2014.06.17 14:02:34.661,0.93384,0.93393,1.77,1.19
2014.06.17 14:02:40.167,0.93384,0.93392,1.50,1.29
2014.06.17 14:02:40.683,0.93384,0.93393,1.25,1.84
2014.06.17 14:02:41.634,0.93384,0.93393,1.25,2.22
2014.06.17 14:02:42.139,0.93384,0.93393,1.25,2.97
2014.06.17 14:02:42.735,0.9338,0.93387,1.00,1.15
2014.06.17 14:02:42.937,0.93379,0.93385,1.50,1.09
2014.06.17 14:02:43.140,0.93376,0.93385,1.25,2.22
2014.06.17 14:02:43.647,0.93376,0.93385,1.25,2.22
2014.06.17 14:02:44.167,0.93376,0.93384,1.00,1.47
2014.06.17 14:02:44.723,0.93376,0.93384,1.00,1.47
2014.06.17 14:02:45.254,0.93376,0.93384,1.00,1.47
2014.06.17 14:02:46.220,0.93376,0.93384,1.00,2.22
2014.06.17 14:02:46.725,0.93376,0.93384,1.00,2.22
2014.06.17 14:02:47.536,0.93376,0.93384,1.00,2.22
2014.06.17 14:02:50.268,0.93376,0.93384,1.00,2.22
2014.06.17 14:02:50.804,0.93376,0.93384,1.00,1.47
2014.06.17 14:02:51.343,0.93376,0.93384,1.00,1.47
2014.06.17 14:02:51.891,0.93376,0.93384,1.00,1.47
2014.06.17 14:02:52.409,0.93376,0.93384,1.00,1.47
2014.06.17 14:02:53.915,0.93376,0.93384,1.00,1.47
2014.06.17 14:02:54.419,0.93376,0.93384,1.00,1.47
2014.06.17 14:02:55.103,0.93376,0.93384,1.00,1.47
2014.06.17 14:02:55.875,0.93376,0.93384,1.00,1.47
2014.06.17 14:02:56.538,0.93376,0.93384,1.00,1.47
2014.06.17 14:02:57.052,0.93376,0.93384,1.00,1.47
2014.06.17 14:02:57.832,0.93376,0.93384,1.00,1.37
2014.06.17 14:02:58.340,0.93376,0.93384,1.50,1.34
2014.06.17 14:02:59.018,0.93376,0.93384,1.50,1.37
2014.06.17 14:02:59.815,0.93376,0.93386,1.88,1.65
2014.06.17 14:02:59.917,0.93379,0.93386,1.32,1.00
2014.06.17 14:02:59.967,0.93382,0.93386,1.50,1.00
2014.06.17 14:03:00.170,0.93382,0.9339,1.50,1.29
2014.06.17 14:03:00.422,0.93384,0.93392,1.50,2.22
2014.06.17 14:03:00.574,0.93384,0.93392,1.50,1.00
2014.06.17 14:03:01.551,0.93384,0.93392,1.00,1.77
2014.06.17 14:03:02.396,0.93382,0.93392,2.52,2.14
2014.06.17 14:03:02.928,0.93384,0.93392,1.58,1.19
2014.06.17 14:03:03.636,0.93384,0.93392,1.69,1.02
2014.06.17 14:03:05.248,0.93385,0.93392,1.00,1.25
2014.06.17 14:03:07.127,0.93384,0.93392,1.69,1.02
2014.06.17 14:03:07.646,0.93384,0.93392,1.50,1.19
2014.06.17 14:03:09.650,0.93385,0.93392,1.00,1.29
2014.06.17 14:03:10.179,0.93384,0.93392,1.50,1.19
2014.06.17 14:03:12.907,0.93384,0.93393,1.25,1.47
2014.06.17 14:03:14.902,0.93384,0.93392,1.00,1.29
2014.06.17 14:03:17.398,0.93384,0.93393,1.25,1.39
2014.06.17 14:03:19.111,0.93382,0.93392,2.59,1.29
2014.06.17 14:03:19.214,0.93382,0.9339,1.08,1.19
2014.06.17 14:03:19.467,0.93383,0.93393,3.27,2.14
2014.06.17 14:03:22.464,0.93383,0.93393,1.77,2.22
2014.06.17 14:03:24.463,0.93383,0.93393,1.77,2.14
2014.06.17 14:03:26.626,0.93384,0.93393,1.00,1.47
2014.06.17 14:03:27.206,0.93384,0.93393,1.25,2.22
2014.06.17 14:03:27.728,0.93384,0.93392,1.00,1.27
2014.06.17 14:03:28.250,0.93384,0.93393,1.25,2.22
2014.06.17 14:03:29.071,0.93384,0.93393,1.25,2.22
2014.06.17 14:03:29.602,0.93384,0.93393,1.25,1.47
2014.06.17 14:03:29.754,0.93386,0.93393,1.00,1.72
2014.06.17 14:03:29.855,0.93386,0.93395,1.25,1.84
2014.06.17 14:03:30.278,0.93386,0.93395,1.25,1.47
2014.06.17 14:03:31.479,0.93384,0.93394,1.69,2.22
2014.06.17 14:03:32.312,0.93384,0.93393,1.25,1.47
2014.06.17 14:03:36.529,0.93384,0.93392,1.00,1.19
2014.06.17 14:03:38.237,0.93384,0.93394,1.00,2.22
2014.06.17 14:03:38.742,0.93384,0.93392,1.00,1.29
2014.06.17 14:03:39.320,0.93384,0.93393,1.00,1.47
2014.06.17 14:03:40.399,0.93383,0.93392,1.69,1.39
2014.06.17 14:03:41.339,0.93383,0.93392,1.40,1.32
2014.06.17 14:03:41.440,0.93385,0.93393,4.02,1.50
2014.06.17 14:03:41.592,0.93386,0.93392,1.19,1.00
2014.06.17 14:03:41.794,0.93384,0.93392,1.25,1.25
2014.06.17 14:03:42.298,0.93384,0.93391,1.25,1.00
2014.06.17 14:03:44.979,0.93383,0.93391,1.77,1.25
2014.06.17 14:04:02.667,0.93383,0.93391,1.77,1.00
2014.06.17 14:04:03.624,0.93383,0.93391,1.25,1.25
2014.06.17 14:04:05.589,0.93383,0.93393,1.25,1.47
2014.06.17 14:04:06.094,0.93382,0.93392,1.77,1.29
2014.06.17 14:04:19.255,0.93382,0.93391,1.39,1.19
2014.06.17 14:04:19.784,0.93382,0.93391,1.47,1.19
2014.06.17 14:04:20.267,0.93382,0.93393,1.10,3.72
2014.06.17 14:04:20.318,0.9338,0.93388,1.00,1.10
2014.06.17 14:04:20.520,0.93377,0.93386,1.10,1.69
2014.06.17 14:04:21.025,0.93378,0.93386,1.10,1.19
2014.06.17 14:04:21.530,0.93377,0.93386,1.40,1.19
2014.06.17 14:04:22.274,0.93377,0.93386,1.09,1.19
2014.06.17 14:04:25.121,0.93378,0.93386,1.39,1.25
2014.06.17 14:04:25.385,0.9338,0.93387,1.00,1.69
2014.06.17 14:04:25.587,0.93382,0.9339,1.20,1.69
2014.06.17 14:04:25.689,0.93383,0.9339,1.19,1.00
2014.06.17 14:04:25.902,0.93383,0.93392,1.37,1.25
2014.06.17 14:04:26.909,0.93383,0.93392,1.18,1.69
2014.06.17 14:04:27.263,0.93383,0.93392,1.37,1.25
2014.06.17 14:04:29.660,0.93387,0.93394,1.00,1.58
2014.06.17 14:04:30.165,0.93388,0.93396,1.25,1.02
2014.06.17 14:04:31.026,0.9339,0.93398,1.19,2.33
2014.06.17 14:04:31.564,0.9339,0.93399,1.84,1.69
2014.06.17 14:04:31.766,0.93389,0.93398,1.25,1.77
2014.06.17 14:04:33.504,0.93388,0.93398,1.69,2.97
2014.06.17 14:04:33.605,0.93387,0.93395,1.58,1.19
2014.06.17 14:04:34.110,0.93385,0.93394,1.19,1.02
2014.06.17 14:04:34.412,0.93383,0.93393,3.27,1.69
2014.06.17 14:04:35.040,0.93383,0.93392,1.39,1.19
2014.06.17 14:04:35.557,0.93383,0.93393,1.77,2.52
2014.06.17 14:04:39.196,0.93383,0.93393,2.07,2.59
2014.06.17 14:04:39.348,0.93386,0.93395,2.07,1.02
2014.06.17 14:04:39.852,0.93385,0.93395,1.69,2.59
2014.06.17 14:04:40.612,0.93384,0.93394,1.84,2.44
2014.06.17 14:04:42.588,0.93386,0.93395,1.27,1.77
2014.06.17 14:04:42.942,0.93389,0.93396,1.00,1.18
2014.06.17 14:04:43.094,0.93389,0.93397,1.25,1.02
2014.06.17 14:04:44.060,0.9339,0.93398,1.00,2.59
2014.06.17 14:04:44.434,0.93388,0.93396,1.00,1.19
2014.06.17 14:04:44.888,0.93385,0.93395,2.52,1.77
2014.06.17 14:04:45.393,0.93385,0.93393,2.44,1.00
2014.06.17 14:04:45.595,0.93384,0.93393,1.25,1.84
2014.06.17 14:04:48.578,0.93386,0.93394,1.25,1.02
2014.06.17 14:04:48.881,0.93389,0.93397,1.50,2.07
2014.06.17 14:04:49.034,0.93387,0.93395,1.00,1.02
2014.06.17 14:04:49.540,0.93388,0.93397,1.25,2.14
2014.06.17 14:04:49.591,0.9339,0.93397,1.00,1.29
2014.06.17 14:04:49.693,0.9339,0.93399,1.69,2.59
2014.06.17 14:04:50.686,0.93389,0.93398,1.00,1.77
2014.06.17 14:04:51.230,0.93388,0.93397,1.39,1.69
2014.06.17 14:04:52.451,0.93389,0.93397,1.02,1.25
2014.06.17 14:04:52.706,0.9339,0.93398,1.69,1.10
2014.06.17 14:04:53.219,0.9339,0.934,2.52,2.52
2014.06.17 14:04:54.113,0.9339,0.93398,1.02,1.25
2014.06.17 14:04:55.198,0.9339,0.93398,1.00,2.44
2014.06.17 14:04:55.760,0.93389,0.93398,1.39,2.44
2014.06.17 14:04:59.238,0.93389,0.93398,2.14,1.25
2014.06.17 14:04:59.743,0.9339,0.934,2.52,2.52
2014.06.17 14:05:00.830,0.9339,0.93398,1.77,1.00
2014.06.17 14:05:01.335,0.9339,0.934,2.52,2.52
2014.06.17 14:05:05.649,0.9339,0.93398,2.14,1.00
2014.06.17 14:05:05.953,0.93385,0.93394,1.00,1.10
2014.06.17 14:05:06.464,0.93384,0.93393,2.22,1.25
2014.06.17 14:05:06.947,0.93385,0.93394,1.84,1.25
2014.06.17 14:05:07.453,0.93385,0.93394,1.29,1.25
2014.06.17 14:05:07.981,0.93384,0.93394,2.97,1.69
2014.06.17 14:05:12.445,0.93386,0.93394,1.00,1.69
2014.06.17 14:05:12.960,0.93384,0.93394,2.97,1.69
2014.06.17 14:05:13.946,0.93384,0.93394,2.97,1.69
2014.06.17 14:05:14.047,0.93387,0.93395,1.02,1.00
2014.06.17 14:05:14.300,0.9339,0.93397,1.00,1.69
2014.06.17 14:05:14.451,0.9339,0.93399,2.44,1.09
2014.06.17 14:05:15.899,0.9339,0.93398,1.69,1.50
2014.06.17 14:05:16.446,0.93389,0.93397,1.69,1.00
2014.06.17 14:05:16.957,0.93388,0.93397,2.22,1.25
2014.06.17 14:05:21.614,0.9339,0.93399,1.25,1.29
2014.06.17 14:05:22.119,0.9339,0.93397,1.19,1.00
2014.06.17 14:05:22.220,0.93388,0.93397,2.52,1.25
2014.06.17 14:05:22.624,0.93388,0.93395,1.29,1.00
2014.06.17 14:05:23.141,0.93387,0.93395,2.97,1.00
2014.06.17 14:05:24.315,0.93386,0.93394,1.10,1.08
2014.06.17 14:05:24.837,0.93384,0.93393,1.69,1.02
2014.06.17 14:05:25.361,0.93384,0.93393,1.02,1.69
2014.06.17 14:05:27.320,0.93384,0.93394,1.77,3.27
2014.06.17 14:05:30.439,0.93384,0.93392,1.77,1.00
2014.06.17 14:05:31.375,0.93385,0.93392,1.37,1.00
2014.06.17 14:05:31.896,0.93384,0.93393,1.77,1.25
2014.06.17 14:05:34.606,0.93384,0.93393,1.02,1.69
2014.06.17 14:05:47.222,0.93383,0.93393,1.77,2.89
2014.06.17 14:05:58.657,0.93383,0.93393,1.25,2.22
2014.06.17 14:05:59.376,0.93383,0.93393,1.69,2.97
2014.06.17 14:05:59.877,0.93385,0.93393,1.00,2.22
2014.06.17 14:05:59.929,0.93385,0.93393,1.25,1.20
2014.06.17 14:06:00.248,0.93384,0.93393,1.19,2.22
2014.06.17 14:06:01.228,0.93383,0.93393,2.44,2.22
2014.06.17 14:06:04.007,0.93383,0.93393,1.69,2.97
2014.06.17 14:06:04.546,0.93383,0.93392,1.25,1.74
2014.06.17 14:06:08.181,0.93382,0.93392,1.69,2.22
2014.06.17 14:06:09.746,0.93382,0.93391,1.19,1.47
2014.06.17 14:06:10.292,0.93382,0.9339,1.00,1.74
2014.06.17 14:06:10.342,0.9338,0.93387,1.02,1.00
2014.06.17 14:06:10.898,0.93378,0.93387,3.64,1.69
2014.06.17 14:06:12.411,0.93378,0.93386,2.89,1.00
2014.06.17 14:06:18.663,0.93378,0.93386,2.07,1.00
2014.06.17 14:06:19.459,0.93377,0.93386,1.58,2.82
2014.06.17 14:06:19.875,0.93377,0.93384,1.00,1.27
2014.06.17 14:06:19.928,0.93374,0.93384,2.89,1.77
2014.06.17 14:06:20.644,0.93374,0.93384,1.19,3.72
2014.06.17 14:06:21.149,0.93374,0.93383,1.25,1.84
2014.06.17 14:06:21.652,0.93374,0.93383,1.25,1.84
2014.06.17 14:06:22.414,0.93372,0.93381,1.39,1.69
2014.06.17 14:06:22.919,0.93371,0.9338,1.69,1.09
2014.06.17 14:06:23.434,0.93371,0.9338,1.25,1.77
2014.06.17 14:06:28.857,0.93371,0.93379,1.00,1.29
2014.06.17 14:06:30.269,0.93371,0.9338,1.25,1.09
2014.06.17 14:06:30.800,0.93371,0.9338,1.69,1.09
2014.06.17 14:06:32.667,0.93373,0.93381,1.19,2.03
2014.06.17 14:06:33.173,0.93372,0.93381,1.19,2.97
2014.06.17 14:06:33.724,0.93372,0.9338,1.19,1.28
2014.06.17 14:06:34.229,0.93372,0.9338,1.19,1.20
2014.06.17 14:06:34.897,0.93374,0.93381,1.25,1.28
2014.06.17 14:06:35.437,0.93372,0.93381,1.19,2.97
2014.06.17 14:06:37.157,0.93372,0.93381,2.44,2.97
2014.06.17 14:06:37.680,0.93373,0.9338,1.19,1.20
2014.06.17 14:06:38.223,0.93372,0.9338,1.19,1.13
2014.06.17 14:06:38.560,0.93372,0.93378,1.19,1.00
2014.06.17 14:06:39.107,0.93371,0.93378,1.19,1.10
2014.06.17 14:06:46.779,0.93371,0.93378,1.25,1.10
2014.06.17 14:06:47.752,0.93371,0.93378,1.19,1.00
2014.06.17 14:06:48.055,0.93371,0.9338,1.19,1.28
2014.06.17 14:06:48.561,0.93372,0.93381,1.69,1.20
2014.06.17 14:06:49.164,0.93373,0.93381,1.19,1.20
2014.06.17 14:06:49.707,0.93373,0.93381,1.19,2.70
2014.06.17 14:06:49.758,0.93372,0.93381,1.25,2.97
2014.06.17 14:06:50.286,0.93372,0.9338,1.25,2.22
2014.06.17 14:06:50.836,0.93373,0.9338,1.25,1.50
2014.06.17 14:06:51.348,0.93373,0.93381,1.25,1.69
2014.06.17 14:06:51.449,0.93375,0.93382,1.19,1.58
2014.06.17 14:06:51.601,0.93375,0.93383,1.19,1.58
2014.06.17 14:06:52.314,0.93375,0.93383,1.19,1.65
2014.06.17 14:06:52.793,0.93378,0.93383,1.19,1.00
2014.06.17 14:06:52.844,0.93378,0.93385,1.69,1.50
2014.06.17 14:06:52.945,0.9338,0.93388,1.25,1.58
2014.06.17 14:06:53.475,0.9338,0.93387,1.69,1.00
2014.06.17 14:06:54.833,0.9338,0.93388,1.19,1.58
2014.06.17 14:06:54.884,0.93378,0.93386,1.77,1.00
2014.06.17 14:06:55.139,0.93376,0.93384,1.19,1.08
2014.06.17 14:06:55.644,0.93375,0.93383,1.19,1.65
2014.06.17 14:06:56.512,0.93374,0.93382,1.19,1.10
2014.06.17 14:07:00.750,0.93375,0.93383,1.19,1.18
2014.06.17 14:07:01.786,0.93375,0.93383,1.25,1.09
2014.06.17 14:07:02.119,0.93377,0.93384,1.00,1.34
2014.06.17 14:07:02.170,0.93377,0.93384,2.07,1.00
2014.06.17 14:07:02.271,0.93379,0.93384,1.19,1.00
2014.06.17 14:07:02.524,0.93379,0.93387,1.19,2.33
2014.06.17 14:07:03.300,0.93379,0.93386,1.19,1.10
2014.06.17 14:07:05.668,0.93379,0.93387,1.19,1.50
2014.06.17 14:07:07.398,0.9338,0.93387,1.19,1.50
2014.06.17 14:07:08.371,0.93379,0.93387,1.19,2.25
2014.06.17 14:07:09.116,0.93381,0.93387,1.19,1.00
2014.06.17 14:07:09.369,0.93382,0.93389,1.19,1.58
2014.06.17 14:07:10.013,0.93382,0.93389,1.19,1.58
2014.06.17 14:07:10.546,0.93382,0.93389,1.25,1.58
2014.06.17 14:07:11.364,0.93382,0.93388,1.25,1.00
2014.06.17 14:07:11.880,0.93382,0.93389,1.25,1.58
2014.06.17 14:07:13.120,0.93382,0.93389,1.25,1.65
2014.06.17 14:07:13.621,0.93382,0.93389,1.25,1.58
2014.06.17 14:07:21.349,0.93382,0.93389,1.19,1.00
2014.06.17 14:07:21.501,0.93382,0.93391,1.19,2.89
2014.06.17 14:07:21.603,0.93383,0.93391,1.19,1.95
2014.06.17 14:07:22.130,0.93383,0.93392,1.19,1.47
2014.06.17 14:07:22.648,0.93384,0.93392,1.19,1.55
2014.06.17 14:07:23.167,0.93384,0.93392,1.19,1.48
2014.06.17 14:07:29.015,0.93384,0.93392,1.25,1.39
2014.06.17 14:07:31.128,0.93384,0.93392,1.19,1.38
2014.06.17 14:07:47.138,0.93384,0.93392,1.29,1.38
2014.06.17 14:07:47.668,0.93384,0.93392,1.19,1.38
2014.06.17 14:07:48.201,0.93384,0.93392,1.29,1.38
2014.06.17 14:07:50.825,0.93384,0.93393,1.19,1.77
2014.06.17 14:07:53.135,0.93385,0.93393,1.25,2.14
2014.06.17 14:07:53.792,0.93385,0.93393,1.25,2.14
2014.06.17 14:07:54.552,0.93385,0.93393,1.25,2.22
2014.06.17 14:07:55.156,0.93385,0.93393,1.25,2.14
2014.06.17 14:08:01.209,0.93386,0.93393,1.50,1.02
2014.06.17 14:08:14.254,0.93387,0.93394,3.19,1.10
2014.06.17 14:08:14.558,0.93387,0.93394,2.40,1.38
2014.06.17 14:08:14.712,0.93392,0.934,1.69,1.84
2014.06.17 14:08:15.218,0.93392,0.934,2.52,1.00
2014.06.17 14:08:35.066,0.93393,0.934,1.29,1.00
2014.06.17 14:08:38.230,0.93393,0.934,1.25,1.00
2014.06.17 14:08:40.134,0.93393,0.934,1.19,1.00
2014.06.17 14:08:42.556,0.93393,0.934,1.25,1.00
2014.06.17 14:08:44.133,0.93393,0.93401,1.02,1.69
2014.06.17 14:08:46.165,0.93394,0.93401,1.25,1.50
2014.06.17 14:08:59.059,0.93393,0.93402,1.84,1.32
2014.06.17 14:08:59.161,0.93397,0.93403,1.50,1.50
2014.06.17 14:08:59.675,0.93396,0.93404,2.44,1.77
2014.06.17 14:09:03.042,0.93396,0.93404,2.44,1.50
2014.06.17 14:09:03.346,0.93399,0.93405,1.50,1.00
2014.06.17 14:09:03.662,0.93402,0.93406,1.50,1.25
2014.06.17 14:09:03.767,0.93398,0.93406,2.52,1.25
2014.06.17 14:09:03.869,0.934,0.93406,1.50,1.02
2014.06.17 14:09:04.172,0.93399,0.93404,1.50,1.00
2014.06.17 14:09:04.223,0.93396,0.93404,2.52,1.00
2014.06.17 14:09:04.734,0.93398,0.93406,1.00,1.29
2014.06.17 14:09:05.190,0.93396,0.93404,1.77,1.25
2014.06.17 14:09:05.789,0.93397,0.93404,1.00,1.25
2014.06.17 14:09:06.203,0.93402,0.93406,1.50,1.10
2014.06.17 14:09:06.304,0.93398,0.93406,1.10,1.19
2014.06.17 14:09:07.298,0.93398,0.93407,1.25,2.59
2014.06.17 14:09:08.972,0.93399,0.93407,1.00,1.84
2014.06.17 14:09:09.478,0.93399,0.93406,1.00,1.29
2014.06.17 14:09:11.152,0.93398,0.93406,1.00,1.29
2014.06.17 14:09:12.531,0.93399,0.93407,1.69,1.18
2014.06.17 14:09:12.582,0.93401,0.93408,1.00,1.40
2014.06.17 14:09:12.632,0.93401,0.93408,1.10,1.25
2014.06.17 14:09:12.683,0.93404,0.93408,1.50,1.00
2014.06.17 14:09:12.785,0.93404,0.93411,1.58,1.25
2014.06.17 14:09:13.088,0.93402,0.93409,2.59,1.00
2014.06.17 14:09:13.454,0.93406,0.9341,1.50,1.00
2014.06.17 14:09:13.679,0.93402,0.93409,1.77,1.00
2014.06.17 14:09:14.227,0.93402,0.9341,1.77,1.25
2014.06.17 14:09:14.562,0.934,0.9341,1.65,2.82
2014.06.17 14:09:14.866,0.93398,0.93406,1.69,1.32
2014.06.17 14:09:15.371,0.93398,0.93404,1.50,1.00
2014.06.17 14:09:15.876,0.93396,0.93404,1.09,1.69
2014.06.17 14:09:16.699,0.93396,0.93404,1.09,1.25
2014.06.17 14:09:17.882,0.93396,0.93404,1.00,1.77
2014.06.17 14:09:18.408,0.93394,0.93404,4.02,2.52
2014.06.17 14:09:19.317,0.93394,0.93402,2.33,1.19
2014.06.17 14:09:19.520,0.93392,0.93401,1.02,1.19
2014.06.17 14:09:19.570,0.93394,0.93401,1.00,1.19
2014.06.17 14:09:19.621,0.93394,0.93402,1.00,2.33
2014.06.17 14:09:19.672,0.93395,0.93402,1.58,1.00
2014.06.17 14:09:19.723,0.93395,0.93404,1.84,1.00
2014.06.17 14:09:19.875,0.93394,0.93404,2.97,2.07
2014.06.17 14:09:20.288,0.93392,0.93401,2.59,1.19
2014.06.17 14:09:20.455,0.93396,0.93402,1.50,1.84
2014.06.17 14:09:20.556,0.93394,0.93402,1.77,1.25
2014.06.17 14:09:22.108,0.93396,0.93403,1.19,1.58
2014.06.17 14:09:22.310,0.93397,0.93406,1.25,1.29
2014.06.17 14:09:22.663,0.93399,0.93407,1.25,1.09
2014.06.17 14:09:22.765,0.93399,0.93408,1.69,1.02
2014.06.17 14:09:22.967,0.93404,0.93409,1.50,1.65
2014.06.17 14:09:23.176,0.93401,0.9341,1.77,2.44
2014.06.17 14:09:24.840,0.93401,0.93408,1.69,1.00
2014.06.17 14:09:26.605,0.93401,0.93407,1.69,1.00
2014.06.17 14:09:26.707,0.93399,0.93407,1.00,1.13
2014.06.17 14:09:26.808,0.93399,0.93407,1.00,2.97
2014.06.17 14:09:27.060,0.93397,0.93405,2.44,1.02
2014.06.17 14:09:27.161,0.93396,0.93404,1.50,1.69
2014.06.17 14:09:28.307,0.93395,0.93404,1.69,1.77
2014.06.17 14:09:28.643,0.93396,0.93405,2.52,1.25
2014.06.17 14:09:29.386,0.93397,0.93405,1.19,1.00
2014.06.17 14:09:29.978,0.93398,0.93405,2.44,1.00
2014.06.17 14:09:30.079,0.93398,0.93407,2.44,1.77
2014.06.17 14:09:30.635,0.93398,0.93407,2.44,1.09
2014.06.17 14:09:32.723,0.93398,0.93407,1.69,1.40
2014.06.17 14:09:32.875,0.93396,0.93405,1.69,1.95
2014.06.17 14:09:33.077,0.93396,0.93404,1.00,2.22
2014.06.17 14:09:33.583,0.93394,0.93404,1.77,2.89
2014.06.17 14:09:34.983,0.93394,0.93403,1.02,1.19
2014.06.17 14:09:37.082,0.93394,0.93404,1.00,2.22
2014.06.17 14:09:37.587,0.93394,0.93403,1.25,1.29
2014.06.17 14:09:38.634,0.93394,0.93403,1.69,1.02
2014.06.17 14:09:39.622,0.93394,0.93403,1.25,2.52
2014.06.17 14:09:42.958,0.93394,0.93403,1.00,1.77
2014.06.17 14:09:43.508,0.93393,0.93403,1.69,3.72
2014.06.17 14:09:45.980,0.93393,0.93402,1.25,1.77
2014.06.17 14:09:49.009,0.93393,0.93402,1.77,1.69
2014.06.17 14:09:51.893,0.93393,0.93402,1.02,1.69
2014.06.17 14:09:53.026,0.93392,0.93401,1.02,1.19
2014.06.17 14:09:53.531,0.93392,0.93401,1.69,1.02
2014.06.17 14:09:54.487,0.93391,0.93398,1.77,1.00
2014.06.17 14:09:55.430,0.9339,0.93398,1.58,1.38
2014.06.17 14:09:55.581,0.93389,0.93397,1.00,1.72
2014.06.17 14:09:55.784,0.93385,0.93394,1.69,1.09
2014.06.17 14:09:59.286,0.93384,0.93393,2.52,1.25
2014.06.17 14:10:02.522,0.93385,0.93393,1.47,1.00
2014.06.17 14:10:02.777,0.93387,0.93394,1.08,1.25
2014.06.17 14:10:02.878,0.93387,0.93396,1.77,1.77
2014.06.17 14:10:03.131,0.93389,0.93397,1.19,2.25
2014.06.17 14:10:03.956,0.9339,0.93399,1.69,2.52
2014.06.17 14:10:04.462,0.9339,0.934,2.44,3.72
2014.06.17 14:10:04.970,0.9339,0.93398,1.69,1.00
2014.06.17 14:10:05.490,0.9339,0.93397,2.44,1.00
2014.06.17 14:10:07.417,0.9339,0.93399,2.44,1.02
2014.06.17 14:10:12.146,0.9339,0.93397,2.44,1.00
2014.06.17 14:10:13.254,0.9339,0.93398,2.44,1.00
2014.06.17 14:10:14.037,0.9339,0.93397,2.44,1.00
2014.06.17 14:10:18.659,0.9339,0.93399,2.44,1.02
2014.06.17 14:10:19.796,0.9339,0.93399,2.44,1.09
2014.06.17 14:10:20.321,0.9339,0.93399,2.44,1.02
2014.06.17 14:10:20.886,0.9339,0.93398,2.44,1.00
2014.06.17 14:10:21.516,0.93389,0.93398,1.00,2.14
2014.06.17 14:10:21.567,0.93386,0.93394,3.08,1.38
2014.06.17 14:10:21.870,0.93382,0.93391,1.34,1.13
2014.06.17 14:10:22.173,0.93382,0.9339,1.29,1.00
2014.06.17 14:10:22.787,0.93381,0.9339,1.77,1.25
2014.06.17 14:10:25.393,0.93381,0.93389,1.29,1.00
2014.06.17 14:10:27.374,0.93381,0.93388,1.29,1.00
2014.06.17 14:10:27.938,0.9338,0.93388,2.52,1.00
2014.06.17 14:10:29.301,0.9338,0.93387,1.77,1.00
2014.06.17 14:10:29.874,0.9338,0.93389,1.84,1.69
2014.06.17 14:10:30.408,0.93381,0.93389,1.29,1.50
2014.06.17 14:10:30.929,0.93381,0.93388,1.29,1.00
2014.06.17 14:10:31.452,0.93381,0.93389,1.29,1.50
2014.06.17 14:10:35.119,0.93381,0.93388,1.29,1.00
2014.06.17 14:10:35.876,0.93381,0.93389,1.19,1.10
2014.06.17 14:10:38.736,0.93381,0.93388,1.29,1.00
2014.06.17 14:10:43.057,0.93381,0.93389,1.19,1.00
2014.06.17 14:10:44.359,0.93381,0.93388,1.19,1.00
2014.06.17 14:10:44.902,0.93381,0.93389,1.19,1.00
2014.06.17 14:10:45.436,0.93381,0.93388,1.19,1.00
2014.06.17 14:10:46.552,0.93381,0.93389,1.19,1.00
2014.06.17 14:10:47.643,0.93381,0.93388,1.19,1.00
2014.06.17 14:10:57.208,0.93381,0.93387,1.19,1.00
2014.06.17 14:10:57.309,0.93379,0.93387,1.65,1.00
2014.06.17 14:10:57.411,0.93379,0.93385,1.00,1.00
2014.06.17 14:10:57.916,0.93377,0.93385,1.69,2.33
2014.06.17 14:10:58.945,0.93378,0.93385,1.19,1.58
2014.06.17 14:10:59.148,0.93379,0.93387,1.69,1.00
2014.06.17 14:11:01.453,0.9338,0.93387,1.69,1.00
2014.06.17 14:11:03.733,0.9338,0.93388,1.69,1.00
2014.06.17 14:11:16.974,0.9338,0.93388,1.25,1.25
2014.06.17 14:11:27.409,0.9338,0.93389,1.25,3.72
2014.06.17 14:11:27.979,0.9338,0.93389,1.25,3.72
2014.06.17 14:11:28.496,0.9338,0.93389,1.25,3.72
2014.06.17 14:11:29.134,0.9338,0.93389,1.25,3.72
2014.06.17 14:11:30.573,0.9338,0.93389,1.25,3.72
2014.06.17 14:11:31.115,0.9338,0.93389,1.25,3.72
2014.06.17 14:11:34.755,0.9338,0.93389,1.00,2.78
2014.06.17 14:11:35.059,0.93377,0.93384,1.00,1.09
2014.06.17 14:11:35.362,0.93373,0.93381,1.00,1.10
2014.06.17 14:11:35.463,0.93371,0.93381,1.77,2.33
2014.06.17 14:11:35.514,0.93372,0.93381,1.19,2.52
2014.06.17 14:11:36.023,0.93372,0.9338,1.19,1.20
2014.06.17 14:11:36.705,0.93372,0.9338,1.19,2.03
2014.06.17 14:11:37.463,0.93371,0.9338,1.19,2.22
2014.06.17 14:11:40.831,0.93372,0.9338,1.19,2.03
2014.06.17 14:11:41.332,0.93372,0.9338,1.19,1.95
2014.06.17 14:11:41.844,0.93372,0.9338,1.19,2.03
2014.06.17 14:11:42.388,0.93372,0.9338,1.19,2.70
2014.06.17 14:11:42.906,0.93372,0.9338,1.19,2.78
2014.06.17 14:11:43.476,0.93371,0.9338,1.19,2.97
2014.06.17 14:11:44.139,0.93372,0.9338,1.19,2.78
2014.06.17 14:11:44.665,0.93372,0.9338,1.19,2.78
2014.06.17 14:11:45.220,0.93372,0.9338,1.19,1.95
2014.06.17 14:11:46.157,0.93371,0.9338,1.19,2.22
2014.06.17 14:11:47.983,0.93371,0.9338,1.19,2.14
2014.06.17 14:11:48.982,0.93371,0.9338,1.69,2.22
2014.06.17 14:11:50.293,0.93371,0.9338,1.69,1.95
2014.06.17 14:11:50.804,0.93371,0.9338,1.19,1.84
2014.06.17 14:11:51.340,0.93371,0.9338,1.19,1.84
2014.06.17 14:11:55.819,0.93371,0.9338,1.19,1.58
2014.06.17 14:11:56.652,0.9337,0.9338,2.52,1.58
2014.06.17 14:11:56.754,0.93372,0.9338,1.19,1.58
2014.06.17 14:11:59.858,0.93371,0.9338,1.29,1.25
2014.06.17 14:12:01.476,0.93372,0.9338,1.19,1.00
2014.06.17 14:12:02.451,0.93372,0.9338,1.19,1.65
2014.06.17 14:12:03.220,0.93372,0.9338,1.19,1.58
2014.06.17 14:12:03.743,0.93371,0.9338,1.19,1.84
2014.06.17 14:12:04.272,0.93371,0.9338,1.19,1.77
2014.06.17 14:12:05.621,0.93372,0.9338,1.19,1.10
2014.06.17 14:12:11.172,0.93372,0.9338,1.19,1.18
2014.06.17 14:12:11.731,0.93371,0.9338,1.19,1.02
2014.06.17 14:12:13.751,0.9337,0.9338,1.84,1.69
2014.06.17 14:12:14.256,0.93371,0.9338,1.19,1.77
2014.06.17 14:12:18.230,0.93371,0.9338,1.19,1.84
2014.06.17 14:12:18.744,0.93371,0.9338,1.19,1.77
2014.06.17 14:12:19.425,0.93371,0.9338,1.19,1.84
2014.06.17 14:12:20.071,0.93371,0.9338,1.19,1.02
2014.06.17 14:12:20.614,0.93371,0.9338,1.19,1.09
2014.06.17 14:12:23.709,0.93371,0.9338,1.19,1.84
2014.06.17 14:12:24.343,0.93371,0.9338,1.19,1.84
2014.06.17 14:12:24.855,0.93371,0.9338,1.19,1.77
2014.06.17 14:12:26.067,0.93371,0.9338,1.19,1.77
2014.06.17 14:12:26.581,0.93371,0.9338,1.19,1.77
2014.06.17 14:12:29.859,0.93372,0.9338,1.19,1.58
2014.06.17 14:12:30.949,0.93371,0.9338,1.19,1.77
2014.06.17 14:12:31.639,0.93371,0.9338,1.19,1.84
2014.06.17 14:12:32.194,0.93372,0.9338,1.19,1.65
2014.06.17 14:12:33.165,0.93371,0.9338,1.19,2.22
2014.06.17 14:12:33.672,0.93371,0.9338,1.19,1.84
2014.06.17 14:12:34.750,0.93371,0.9338,1.19,1.77
2014.06.17 14:12:35.618,0.93371,0.9338,1.19,1.02
2014.06.17 14:12:36.132,0.93371,0.9338,1.19,1.09
2014.06.17 14:12:37.211,0.93371,0.93381,2.52,3.27
2014.06.17 14:12:37.720,0.93371,0.93381,1.19,3.34
2014.06.17 14:12:38.851,0.93371,0.93381,1.19,3.34
2014.06.17 14:12:39.663,0.93371,0.93381,1.19,2.59
2014.06.17 14:12:40.237,0.93371,0.93381,1.19,3.34
2014.06.17 14:12:41.050,0.93371,0.9338,1.19,1.33
2014.06.17 14:12:43.930,0.93371,0.9338,1.19,1.09
2014.06.17 14:12:45.038,0.93371,0.93381,1.19,3.34
2014.06.17 14:12:47.003,0.93371,0.93381,1.19,3.34
2014.06.17 14:12:47.836,0.93371,0.93381,1.19,3.34
2014.06.17 14:12:48.436,0.93371,0.93381,1.19,3.34
2014.06.17 14:12:49.311,0.93371,0.93381,1.19,2.59
2014.06.17 14:12:49.898,0.93371,0.93381,1.19,2.59
2014.06.17 14:12:50.421,0.93371,0.93381,1.19,2.59
2014.06.17 14:12:53.197,0.93371,0.93381,1.19,2.22
2014.06.17 14:12:53.756,0.9337,0.93381,1.19,2.22
2014.06.17 14:12:54.330,0.93371,0.93381,1.19,2.97
2014.06.17 14:12:54.863,0.93371,0.93381,1.19,2.97
2014.06.17 14:12:56.234,0.93372,0.93381,1.19,1.47
2014.06.17 14:12:57.275,0.93372,0.93381,1.19,1.47
2014.06.17 14:12:58.017,0.93372,0.93381,1.19,1.47
2014.06.17 14:12:58.541,0.93372,0.93381,1.19,1.47
2014.06.17 14:13:00.170,0.93372,0.93381,1.69,1.09
2014.06.17 14:13:01.941,0.93372,0.93381,1.19,1.39
2014.06.17 14:13:02.674,0.93371,0.93381,1.19,2.22
2014.06.17 14:13:10.347,0.93371,0.93381,1.19,2.97
2014.06.17 14:13:10.994,0.93371,0.93381,1.19,2.22
2014.06.17 14:13:12.154,0.93371,0.93381,1.19,2.97
2014.06.17 14:13:12.688,0.93371,0.93381,1.19,2.97
2014.06.17 14:13:13.516,0.93371,0.93381,1.19,2.97
2014.06.17 14:13:14.040,0.9337,0.9338,1.29,1.39
2014.06.17 14:13:14.947,0.9337,0.9338,1.19,1.09
2014.06.17 14:13:15.469,0.9337,0.9338,1.29,1.02
2014.06.17 14:13:16.083,0.9337,0.9338,1.29,1.77
2014.06.17 14:13:17.656,0.93371,0.93381,1.57,1.84
2014.06.17 14:13:19.552,0.93371,0.93381,1.57,1.84
2014.06.17 14:13:20.083,0.93371,0.93381,1.57,1.84
2014.06.17 14:13:21.259,0.93371,0.93381,1.57,1.84
2014.06.17 14:13:21.929,0.93371,0.93381,1.67,1.77
2014.06.17 14:13:26.851,0.93371,0.93378,1.67,1.00
2014.06.17 14:13:27.539,0.9337,0.93379,1.74,1.25
2014.06.17 14:13:28.049,0.9337,0.93378,1.74,1.00
2014.06.17 14:13:29.028,0.9337,0.93379,1.74,1.25
2014.06.17 14:13:29.331,0.93369,0.93376,1.00,1.09
2014.06.17 14:13:29.483,0.93368,0.93377,2.89,1.69
2014.06.17 14:13:29.635,0.9337,0.93378,1.67,1.00
2014.06.17 14:13:30.139,0.93371,0.93379,1.39,1.25
2014.06.17 14:13:32.310,0.93371,0.93379,1.02,1.69
2014.06.17 14:13:36.156,0.93371,0.93379,1.29,1.00
2014.06.17 14:13:36.672,0.93371,0.9338,1.29,1.69
2014.06.17 14:13:37.886,0.93371,0.9338,1.09,1.69
2014.06.17 14:13:38.396,0.93371,0.9338,1.77,1.25
2014.06.17 14:13:41.904,0.93372,0.93381,1.19,1.02
2014.06.17 14:14:00.167,0.93371,0.93381,1.77,2.52
2014.06.17 14:14:05.142,0.93371,0.93377,1.84,1.13
2014.06.17 14:14:05.243,0.9337,0.93377,1.00,1.02
2014.06.17 14:14:05.344,0.9337,0.93375,1.00,1.00
2014.06.17 14:14:05.647,0.93369,0.93373,1.00,1.00
2014.06.17 14:14:05.698,0.93366,0.93373,1.29,1.00
2014.06.17 14:14:05.799,0.93365,0.93373,1.77,1.25
2014.06.17 14:14:06.304,0.93365,0.93373,1.09,1.25
2014.06.17 14:14:06.830,0.93365,0.93373,1.25,1.09
2014.06.17 14:14:07.348,0.93365,0.93374,1.25,2.59
2014.06.17 14:14:07.886,0.93365,0.93374,1.25,2.59
2014.06.17 14:14:09.154,0.93364,0.93371,1.19,1.00
2014.06.17 14:14:09.205,0.93362,0.93371,2.52,1.25
2014.06.17 14:14:09.660,0.93362,0.93369,2.52,1.00
2014.06.17 14:14:10.223,0.93362,0.93369,1.69,1.00
2014.06.17 14:14:12.210,0.93361,0.9337,2.44,1.02
2014.06.17 14:14:12.731,0.93361,0.93369,2.44,1.00
2014.06.17 14:14:13.378,0.93361,0.9337,2.44,1.02
2014.06.17 14:14:13.949,0.93361,0.93369,2.52,1.00
2014.06.17 14:14:17.129,0.93361,0.9337,1.77,1.25
2014.06.17 14:14:17.899,0.93361,0.9337,1.25,1.77
2014.06.17 14:14:18.936,0.93361,0.9337,1.69,1.02
2014.06.17 14:14:20.426,0.93361,0.93369,2.59,1.00
2014.06.17 14:14:28.533,0.93361,0.93369,1.25,1.25
2014.06.17 14:14:38.723,0.93362,0.93369,1.00,1.02
2014.06.17 14:14:39.689,0.93362,0.93369,1.69,1.10
2014.06.17 14:14:46.011,0.93361,0.93369,2.44,1.10
2014.06.17 14:14:47.140,0.93362,0.93369,2.44,1.10
2014.06.17 14:14:48.223,0.93362,0.93369,1.69,1.00
2014.06.17 14:14:49.367,0.93362,0.93369,2.44,1.00
2014.06.17 14:14:50.386,0.93362,0.9337,1.69,1.09
2014.06.17 14:14:50.920,0.93362,0.9337,1.69,1.02
2014.06.17 14:14:51.463,0.93362,0.9337,1.69,1.09
2014.06.17 14:14:53.117,0.93363,0.93369,1.00,1.00
2014.06.17 14:14:53.319,0.93364,0.93371,2.25,1.25
2014.06.17 14:14:54.107,0.93363,0.93371,3.19,1.25
2014.06.17 14:14:54.639,0.93363,0.93372,3.94,1.02
2014.06.17 14:14:59.365,0.93363,0.93372,3.19,1.33
2014.06.17 14:14:59.964,0.93363,0.93372,3.19,1.02
2014.06.17 14:15:00.488,0.93363,0.93372,2.44,1.77
2014.06.17 14:15:03.373,0.93363,0.93372,3.19,1.02
2014.06.17 14:15:06.163,0.93363,0.93372,1.69,3.27
2014.06.17 14:15:06.670,0.93361,0.93371,4.09,2.44
2014.06.17 14:15:11.231,0.93361,0.9337,2.44,2.52
2014.06.17 14:15:14.344,0.93361,0.9337,2.89,1.25
2014.06.17 14:15:14.856,0.93361,0.9337,3.64,1.25
2014.06.17 14:15:15.374,0.93361,0.9337,2.52,1.69
2014.06.17 14:15:39.035,0.9336,0.93368,3.64,1.00
2014.06.17 14:15:39.576,0.9336,0.93369,3.34,1.25
2014.06.17 14:15:42.451,0.9336,0.9337,2.44,2.97
2014.06.17 14:15:46.370,0.9336,0.93368,2.44,1.08
2014.06.17 14:15:46.888,0.9336,0.93368,2.44,1.10
2014.06.17 14:15:47.404,0.9336,0.93368,2.44,1.18
2014.06.17 14:15:48.253,0.9336,0.93368,2.44,1.10
2014.06.17 14:15:48.774,0.9336,0.93368,1.69,1.09
2014.06.17 14:15:50.051,0.9336,0.93368,1.69,1.02
2014.06.17 14:15:50.611,0.9336,0.93368,1.69,1.84
2014.06.17 14:15:51.123,0.9336,0.93368,1.69,1.77
2014.06.17 14:15:51.629,0.9336,0.93368,2.44,1.18
2014.06.17 14:15:52.237,0.9336,0.93368,2.44,1.10
2014.06.17 14:15:52.860,0.9336,0.93368,2.44,1.18
2014.06.17 14:15:53.413,0.9336,0.93368,2.44,1.10
2014.06.17 14:15:54.161,0.9336,0.93368,2.44,1.08
2014.06.17 14:15:54.716,0.9336,0.93368,1.69,1.09
2014.06.17 14:15:55.576,0.93359,0.93368,1.69,1.09
2014.06.17 14:15:56.131,0.93359,0.93368,2.07,1.09
2014.06.17 14:15:56.730,0.93359,0.93368,2.07,1.02
2014.06.17 14:15:57.238,0.93359,0.93368,2.07,1.09
2014.06.17 14:15:58.051,0.93359,0.93368,2.07,1.09
2014.06.17 14:15:58.842,0.93359,0.93368,2.07,1.09
2014.06.17 14:16:00.394,0.93359,0.93368,2.07,1.09
2014.06.17 14:16:00.899,0.93359,0.93368,2.07,1.09
2014.06.17 14:16:01.543,0.93359,0.93368,2.07,1.02
2014.06.17 14:16:02.055,0.93359,0.93368,2.07,1.09
2014.06.17 14:16:02.567,0.93359,0.93369,2.07,3.34
2014.06.17 14:16:03.068,0.93359,0.93369,2.07,3.34
2014.06.17 14:16:04.051,0.93359,0.93369,2.07,1.84
2014.06.17 14:16:04.556,0.93359,0.93368,1.13,2.59
2014.06.17 14:16:04.994,0.93357,0.93364,1.19,1.00
2014.06.17 14:16:05.046,0.93356,0.93363,1.00,1.02
2014.06.17 14:16:05.576,0.93353,0.93362,1.29,1.25
2014.06.17 14:16:05.778,0.93353,0.93361,1.19,1.18
2014.06.17 14:16:06.283,0.93355,0.93363,1.00,2.22
2014.06.17 14:16:15.954,0.93355,0.93361,1.00,1.18
2014.06.17 14:16:17.571,0.93355,0.93361,1.00,1.02
2014.06.17 14:16:27.809,0.93355,0.93363,1.00,1.77
2014.06.17 14:16:32.989,0.93357,0.93363,1.00,1.84
2014.06.17 14:16:33.242,0.93359,0.93367,1.25,1.25
2014.06.17 14:16:33.343,0.93361,0.93369,1.25,1.77
2014.06.17 14:16:33.849,0.93362,0.9337,1.50,1.77
2014.06.17 14:16:35.740,0.93363,0.93371,1.00,2.59
2014.06.17 14:16:36.353,0.93363,0.93371,1.00,2.52
2014.06.17 14:16:38.059,0.93363,0.93371,1.25,1.77
2014.06.17 14:16:39.097,0.93363,0.93371,1.00,2.52
2014.06.17 14:16:45.849,0.93363,0.93371,1.25,1.25
2014.06.17 14:16:48.013,0.93363,0.93371,1.00,2.52
2014.06.17 14:16:48.700,0.93363,0.9337,1.00,1.77
2014.06.17 14:16:49.104,0.93361,0.93367,1.25,1.00
2014.06.17 14:16:49.356,0.93362,0.93369,1.00,1.02
2014.06.17 14:16:51.119,0.93362,0.93368,1.00,1.00
2014.06.17 14:16:51.638,0.93362,0.93369,1.00,1.02
2014.06.17 14:16:52.409,0.93362,0.93368,1.00,1.25
2014.06.17 14:16:52.624,0.93362,0.93368,1.00,1.63
2014.06.17 14:16:52.725,0.9336,0.93367,1.00,1.38
2014.06.17 14:16:53.072,0.93359,0.93363,1.00,1.00
2014.06.17 14:16:53.173,0.93356,0.93363,1.25,1.00
2014.06.17 14:16:53.678,0.93355,0.93362,1.25,1.00
2014.06.17 14:16:55.401,0.93355,0.93361,1.00,1.00
2014.06.17 14:16:56.335,0.93357,0.93361,1.00,1.00
2014.06.17 14:16:56.386,0.93357,0.93363,1.00,1.58
2014.06.17 14:16:56.603,0.93359,0.93363,1.00,1.00
2014.06.17 14:16:56.913,0.93357,0.93362,1.25,1.00
2014.06.17 14:16:57.464,0.93356,0.93362,1.00,1.00
2014.06.17 14:16:58.547,0.93358,0.93362,1.00,1.00
2014.06.17 14:16:58.754,0.93355,0.93363,1.02,1.25
2014.06.17 14:17:01.758,0.93355,0.93363,1.10,1.69
2014.06.17 14:17:13.179,0.93355,0.93364,1.00,2.14
2014.06.17 14:17:13.723,0.93355,0.93363,1.00,1.19
2014.06.17 14:17:18.899,0.93354,0.93363,1.02,1.69
2014.06.17 14:17:24.452,0.93354,0.93363,1.10,1.25
2014.06.17 14:17:24.968,0.93354,0.93363,1.02,1.69
2014.06.17 14:17:30.782,0.93355,0.93363,1.19,1.10
2014.06.17 14:17:30.933,0.93356,0.93365,1.69,1.02
2014.06.17 14:17:31.136,0.93358,0.93365,2.82,1.10
2014.06.17 14:17:31.288,0.9336,0.93367,1.77,1.58
2014.06.17 14:17:31.709,0.93361,0.93369,1.02,1.25
2014.06.17 14:17:55.803,0.93361,0.9337,1.25,1.27
2014.06.17 14:17:56.367,0.93361,0.9337,1.25,1.37
2014.06.17 14:17:57.825,0.93361,0.93368,1.00,1.13
2014.06.17 14:17:57.876,0.9336,0.93367,1.00,1.09
2014.06.17 14:17:58.179,0.93359,0.93364,1.00,1.00
2014.06.17 14:17:58.331,0.93356,0.93364,1.25,1.25
2014.06.17 14:17:59.197,0.93356,0.93364,1.00,1.69
2014.06.17 14:18:04.600,0.93356,0.93363,1.00,1.69
2014.06.17 14:18:07.881,0.93355,0.93363,1.00,1.69
2014.06.17 14:18:09.374,0.93355,0.93363,1.13,1.00
2014.06.17 14:18:09.424,0.93356,0.93365,1.08,1.10
2014.06.17 14:18:09.930,0.93358,0.93367,1.02,1.69
2014.06.17 14:18:10.252,0.93357,0.93364,1.10,1.19
2014.06.17 14:18:10.790,0.93356,0.93364,1.00,1.77
2014.06.17 14:18:12.631,0.93358,0.93364,1.00,1.10
2014.06.17 14:18:12.934,0.93359,0.93366,2.25,1.02
2014.06.17 14:18:13.035,0.93359,0.93368,3.64,1.00
2014.06.17 14:18:13.567,0.93361,0.93369,1.00,1.19
2014.06.17 14:18:14.072,0.93361,0.9337,1.25,1.29
2014.06.17 14:18:15.109,0.93361,0.93371,1.77,3.27
2014.06.17 14:18:19.909,0.93361,0.93371,1.02,2.52
2014.06.17 14:18:20.469,0.93361,0.93371,1.77,3.27
2014.06.17 14:18:22.143,0.93361,0.9337,1.02,2.44
2014.06.17 14:18:24.230,0.93361,0.93369,1.77,1.00
2014.06.17 14:18:26.038,0.93361,0.93369,1.25,1.25
2014.06.17 14:18:27.042,0.93361,0.9337,1.69,1.09
2014.06.17 14:18:28.815,0.93363,0.9337,1.00,1.09
2014.06.17 14:18:29.321,0.93364,0.93372,1.00,1.84
2014.06.17 14:18:47.542,0.93364,0.93372,1.25,1.40
2014.06.17 14:18:48.049,0.93364,0.93372,1.25,1.40
2014.06.17 14:18:49.187,0.93363,0.9337,1.00,1.02
2014.06.17 14:18:49.288,0.93363,0.93369,1.00,1.18
2014.06.17 14:18:49.642,0.93361,0.93368,1.25,1.18
2014.06.17 14:18:56.306,0.93361,0.93369,1.25,1.84
2014.06.17 14:18:56.834,0.93361,0.93369,1.25,1.84
2014.06.17 14:18:57.344,0.93361,0.93369,1.25,1.84
2014.06.17 14:18:57.953,0.93361,0.93369,1.25,1.77
2014.06.17 14:18:58.902,0.93361,0.93369,1.25,1.39
2014.06.17 14:19:01.721,0.9336,0.93369,1.69,3.57
2014.06.17 14:19:01.923,0.93358,0.93367,1.25,2.97
2014.06.17 14:19:02.448,0.93358,0.93366,1.25,2.22
2014.06.17 14:19:03.277,0.93359,0.93366,1.25,1.95
2014.06.17 14:19:03.681,0.93358,0.93367,1.25,2.97
2014.06.17 14:19:07.846,0.93358,0.93366,1.00,1.37
2014.06.17 14:19:07.897,0.9336,0.93367,1.00,1.95
2014.06.17 14:19:07.998,0.9336,0.93367,1.00,1.39
2014.06.17 14:19:08.552,0.93361,0.93368,1.00,1.74
2014.06.17 14:19:09.388,0.93361,0.93369,1.00,2.22
2014.06.17 14:19:12.134,0.93361,0.93369,1.69,1.38
2014.06.17 14:19:14.162,0.93361,0.9337,1.25,1.67
2014.06.17 14:19:15.878,0.93361,0.93371,1.69,2.97
2014.06.17 14:19:21.142,0.93361,0.9337,1.25,2.22
2014.06.17 14:19:22.361,0.93361,0.9337,1.69,1.47
2014.06.17 14:19:23.689,0.93361,0.9337,1.25,1.74
2014.06.17 14:19:29.252,0.93361,0.93369,1.00,2.22
2014.06.17 14:19:29.735,0.93359,0.93368,1.25,2.22
2014.06.17 14:19:34.204,0.93359,0.93366,1.00,1.47
2014.06.17 14:19:34.558,0.93357,0.93365,1.00,1.48
2014.06.17 14:19:35.070,0.93356,0.93365,1.25,2.52
2014.06.17 14:19:35.708,0.93354,0.93364,1.25,3.72
2014.06.17 14:19:36.331,0.93355,0.93364,1.00,2.78
2014.06.17 14:19:36.635,0.93357,0.93365,1.00,2.89
2014.06.17 14:19:37.147,0.93355,0.93364,1.69,1.47
2014.06.17 14:19:37.695,0.93355,0.93364,1.25,2.22
2014.06.17 14:19:50.153,0.93355,0.93364,1.25,2.97
2014.06.17 14:19:50.679,0.93355,0.93364,1.25,2.22
2014.06.17 14:19:51.412,0.93356,0.93364,1.00,2.14
2014.06.17 14:19:51.664,0.93357,0.93366,1.69,1.47
2014.06.17 14:19:52.275,0.93356,0.93365,1.25,1.39
2014.06.17 14:19:52.528,0.93355,0.93365,1.69,2.22
2014.06.17 14:19:53.052,0.93355,0.93365,1.69,2.22
2014.06.17 14:19:53.410,0.93356,0.93366,1.69,2.97
2014.06.17 14:19:53.562,0.93358,0.93366,1.69,1.48
2014.06.17 14:19:54.073,0.9336,0.93368,1.00,1.72
2014.06.17 14:19:54.609,0.9336,0.93369,1.25,2.97
2014.06.17 14:19:56.687,0.9336,0.93369,1.69,1.78
2014.06.17 14:20:00.538,0.9336,0.93369,1.25,2.22
2014.06.17 14:20:03.477,0.93359,0.93368,2.44,1.47
2014.06.17 14:20:06.125,0.9336,0.93369,1.19,2.22
2014.06.17 14:20:07.214,0.93359,0.93369,2.44,2.97
2014.06.17 14:20:09.829,0.9336,0.93369,1.69,2.22
2014.06.17 14:20:10.899,0.9336,0.93369,1.25,2.97
2014.06.17 14:20:28.030,0.93361,0.93367,1.19,1.13
2014.06.17 14:20:28.535,0.93361,0.93369,1.25,1.63
2014.06.17 14:20:41.629,0.9336,0.93368,1.69,1.39
2014.06.17 14:20:43.258,0.93359,0.93367,1.58,1.38
2014.06.17 14:20:43.460,0.93358,0.93366,1.00,2.22
2014.06.17 14:20:43.612,0.93357,0.93365,1.00,1.02
2014.06.17 14:20:43.814,0.93353,0.93361,1.84,1.13
2014.06.17 14:20:44.428,0.93353,0.93363,1.77,2.89
2014.06.17 14:20:44.579,0.93355,0.93363,2.44,1.10
2014.06.17 14:20:45.099,0.93356,0.93366,2.52,2.89
2014.06.17 14:20:45.663,0.93356,0.93366,1.69,2.03
2014.06.17 14:20:45.916,0.93359,0.93369,1.25,2.22
2014.06.17 14:20:46.068,0.9336,0.93369,1.19,2.22
2014.06.17 14:20:46.603,0.9336,0.93369,1.69,1.39
2014.06.17 14:20:47.900,0.93359,0.93365,1.10,1.00
2014.06.17 14:20:48.203,0.93358,0.93365,1.25,1.55
2014.06.17 14:20:49.377,0.93358,0.93366,1.69,1.53
2014.06.17 14:20:49.782,0.93358,0.93368,2.52,2.89
2014.06.17 14:20:50.393,0.9336,0.93368,1.00,1.67
2014.06.17 14:20:53.337,0.9336,0.93369,1.69,1.47
2014.06.17 14:20:53.540,0.93362,0.93371,1.19,2.22
2014.06.17 14:20:53.641,0.93361,0.9337,1.25,1.67
2014.06.17 14:20:54.832,0.9336,0.9337,2.44,2.97
2014.06.17 14:20:54.933,0.93361,0.93371,1.69,2.22
2014.06.17 14:20:55.450,0.93362,0.93371,1.25,1.74
2014.06.17 14:20:55.955,0.9336,0.9337,2.52,2.89
2014.06.17 14:20:56.783,0.93362,0.9337,1.00,1.67
2014.06.17 14:20:57.288,0.93362,0.93371,1.25,1.74
2014.06.17 14:20:57.969,0.93362,0.93372,1.69,3.72
2014.06.17 14:20:59.909,0.93362,0.93372,1.69,4.47
2014.06.17 14:21:00.424,0.93362,0.93371,1.25,1.74
2014.06.17 14:21:03.903,0.93361,0.9337,1.25,1.67
2014.06.17 14:21:04.409,0.9336,0.93368,1.69,1.38
2014.06.17 14:21:05.313,0.93361,0.9337,1.19,2.14
2014.06.17 14:21:05.819,0.93361,0.93369,1.19,1.38
2014.06.17 14:21:06.913,0.93362,0.93371,1.29,2.07
2014.06.17 14:21:07.519,0.9336,0.9337,3.34,2.82
2014.06.17 14:21:11.812,0.9336,0.93369,2.44,1.39
2014.06.17 14:21:16.889,0.93361,0.9337,1.19,1.47
2014.06.17 14:21:18.713,0.9336,0.93368,1.00,1.38
2014.06.17 14:21:19.219,0.9336,0.93368,1.25,1.39
2014.06.17 14:21:19.784,0.93358,0.93367,1.69,2.22
2014.06.17 14:21:19.989,0.93355,0.93365,2.44,2.89
2014.06.17 14:21:20.948,0.93354,0.93363,1.19,1.02
2014.06.17 14:21:21.875,0.93354,0.93363,1.19,1.39
2014.06.17 14:21:22.401,0.93355,0.93364,1.69,2.22
2014.06.17 14:21:22.704,0.93358,0.93366,1.19,1.88
2014.06.17 14:21:22.805,0.93358,0.93366,1.69,1.50
2014.06.17 14:21:23.321,0.93359,0.93369,2.44,2.22
2014.06.17 14:21:23.574,0.93359,0.93369,2.25,2.22
2014.06.17 14:21:24.098,0.93358,0.93366,1.19,1.48
2014.06.17 14:21:24.507,0.93359,0.93367,1.19,2.03
2014.06.17 14:21:25.012,0.93359,0.93368,3.19,1.39
2014.06.17 14:21:25.546,0.93359,0.93368,3.19,1.47
2014.06.17 14:21:26.208,0.9336,0.93368,1.25,1.47
2014.06.17 14:21:33.004,0.9336,0.93369,1.25,3.72
2014.06.17 14:21:33.206,0.9336,0.93367,1.00,2.14
2014.06.17 14:21:33.661,0.93359,0.93368,1.19,1.47
2014.06.17 14:21:35.263,0.93359,0.93368,1.69,1.78
2014.06.17 14:21:35.314,0.93359,0.93367,1.25,1.47
2014.06.17 14:21:35.516,0.93358,0.93367,1.69,2.22
2014.06.17 14:21:35.617,0.93358,0.93367,1.25,1.55
2014.06.17 14:21:35.870,0.93358,0.93366,1.69,1.48
2014.06.17 14:21:36.274,0.93358,0.93366,1.69,1.95
2014.06.17 14:21:36.827,0.93358,0.93366,1.25,2.14
2014.06.17 14:21:37.029,0.93356,0.93365,1.00,1.48
2014.06.17 14:21:37.131,0.93357,0.93365,1.19,1.48
2014.06.17 14:21:37.333,0.93355,0.93365,1.77,2.14
2014.06.17 14:21:37.874,0.93354,0.93362,1.19,1.00
2014.06.17 14:21:38.409,0.93353,0.93362,2.14,1.25
2014.06.17 14:21:45.365,0.93356,0.93363,1.19,1.20
2014.06.17 14:21:45.889,0.93356,0.93364,1.19,1.13
2014.06.17 14:21:46.558,0.93357,0.93364,1.19,1.13
2014.06.17 14:21:47.763,0.93356,0.93364,1.19,1.13
2014.06.17 14:21:54.630,0.93357,0.93365,1.19,1.38
2014.06.17 14:21:55.647,0.93356,0.93365,1.77,1.63
2014.06.17 14:21:56.341,0.93358,0.93365,1.19,1.00
2014.06.17 14:21:56.442,0.93359,0.93367,1.25,2.07
2014.06.17 14:21:56.947,0.9336,0.93368,1.00,2.22
2014.06.17 14:21:57.647,0.93359,0.93366,1.19,1.38
2014.06.17 14:21:57.698,0.93357,0.93366,1.69,1.47
2014.06.17 14:21:57.851,0.93358,0.93365,1.19,1.48
2014.06.17 14:21:58.367,0.93358,0.93367,1.69,1.47
2014.06.17 14:21:59.045,0.9336,0.93368,1.00,2.22
2014.06.17 14:21:59.348,0.93366,0.93372,1.19,1.38
2014.06.17 14:21:59.399,0.93363,0.93371,2.52,1.50
2014.06.17 14:21:59.500,0.93361,0.93371,1.09,2.44
2014.06.17 14:22:00.005,0.93361,0.93368,1.00,1.32
2014.06.17 14:22:00.674,0.9336,0.93368,1.69,1.32
2014.06.17 14:22:01.380,0.9336,0.93368,1.69,1.39
2014.06.17 14:22:02.456,0.9336,0.93368,1.69,1.47
2014.06.17 14:22:02.760,0.93365,0.93371,1.00,1.00
2014.06.17 14:22:03.265,0.93363,0.93372,1.19,2.14
2014.06.17 14:22:06.610,0.93362,0.93371,1.29,1.63
2014.06.17 14:22:09.337,0.93362,0.93371,1.29,1.63
2014.06.17 14:22:14.179,0.93364,0.93371,1.00,1.63
2014.06.17 14:22:14.737,0.93364,0.93371,1.00,1.63
2014.06.17 14:22:18.446,0.93363,0.93371,1.00,1.38
2014.06.17 14:22:21.474,0.93363,0.93371,1.25,1.63
2014.06.17 14:22:23.555,0.93361,0.93371,2.59,2.07
2014.06.17 14:22:42.096,0.93362,0.93371,1.69,1.39
2014.06.17 14:22:47.218,0.93361,0.93371,2.52,2.14
2014.06.17 14:22:49.345,0.93362,0.93371,1.19,1.39
2014.06.17 14:22:52.959,0.93361,0.93371,1.77,2.14
2014.06.17 14:23:03.093,0.93362,0.93371,1.19,1.39
2014.06.17 14:23:07.055,0.93362,0.93371,1.19,1.39
2014.06.17 14:23:10.204,0.93362,0.93371,1.69,1.39
2014.06.17 14:23:16.134,0.93363,0.93371,1.19,1.48
2014.06.17 14:23:18.050,0.93363,0.93371,1.39,1.38
2014.06.17 14:23:21.466,0.93363,0.93371,1.02,1.63
2014.06.17 14:23:24.548,0.93362,0.93371,5.52,1.63
2014.06.17 14:23:24.650,0.93365,0.93372,1.84,1.00
2014.06.17 14:23:24.853,0.93367,0.93374,1.00,1.32
2014.06.17 14:23:25.157,0.9337,0.93377,1.02,1.00
2014.06.17 14:23:26.017,0.9337,0.93377,1.77,1.13
2014.06.17 14:23:29.230,0.93369,0.93377,1.29,1.13
2014.06.17 14:23:37.599,0.93369,0.93377,1.19,1.48
2014.06.17 14:23:37.650,0.93367,0.93376,1.77,1.63
2014.06.17 14:23:37.701,0.93367,0.93376,1.02,2.07
2014.06.17 14:23:38.056,0.93365,0.93375,3.94,1.45
2014.06.17 14:23:38.580,0.93365,0.93372,1.29,1.13
2014.06.17 14:23:39.496,0.93364,0.93372,1.84,1.13
2014.06.17 14:23:40.290,0.93364,0.93372,1.84,1.38
2014.06.17 14:23:40.543,0.93363,0.93372,1.69,1.39
2014.06.17 14:23:41.078,0.93363,0.93371,1.00,2.44
2014.06.17 14:23:42.083,0.93361,0.93369,1.84,1.38
2014.06.17 14:23:52.067,0.93361,0.93369,1.09,1.63
2014.06.17 14:23:54.155,0.93361,0.93368,1.25,1.00
2014.06.17 14:23:54.306,0.93359,0.93364,1.00,1.67
2014.06.17 14:23:54.357,0.93355,0.93361,1.25,1.00
2014.06.17 14:23:54.509,0.93353,0.93361,1.50,2.22
2014.06.17 14:23:54.812,0.93351,0.93358,1.19,1.15
2014.06.17 14:23:54.863,0.9335,0.93358,1.69,1.40
2014.06.17 14:23:55.115,0.9335,0.93358,1.25,1.02
2014.06.17 14:23:55.847,0.9335,0.93358,1.19,1.10
2014.06.17 14:23:56.398,0.9335,0.93358,1.19,1.48
2014.06.17 14:23:56.915,0.93349,0.93358,1.69,1.39
2014.06.17 14:23:58.121,0.9335,0.93358,1.69,1.48
2014.06.17 14:23:58.636,0.9335,0.93358,1.69,1.20
2014.06.17 14:24:28.313,0.93351,0.9336,1.25,2.22
2014.06.17 14:24:28.364,0.93353,0.9336,1.50,2.22
2014.06.17 14:24:28.879,0.93352,0.93361,1.19,1.39
2014.06.17 14:24:30.407,0.93353,0.93361,1.19,1.48
2014.06.17 14:24:32.868,0.93352,0.93361,1.37,1.63
2014.06.17 14:24:53.260,0.93351,0.93361,1.84,2.07
2014.06.17 14:24:56.510,0.93352,0.93361,1.29,1.63
2014.06.17 14:24:57.017,0.93351,0.93359,1.37,1.13
2014.06.17 14:24:57.560,0.93351,0.93358,1.37,1.00
2014.06.17 14:25:03.839,0.9335,0.93358,1.77,1.00
2014.06.17 14:25:04.354,0.9335,0.93359,1.84,2.07
2014.06.17 14:25:17.405,0.93351,0.93359,1.19,1.00
2014.06.17 14:25:23.250,0.9335,0.93359,1.77,1.00
2014.06.17 14:25:23.803,0.93351,0.93359,1.19,1.00
2014.06.17 14:25:36.801,0.93353,0.93359,1.00,1.00
2014.06.17 14:25:36.952,0.93353,0.93361,1.25,1.25
2014.06.17 14:25:37.458,0.93354,0.93361,1.50,1.25
2014.06.17 14:25:38.165,0.93352,0.9336,2.52,1.13
2014.06.17 14:25:38.678,0.93351,0.9336,1.09,2.07
2014.06.17 14:25:43.603,0.9335,0.93359,1.25,1.47
2014.06.17 14:25:44.698,0.9335,0.93359,1.19,1.39
2014.06.17 14:25:45.868,0.9335,0.93359,1.19,1.39
2014.06.17 14:25:46.391,0.9335,0.93359,1.19,1.39
2014.06.17 14:25:55.357,0.9335,0.93359,1.19,1.47
2014.06.17 14:25:55.921,0.9335,0.93359,1.19,1.39
2014.06.17 14:25:56.796,0.9335,0.93359,1.19,1.47
2014.06.17 14:25:57.651,0.9335,0.93359,1.19,1.39
2014.06.17 14:25:58.725,0.9335,0.93359,1.19,1.09
2014.06.17 14:25:59.281,0.9335,0.93359,1.19,1.39
2014.06.17 14:26:00.066,0.9335,0.93359,1.19,1.47
2014.06.17 14:26:00.743,0.9335,0.93359,1.19,1.02
2014.06.17 14:26:03.295,0.93349,0.93359,3.94,1.18
2014.06.17 14:26:03.840,0.9335,0.93359,1.19,1.47
2014.06.17 14:26:04.429,0.9335,0.93359,1.19,1.02
2014.06.17 14:26:05.918,0.9335,0.93359,1.19,1.09
2014.06.17 14:26:06.605,0.9335,0.93359,1.19,1.02
2014.06.17 14:26:07.131,0.9335,0.93358,1.19,1.10
2014.06.17 14:26:13.425,0.93349,0.93358,3.27,1.25
2014.06.17 14:26:21.996,0.93351,0.93359,1.00,2.14
2014.06.17 14:26:22.517,0.93351,0.93359,1.25,1.39
2014.06.17 14:26:24.069,0.93351,0.93359,1.25,1.47
2014.06.17 14:26:24.729,0.93351,0.9336,1.25,2.22
2014.06.17 14:26:30.474,0.9335,0.93359,1.25,1.39
2014.06.17 14:26:31.414,0.9335,0.9336,1.69,2.97
2014.06.17 14:26:32.122,0.93353,0.9336,1.19,1.00
2014.06.17 14:26:32.223,0.93355,0.93362,1.57,1.10
2014.06.17 14:26:33.465,0.93358,0.93365,1.69,1.00
2014.06.17 14:26:33.567,0.93359,0.93365,1.37,1.00
2014.06.17 14:26:33.668,0.9336,0.93367,1.02,1.50
2014.06.17 14:26:34.172,0.93361,0.93369,2.52,1.25
2014.06.17 14:26:36.054,0.93361,0.93368,1.02,1.00
2014.06.17 14:26:45.868,0.93361,0.9337,1.02,1.69
2014.06.17 14:26:46.857,0.93361,0.93371,1.77,3.27
2014.06.17 14:27:01.839,0.93361,0.9337,1.02,1.69
2014.06.17 14:27:03.966,0.93361,0.93371,2.52,2.14
2014.06.17 14:27:10.516,0.93361,0.9337,1.69,1.39
2014.06.17 14:27:42.016,0.9336,0.93369,1.19,1.33
2014.06.17 14:27:42.521,0.93362,0.9337,1.00,2.97
2014.06.17 14:27:43.267,0.93362,0.9337,1.00,3.72
2014.06.17 14:27:43.451,0.9336,0.93368,1.00,1.32
2014.06.17 14:27:44.292,0.9336,0.93369,1.25,2.22
2014.06.17 14:27:44.854,0.9336,0.93369,1.25,2.22
2014.06.17 14:27:45.358,0.93361,0.93369,1.00,2.22
2014.06.17 14:27:46.626,0.93359,0.93369,2.44,2.97
2014.06.17 14:27:52.972,0.93359,0.93369,1.69,2.97
2014.06.17 14:28:00.536,0.93359,0.93367,1.00,1.32
2014.06.17 14:28:01.055,0.93357,0.93367,2.44,3.72
2014.06.17 14:28:02.052,0.93358,0.93367,1.69,2.97
2014.06.17 14:28:02.203,0.93359,0.93368,1.25,1.77
2014.06.17 14:28:02.708,0.9336,0.93369,1.25,2.22
2014.06.17 14:28:08.257,0.9336,0.93369,1.25,1.47
2014.06.17 14:28:08.786,0.9336,0.93369,1.25,1.47
2014.06.17 14:28:18.444,0.9336,0.93368,1.50,1.39
2014.06.17 14:28:20.754,0.9336,0.93369,1.69,2.22
2014.06.17 14:28:23.971,0.9336,0.93368,1.50,1.39
2014.06.17 14:28:25.014,0.9336,0.93369,1.25,2.22
2014.06.17 14:28:33.754,0.9336,0.93368,1.00,1.39
2014.06.17 14:28:34.850,0.9336,0.93369,1.25,1.74
2014.06.17 14:28:39.772,0.9336,0.93368,1.50,1.39
2014.06.17 14:28:41.298,0.9336,0.93369,1.25,1.67
2014.06.17 14:28:43.759,0.9336,0.93369,1.77,1.19
2014.06.17 14:28:44.576,0.9336,0.9337,3.27,2.14
2014.06.17 14:28:45.916,0.9336,0.93369,2.52,1.19
2014.06.17 14:29:21.155,0.9336,0.93368,1.58,1.19
2014.06.17 14:29:22.176,0.9336,0.93369,1.25,1.74
2014.06.17 14:29:30.020,0.9336,0.93368,1.00,1.39
2014.06.17 14:29:31.194,0.9336,0.93369,1.25,2.22
2014.06.17 14:29:37.101,0.93361,0.93369,1.00,2.14
2014.06.17 14:29:44.141,0.9336,0.93369,1.25,2.22
2014.06.17 14:29:49.423,0.93361,0.93369,1.00,2.22
2014.06.17 14:29:59.333,0.9336,0.93369,1.69,2.22
2014.06.17 14:30:02.271,0.93359,0.93369,1.77,1.39
2014.06.17 14:30:02.793,0.93359,0.93369,2.44,2.22
2014.06.17 14:30:09.239,0.93361,0.93369,1.00,2.14
2014.06.17 14:30:10.898,0.93361,0.93369,1.25,1.39
2014.06.17 14:30:11.420,0.93361,0.93369,1.25,1.47
2014.06.17 14:30:12.126,0.93361,0.93369,1.25,1.39
2014.06.17 14:30:12.833,0.93361,0.93369,1.25,1.39
2014.06.17 14:30:14.552,0.93361,0.93369,1.25,1.47
2014.06.17 14:30:15.217,0.93361,0.93369,1.25,1.47
2014.06.17 14:30:19.038,0.93361,0.9337,1.25,2.89
2014.06.17 14:30:27.635,0.93362,0.9337,1.00,2.14
2014.06.17 14:30:28.136,0.93361,0.9337,1.25,1.67
2014.06.17 14:30:31.048,0.93361,0.9337,1.25,1.72
2014.06.17 14:30:32.461,0.93361,0.9337,1.25,1.39
2014.06.17 14:30:35.017,0.93361,0.93368,1.25,1.48
2014.06.17 14:30:35.118,0.93359,0.93368,1.00,1.95
2014.06.17 14:30:35.637,0.93358,0.93366,1.25,1.47
2014.06.17 14:30:41.803,0.93358,0.93364,1.00,1.19
2014.06.17 14:30:41.955,0.93355,0.93363,1.77,1.25
2014.06.17 14:30:42.489,0.93355,0.93363,1.00,2.14
2014.06.17 14:30:43.267,0.93355,0.93363,1.00,1.39
2014.06.17 14:30:44.059,0.93355,0.93363,1.00,2.14
2014.06.17 14:30:45.968,0.93355,0.93362,1.00,1.19
2014.06.17 14:30:46.802,0.93355,0.93363,1.00,1.69
2014.06.17 14:30:48.840,0.93356,0.93363,1.00,1.69
2014.06.17 14:30:49.432,0.93356,0.93363,1.00,1.25
2014.06.17 14:30:50.091,0.93354,0.93363,1.77,1.25
2014.06.17 14:30:50.142,0.93354,0.93362,1.10,1.19
2014.06.17 14:30:50.865,0.93355,0.93362,1.00,1.19
2014.06.17 14:30:51.528,0.93356,0.93362,1.00,1.19
2014.06.17 14:30:52.042,0.93357,0.93362,1.00,2.14
2014.06.17 14:30:52.396,0.93355,0.93362,1.00,1.19
2014.06.17 14:30:52.811,0.93353,0.93362,1.39,1.69
2014.06.17 14:30:53.375,0.93354,0.93362,1.00,1.69
2014.06.17 14:30:55.413,0.93353,0.93362,1.02,2.07
2014.06.17 14:30:56.616,0.93354,0.93362,1.00,2.07
2014.06.17 14:30:58.913,0.93353,0.93362,1.02,1.69
2014.06.17 14:31:03.702,0.93353,0.93362,1.77,1.25
2014.06.17 14:31:04.718,0.93354,0.93362,1.00,1.69
2014.06.17 14:31:05.191,0.93356,0.93363,1.00,1.77
2014.06.17 14:31:05.738,0.93355,0.93363,1.00,2.52
2014.06.17 14:31:06.297,0.93355,0.93362,1.00,1.19
2014.06.17 14:31:07.087,0.93355,0.93363,1.00,1.58
2014.06.17 14:31:07.594,0.93356,0.93363,1.00,1.69
2014.06.17 14:31:07.746,0.93356,0.93364,1.50,1.10
2014.06.17 14:31:08.152,0.93358,0.93364,1.00,1.00
2014.06.17 14:31:08.657,0.93357,0.93364,1.10,1.00
2014.06.17 14:31:09.207,0.93357,0.93366,1.00,1.84
2014.06.17 14:31:09.511,0.93362,0.93368,1.00,1.08
2014.06.17 14:31:09.612,0.93363,0.9337,1.00,2.59
2014.06.17 14:31:09.927,0.9336,0.93369,3.00,1.10
2014.06.17 14:31:10.028,0.9336,0.93368,1.00,1.29
2014.06.17 14:31:10.331,0.93362,0.93369,1.00,1.77
2014.06.17 14:31:11.255,0.93362,0.93369,1.00,1.02
2014.06.17 14:31:11.870,0.93361,0.93369,1.25,1.02
2014.06.17 14:31:12.394,0.93362,0.93369,1.00,1.02
2014.06.17 14:31:13.098,0.9336,0.93369,3.19,1.02
2014.06.17 14:31:13.453,0.93363,0.93369,1.00,1.25
2014.06.17 14:31:20.592,0.93363,0.93371,1.00,2.97
2014.06.17 14:31:21.206,0.93363,0.93371,1.00,2.97
2014.06.17 14:31:24.414,0.93362,0.9337,2.25,1.37
2014.06.17 14:31:26.136,0.93363,0.9337,1.00,1.29
2014.06.17 14:31:28.813,0.93362,0.9337,2.25,1.29
2014.06.17 14:31:31.649,0.93363,0.9337,1.00,1.29
2014.06.17 14:31:31.852,0.93363,0.93372,2.52,1.19
2014.06.17 14:31:34.323,0.93363,0.93373,3.19,3.72
2014.06.17 14:31:36.874,0.93363,0.93372,2.44,1.37
2014.06.17 14:31:40.199,0.93361,0.93371,1.77,2.22
2014.06.17 14:31:41.172,0.93361,0.9337,1.25,1.77
2014.06.17 14:31:46.126,0.93361,0.93369,1.00,1.29
2014.06.17 14:31:55.199,0.93362,0.93368,1.00,1.25
2014.06.17 14:31:55.804,0.93361,0.93368,1.00,1.25
2014.06.17 14:31:57.188,0.93361,0.93369,1.25,1.77
2014.06.17 14:32:03.870,0.93361,0.93369,1.00,1.77
2014.06.17 14:32:04.886,0.93361,0.93369,1.25,1.02
2014.06.17 14:32:09.297,0.93361,0.93369,1.00,1.77
2014.06.17 14:32:12.446,0.93361,0.93369,1.25,1.02
2014.06.17 14:32:13.455,0.93361,0.93369,1.00,2.52
2014.06.17 14:32:14.419,0.93361,0.93369,1.25,1.69
2014.06.17 14:32:21.691,0.93362,0.93369,1.00,1.25
2014.06.17 14:32:30.382,0.93361,0.93369,1.25,1.02
2014.06.17 14:32:36.267,0.9336,0.93369,2.33,1.19
2014.06.17 14:32:36.469,0.93358,0.93367,2.14,1.32
2014.06.17 14:32:36.672,0.93359,0.93368,1.69,2.97
2014.06.17 14:32:36.823,0.93359,0.93368,1.69,1.77
2014.06.17 14:32:37.374,0.93361,0.93368,1.25,1.00
2014.06.17 14:32:37.881,0.93361,0.93369,1.25,1.02
2014.06.17 14:32:39.315,0.93361,0.93369,1.00,1.77
2014.06.17 14:32:39.833,0.9336,0.93367,1.00,1.77
2014.06.17 14:32:40.339,0.93358,0.93367,2.07,1.02
2014.06.17 14:32:40.894,0.9336,0.93368,1.50,2.89
2014.06.17 14:32:42.105,0.93359,0.93368,1.69,2.97
2014.06.17 14:32:42.610,0.9336,0.93368,1.25,1.02
2014.06.17 14:32:45.203,0.9336,0.93368,1.25,1.09
2014.06.17 14:32:45.875,0.9336,0.93368,1.25,1.02
2014.06.17 14:32:47.307,0.9336,0.93368,1.25,1.33
2014.06.17 14:32:49.644,0.93359,0.93368,1.69,1.09
2014.06.17 14:32:49.947,0.93359,0.93365,1.00,1.19
2014.06.17 14:32:50.403,0.93357,0.93363,1.10,1.69
2014.06.17 14:32:50.504,0.93354,0.93363,1.84,2.44
2014.06.17 14:33:00.032,0.93353,0.93363,2.52,2.83
2014.06.17 14:33:05.048,0.93353,0.93362,2.44,1.77
2014.06.17 14:33:15.274,0.93353,0.93362,3.94,1.02
2014.06.17 14:33:21.785,0.93353,0.93362,3.19,1.77
2014.06.17 14:33:26.615,0.93353,0.93362,3.94,1.02
2014.06.17 14:33:32.443,0.93353,0.93362,3.27,1.69
2014.06.17 14:34:00.202,0.93353,0.93363,3.27,1.29
2014.06.17 14:34:07.259,0.93353,0.93362,1.77,1.69
2014.06.17 14:34:08.265,0.93353,0.93362,2.52,1.25
2014.06.17 14:34:14.689,0.93353,0.93362,1.77,1.69
2014.06.17 14:34:15.721,0.93353,0.93362,2.52,1.25
2014.06.17 14:34:16.823,0.93353,0.93362,1.77,1.69
2014.06.17 14:34:25.782,0.93353,0.93362,2.44,1.02
2014.06.17 14:34:26.775,0.93353,0.93362,1.69,1.77
2014.06.17 14:34:27.954,0.93353,0.93362,2.44,1.02
2014.06.17 14:34:30.185,0.93353,0.93362,1.69,1.02
2014.06.17 14:34:30.737,0.93353,0.93362,2.44,1.02
2014.06.17 14:34:31.383,0.93353,0.93362,1.69,1.77
2014.06.17 14:34:37.859,0.93353,0.93362,2.52,1.25
2014.06.17 14:34:39.827,0.93353,0.93362,1.69,1.02
2014.06.17 14:34:40.437,0.93353,0.93362,1.69,1.77
2014.06.17 14:34:41.199,0.93353,0.93362,2.44,1.02
2014.06.17 14:34:44.349,0.93353,0.93362,1.77,1.69
2014.06.17 14:34:45.572,0.93353,0.93362,2.52,1.25
2014.06.17 14:34:53.911,0.93353,0.93362,2.52,1.19
2014.06.17 14:34:55.294,0.93354,0.93362,1.00,1.19
2014.06.17 14:34:55.345,0.93354,0.93363,1.19,1.10
2014.06.17 14:34:55.597,0.93355,0.93364,2.89,1.25
2014.06.17 14:34:56.103,0.93357,0.93366,2.82,1.77
2014.06.17 14:34:56.824,0.93357,0.93366,3.57,1.02
2014.06.17 14:34:57.848,0.93357,0.93365,3.57,1.10
2014.06.17 14:34:58.202,0.93357,0.93364,2.25,1.19
2014.06.17 14:34:58.252,0.93355,0.93364,1.02,1.19
2014.06.17 14:34:58.353,0.93356,0.93364,1.38,1.19
2014.06.17 14:34:58.606,0.93357,0.93365,1.63,1.25
2014.06.17 14:34:59.111,0.93357,0.93365,1.25,1.25
2014.06.17 14:34:59.320,0.93354,0.93364,4.09,1.69
2014.06.17 14:35:03.923,0.93354,0.93363,2.44,2.89
2014.06.17 14:35:19.237,0.93354,0.93363,2.44,2.14
2014.06.17 14:35:19.773,0.93354,0.93363,3.19,2.14
2014.06.17 14:35:21.613,0.93354,0.93363,2.44,2.89
2014.06.17 14:35:54.949,0.93354,0.93363,4.02,1.25
2014.06.17 14:35:55.976,0.93354,0.93363,2.52,1.69
2014.06.17 14:35:59.919,0.93354,0.93362,1.50,1.69
2014.06.17 14:36:00.425,0.93352,0.93361,1.47,1.25
2014.06.17 14:36:00.953,0.93352,0.93361,1.47,1.25
2014.06.17 14:36:01.457,0.93352,0.93361,2.97,1.69
2014.06.17 14:36:01.709,0.93354,0.93363,1.77,2.44
2014.06.17 14:36:02.237,0.93353,0.93361,1.00,1.69
2014.06.17 14:36:02.788,0.93352,0.93361,1.39,1.69
2014.06.17 14:36:03.555,0.93353,0.93361,1.00,1.69
2014.06.17 14:36:03.959,0.93354,0.93362,1.25,1.25
2014.06.17 14:36:04.598,0.93355,0.93362,1.00,1.25
2014.06.17 14:36:06.047,0.93355,0.93363,1.25,2.52
2014.06.17 14:36:07.083,0.93355,0.93363,1.00,3.27
2014.06.17 14:36:10.282,0.93354,0.93363,1.25,2.52
2014.06.17 14:36:10.802,0.93355,0.93363,1.00,2.52
2014.06.17 14:36:12.289,0.93356,0.93363,1.00,2.52
2014.06.17 14:36:12.390,0.93354,0.93362,1.00,1.19
2014.06.17 14:36:12.912,0.93352,0.93361,2.22,1.25
2014.06.17 14:36:14.148,0.93354,0.93361,1.00,1.25
2014.06.17 14:36:14.802,0.93353,0.93362,1.25,1.29
2014.06.17 14:36:15.364,0.93354,0.93362,1.00,1.19
2014.06.17 14:36:15.878,0.93354,0.93363,2.44,2.52
2014.06.17 14:36:19.645,0.93353,0.93362,1.02,1.19
2014.06.17 14:36:20.633,0.93351,0.93361,3.72,1.69
2014.06.17 14:36:21.458,0.93351,0.93361,5.22,1.69
2014.06.17 14:36:21.967,0.93353,0.93363,4.02,3.27
2014.06.17 14:36:22.984,0.93354,0.93363,1.19,2.52
2014.06.17 14:36:23.591,0.93354,0.93362,1.50,1.19
2014.06.17 14:36:24.111,0.93352,0.93361,1.47,1.25
2014.06.17 14:36:24.660,0.93351,0.93361,5.22,1.69
2014.06.17 14:36:25.367,0.93353,0.93362,2.14,1.25
2014.06.17 14:36:26.410,0.93354,0.93363,2.82,2.52
2014.06.17 14:36:28.683,0.93354,0.93363,2.82,2.52
2014.06.17 14:36:32.628,0.93354,0.93363,4.32,1.77
2014.06.17 14:36:47.381,0.93355,0.93362,1.25,1.45
2014.06.17 14:36:47.432,0.93353,0.93362,1.50,1.74
2014.06.17 14:36:47.483,0.93353,0.93362,1.00,2.22
2014.06.17 14:36:47.811,0.93351,0.9336,1.25,1.37
2014.06.17 14:36:48.357,0.93351,0.93361,2.89,2.52
2014.06.17 14:36:48.861,0.93353,0.93361,1.10,2.44
2014.06.17 14:36:49.387,0.93354,0.93362,1.00,1.69
2014.06.17 14:36:49.898,0.93354,0.93362,1.69,1.25
2014.06.17 14:36:50.441,0.93354,0.93362,2.44,1.00
2014.06.17 14:36:57.506,0.93354,0.93362,1.69,1.25
2014.06.17 14:36:58.335,0.93356,0.93362,1.00,1.25
2014.06.17 14:36:58.537,0.93358,0.93365,1.00,1.25
2014.06.17 14:36:58.992,0.93356,0.93365,1.02,2.07
2014.06.17 14:36:59.977,0.93355,0.93364,1.25,2.14
2014.06.17 14:37:00.078,0.93358,0.93364,1.00,1.77
2014.06.17 14:37:00.280,0.93358,0.93366,1.25,1.25
2014.06.17 14:37:00.827,0.93359,0.93367,1.00,1.39
2014.06.17 14:37:02.929,0.93359,0.93366,1.00,1.19
2014.06.17 14:37:04.619,0.9336,0.93366,1.00,1.19
2014.06.17 14:37:05.159,0.9336,0.93367,1.00,1.39
2014.06.17 14:37:05.361,0.93363,0.93368,1.00,1.00
2014.06.17 14:37:05.820,0.93363,0.93371,1.00,1.19
2014.06.17 14:37:06.390,0.93364,0.93371,1.00,1.29
2014.06.17 14:37:06.542,0.93364,0.93373,1.25,2.52
2014.06.17 14:37:07.466,0.93362,0.93371,1.77,1.19
2014.06.17 14:37:09.466,0.93362,0.93371,2.59,1.69
2014.06.17 14:37:10.058,0.93363,0.93372,2.44,1.29
2014.06.17 14:37:10.568,0.93364,0.93372,1.10,1.19
2014.06.17 14:37:11.094,0.93364,0.93373,1.02,1.69
2014.06.17 14:37:16.918,0.93363,0.93372,3.27,1.19
2014.06.17 14:37:17.431,0.93363,0.93372,1.09,1.69
2014.06.17 14:37:17.995,0.93362,0.93371,1.47,1.19
2014.06.17 14:37:18.927,0.93364,0.93372,1.10,1.19
2014.06.17 14:37:19.471,0.93362,0.93371,1.40,1.19
2014.06.17 14:37:21.622,0.93363,0.93373,1.84,3.57
2014.06.17 14:37:21.925,0.93363,0.93371,1.08,1.19
2014.06.17 14:37:23.916,0.93364,0.93373,1.02,1.19
2014.06.17 14:37:24.904,0.93365,0.93373,1.00,1.19
2014.06.17 14:37:25.916,0.93363,0.93373,2.59,2.44
2014.06.17 14:37:26.560,0.93362,0.93372,2.59,2.44
2014.06.17 14:37:27.086,0.93362,0.93371,1.84,1.19
2014.06.17 14:37:27.598,0.93362,0.93371,4.09,1.19
2014.06.17 14:37:28.103,0.93364,0.93372,1.00,1.19
2014.06.17 14:37:28.986,0.93364,0.93373,1.00,1.02
2014.06.17 14:37:29.523,0.93364,0.93373,1.25,1.77
2014.06.17 14:37:33.880,0.93363,0.93372,1.02,1.19
2014.06.17 14:37:34.991,0.93362,0.93371,1.40,1.19
2014.06.17 14:37:35.495,0.93362,0.93371,1.09,1.19
2014.06.17 14:37:36.030,0.93362,0.93371,1.84,1.19
2014.06.17 14:37:36.678,0.93362,0.93371,1.09,1.19
2014.06.17 14:37:37.493,0.93362,0.93371,1.09,1.19
2014.06.17 14:37:38.004,0.93362,0.93371,3.34,1.19
2014.06.17 14:37:38.792,0.93362,0.93371,1.77,1.29
2014.06.17 14:37:47.756,0.93362,0.93372,1.69,2.59
2014.06.17 14:37:48.760,0.93362,0.93371,1.25,1.29
2014.06.17 14:37:50.086,0.93362,0.93372,1.69,2.59
2014.06.17 14:37:51.173,0.93362,0.93371,1.69,1.29
2014.06.17 14:37:52.683,0.93362,0.93372,2.44,2.59
2014.06.17 14:37:58.603,0.93362,0.93371,1.69,1.29
2014.06.17 14:38:00.680,0.93362,0.93372,1.69,1.47
2014.06.17 14:38:01.204,0.93362,0.93371,1.25,1.29
2014.06.17 14:38:07.325,0.93363,0.93371,1.00,1.19
2014.06.17 14:38:07.779,0.93363,0.93372,1.69,1.77
2014.06.17 14:38:28.101,0.93365,0.93373,1.00,1.19
2014.06.17 14:38:34.564,0.93366,0.93374,1.25,1.33
2014.06.17 14:38:34.665,0.93366,0.93375,2.44,1.02
2014.06.17 14:38:35.173,0.93367,0.93375,1.10,1.69
2014.06.17 14:38:35.690,0.93366,0.93375,1.02,1.32
2014.06.17 14:38:36.195,0.93366,0.93374,1.00,1.19
2014.06.17 14:38:48.808,0.93365,0.93374,1.69,1.29
2014.06.17 14:39:00.703,0.93366,0.93374,1.00,1.29
2014.06.17 14:39:02.839,0.93365,0.93373,1.77,1.25
2014.06.17 14:39:07.342,0.93366,0.93374,1.00,1.19
2014.06.17 14:39:09.102,0.93365,0.93374,1.77,1.19
2014.06.17 14:39:09.888,0.93366,0.93374,1.00,1.19
2014.06.17 14:39:10.393,0.93365,0.93374,1.77,1.19
2014.06.17 14:39:10.898,0.93366,0.93374,1.00,1.19
2014.06.17 14:39:11.897,0.93365,0.93374,1.69,1.29
2014.06.17 14:39:16.348,0.93365,0.93372,1.25,1.00
2014.06.17 14:39:16.853,0.93362,0.93371,1.84,2.44
2014.06.17 14:39:17.394,0.93362,0.93371,1.40,1.69
2014.06.17 14:39:17.898,0.93363,0.93372,1.84,1.25
2014.06.17 14:39:18.442,0.93364,0.93373,1.29,1.25
2014.06.17 14:39:22.478,0.93363,0.93373,3.34,1.69
2014.06.17 14:39:24.483,0.93363,0.93373,3.34,1.69
2014.06.17 14:39:24.987,0.93363,0.93373,3.34,1.69
2014.06.17 14:39:28.336,0.93364,0.93373,1.19,1.02
2014.06.17 14:39:30.307,0.93363,0.93373,4.09,1.69
2014.06.17 14:39:31.831,0.93364,0.93373,1.29,1.25
2014.06.17 14:39:33.522,0.93363,0.93373,3.34,1.25
2014.06.17 14:39:34.024,0.93364,0.93373,1.29,1.25
2014.06.17 14:39:35.161,0.93363,0.93373,4.09,1.69
2014.06.17 14:39:37.174,0.93364,0.93373,1.19,1.02
2014.06.17 14:39:42.335,0.93364,0.93371,1.29,1.00
2014.06.17 14:39:42.487,0.93362,0.93371,1.47,2.44
2014.06.17 14:39:43.175,0.93362,0.9337,1.47,1.69
2014.06.17 14:39:45.583,0.93364,0.93372,1.58,1.69
2014.06.17 14:39:46.389,0.93364,0.93373,1.69,2.59
2014.06.17 14:39:50.635,0.93364,0.93371,1.69,1.00
2014.06.17 14:39:51.158,0.93362,0.9337,3.72,1.00
2014.06.17 14:39:51.678,0.93362,0.9337,2.97,1.00
2014.06.17 14:39:52.208,0.93362,0.9337,2.22,1.25
2014.06.17 14:39:52.713,0.93366,0.93371,1.50,1.25
2014.06.17 14:39:52.814,0.93364,0.93372,1.58,1.69
2014.06.17 14:39:53.651,0.93364,0.93372,1.69,1.25
2014.06.17 14:40:00.614,0.93364,0.93371,1.77,1.00
2014.06.17 14:40:00.766,0.93362,0.93371,2.89,1.69
2014.06.17 14:40:01.536,0.93362,0.9337,1.84,1.25
2014.06.17 14:40:02.060,0.93362,0.9337,1.77,1.25
2014.06.17 14:40:02.414,0.93364,0.93371,1.69,1.00
2014.06.17 14:40:02.970,0.93364,0.93373,1.69,2.89
2014.06.17 14:40:03.500,0.93364,0.93373,2.44,2.14
2014.06.17 14:40:06.640,0.93363,0.93373,4.02,2.52
2014.06.17 14:40:19.087,0.93364,0.93373,1.19,1.02
2014.06.17 14:40:19.759,0.93364,0.93373,1.19,1.09
2014.06.17 14:40:20.306,0.93364,0.93373,1.19,1.02
2014.06.17 14:40:22.184,0.93363,0.93373,4.02,1.77
2014.06.17 14:40:24.236,0.93364,0.93373,1.19,1.02
2014.06.17 14:40:26.361,0.93364,0.93373,1.25,1.77
2014.06.17 14:40:27.350,0.93364,0.93373,1.69,1.02
2014.06.17 14:40:28.925,0.93364,0.93373,1.69,1.33
2014.06.17 14:40:29.475,0.93364,0.93373,1.25,1.77
2014.06.17 14:40:31.610,0.93365,0.93374,1.25,1.84
2014.06.17 14:40:32.584,0.93364,0.93373,1.25,1.77
2014.06.17 14:40:37.863,0.93364,0.93373,1.77,1.69
2014.06.17 14:40:38.368,0.93364,0.93373,2.52,1.25
2014.06.17 14:40:41.278,0.93364,0.93373,1.84,1.69
2014.06.17 14:40:41.610,0.93364,0.9337,1.00,1.00
2014.06.17 14:40:42.154,0.93362,0.9337,1.09,1.69
2014.06.17 14:40:42.670,0.93362,0.9337,1.40,1.69
2014.06.17 14:40:43.188,0.93364,0.93371,1.00,1.25
2014.06.17 14:40:44.225,0.93364,0.9337,1.00,1.00
2014.06.17 14:40:44.479,0.9336,0.93369,1.02,1.57
2014.06.17 14:40:44.984,0.93359,0.93367,1.19,1.58
2014.06.17 14:40:45.313,0.93357,0.93367,3.27,2.52
2014.06.17 14:40:48.433,0.93357,0.93366,1.77,1.19
2014.06.17 14:40:49.551,0.93358,0.93366,1.00,1.29
2014.06.17 14:40:51.331,0.93359,0.93366,1.00,1.29
2014.06.17 14:40:56.276,0.93359,0.93367,1.00,2.22
2014.06.17 14:41:03.616,0.93359,0.93367,1.00,2.22
2014.06.17 14:41:04.140,0.93359,0.93367,1.00,2.22
2014.06.17 14:41:04.662,0.93359,0.93367,1.00,2.22
2014.06.17 14:41:05.521,0.93358,0.93367,1.25,2.97
2014.06.17 14:41:05.723,0.93355,0.93365,2.52,2.52
2014.06.17 14:41:06.228,0.93355,0.93363,1.29,1.00
2014.06.17 14:41:07.105,0.93354,0.93363,2.22,1.25
2014.06.17 14:41:14.062,0.93354,0.93361,1.47,1.00
2014.06.17 14:41:14.434,0.93353,0.9336,1.25,1.50
2014.06.17 14:41:15.724,0.93351,0.9336,2.22,1.69
2014.06.17 14:41:16.229,0.93351,0.9336,2.22,1.69
2014.06.17 14:41:17.439,0.93353,0.93362,1.77,1.25
2014.06.17 14:41:17.641,0.93353,0.9336,1.29,1.00
2014.06.17 14:41:18.145,0.93353,0.93361,1.19,1.00
2014.06.17 14:41:18.739,0.93351,0.93361,3.34,1.69
2014.06.17 14:41:19.266,0.93353,0.93363,3.27,3.27
2014.06.17 14:41:21.327,0.93354,0.93363,1.19,1.02
2014.06.17 14:41:22.355,0.93354,0.93363,1.25,1.29
2014.06.17 14:41:28.360,0.93354,0.93364,2.44,2.97
2014.06.17 14:41:29.361,0.93354,0.93363,1.69,1.29
2014.06.17 14:41:31.043,0.93355,0.93363,1.19,1.10
2014.06.17 14:41:31.347,0.93359,0.93365,1.00,1.77
2014.06.17 14:41:31.701,0.93356,0.93365,1.25,1.84
2014.06.17 14:41:32.691,0.93355,0.93364,1.25,1.37
2014.06.17 14:41:33.223,0.93354,0.93364,2.82,1.84
2014.06.17 14:41:33.756,0.93354,0.93364,2.07,1.37
2014.06.17 14:41:34.306,0.93354,0.93363,2.07,1.09
2014.06.17 14:41:34.840,0.93354,0.93363,2.07,1.37
2014.06.17 14:41:35.676,0.93354,0.93364,2.82,1.84
2014.06.17 14:41:37.582,0.93354,0.93363,1.69,1.33
2014.06.17 14:41:38.099,0.93354,0.93363,1.69,1.37
2014.06.17 14:41:41.339,0.93354,0.93364,2.44,1.84
2014.06.17 14:41:41.858,0.93354,0.93364,2.44,1.84
2014.06.17 14:41:43.806,0.93354,0.93364,2.44,1.84
2014.06.17 14:41:45.741,0.93354,0.93363,1.25,1.37
2014.06.17 14:41:46.972,0.93354,0.93364,1.69,1.84
2014.06.17 14:41:51.453,0.93354,0.93364,1.69,2.22
2014.06.17 14:41:53.191,0.93354,0.93363,1.25,1.37
2014.06.17 14:41:55.901,0.93354,0.93363,1.19,1.02
2014.06.17 14:41:58.407,0.93354,0.93364,1.25,1.47
2014.06.17 14:41:58.909,0.93354,0.93363,1.19,1.02
2014.06.17 14:42:00.076,0.93354,0.93363,1.25,1.29
2014.06.17 14:42:00.876,0.93354,0.93363,1.25,1.47
2014.06.17 14:42:01.612,0.93349,0.93355,1.08,1.38
2014.06.17 14:42:01.713,0.93347,0.93353,1.00,1.00
2014.06.17 14:42:01.864,0.93342,0.93351,1.15,1.25
2014.06.17 14:42:01.966,0.93343,0.93351,1.25,1.00
2014.06.17 14:42:02.067,0.93346,0.93353,1.00,1.37
2014.06.17 14:42:02.320,0.93344,0.93353,1.25,1.29
2014.06.17 14:42:02.930,0.93344,0.93353,1.69,1.02
2014.06.17 14:42:03.435,0.93344,0.93352,1.69,1.10
2014.06.17 14:42:04.028,0.93344,0.93353,1.25,1.84
2014.06.17 14:42:04.131,0.93342,0.93348,4.20,1.00
2014.06.17 14:42:04.434,0.93338,0.93345,1.25,1.15
2014.06.17 14:42:04.636,0.93336,0.93345,1.69,1.77
2014.06.17 14:42:04.888,0.93335,0.93342,1.25,1.00
2014.06.17 14:42:05.654,0.93335,0.93341,1.25,1.00
2014.06.17 14:42:08.393,0.93335,0.93342,1.00,1.25
2014.06.17 14:42:09.067,0.93335,0.93344,1.25,2.52
2014.06.17 14:42:13.852,0.93334,0.93342,1.29,1.00
2014.06.17 14:42:14.155,0.93332,0.93339,1.09,1.00
2014.06.17 14:42:14.977,0.93332,0.93339,1.02,1.00
2014.06.17 14:42:15.371,0.9333,0.93336,1.58,1.00
2014.06.17 14:42:15.876,0.93329,0.93337,2.59,1.00
2014.06.17 14:42:16.389,0.93329,0.93338,3.34,1.25
2014.06.17 14:42:17.621,0.9333,0.93336,1.10,1.00
2014.06.17 14:42:17.824,0.93326,0.93334,1.10,1.00
2014.06.17 14:42:18.329,0.93326,0.93335,1.09,1.19
2014.06.17 14:42:18.834,0.93327,0.93336,1.25,1.27
2014.06.17 14:42:19.339,0.93326,0.93335,1.02,1.19
2014.06.17 14:42:20.289,0.93325,0.93334,2.59,1.69
2014.06.17 14:42:21.300,0.93325,0.93334,1.84,1.69
2014.06.17 14:42:23.305,0.93325,0.93334,1.25,1.84
2014.06.17 14:42:24.305,0.93323,0.93333,3.57,1.84
2014.06.17 14:42:27.674,0.93323,0.93333,3.19,1.84
2014.06.17 14:42:28.078,0.93323,0.93329,1.00,1.00
2014.06.17 14:42:28.583,0.93321,0.93328,2.52,1.00
2014.06.17 14:42:29.112,0.93321,0.93329,1.77,1.00
2014.06.17 14:42:30.837,0.93321,0.9333,1.77,1.25
2014.06.17 14:42:31.344,0.93321,0.9333,1.69,1.00
2014.06.17 14:42:31.903,0.93321,0.9333,1.69,1.00
2014.06.17 14:42:38.641,0.93321,0.93327,1.77,1.00
2014.06.17 14:42:39.614,0.93321,0.93328,1.77,1.00
2014.06.17 14:42:41.400,0.93321,0.93327,2.14,1.00
2014.06.17 14:42:43.359,0.93321,0.93329,2.14,1.00
2014.06.17 14:42:48.332,0.93321,0.9333,2.07,1.02
2014.06.17 14:42:51.042,0.93322,0.93331,1.19,1.77
2014.06.17 14:42:52.260,0.93322,0.93331,1.19,1.77
2014.06.17 14:42:52.932,0.93322,0.93331,1.19,1.77
2014.06.17 14:42:54.917,0.93322,0.93331,1.19,1.84
2014.06.17 14:42:55.422,0.93321,0.9333,2.07,1.02
2014.06.17 14:42:56.177,0.93321,0.93329,1.29,1.00
2014.06.17 14:42:56.682,0.9332,0.93329,3.19,1.33
2014.06.17 14:42:57.191,0.93321,0.9333,1.19,1.84
2014.06.17 14:42:57.844,0.93321,0.9333,1.19,1.84
2014.06.17 14:42:58.386,0.9332,0.9333,3.19,2.59
2014.06.17 14:43:00.426,0.93321,0.9333,1.29,1.25
2014.06.17 14:43:07.359,0.93321,0.9333,1.32,1.84
2014.06.17 14:43:07.864,0.9332,0.93329,5.07,1.02
2014.06.17 14:43:10.589,0.93321,0.9333,1.19,1.84
2014.06.17 14:43:11.210,0.93321,0.9333,1.19,1.77
2014.06.17 14:43:11.476,0.9332,0.93328,1.77,1.32
2014.06.17 14:43:11.808,0.93319,0.93327,1.19,1.28
2014.06.17 14:43:11.961,0.93319,0.93327,1.19,1.18
2014.06.17 14:43:12.113,0.93319,0.93329,2.14,1.77
2014.06.17 14:43:13.119,0.9332,0.93329,1.19,1.02
2014.06.17 14:43:15.175,0.93321,0.93329,1.39,1.00
2014.06.17 14:43:23.300,0.93321,0.93329,2.52,1.25
2014.06.17 14:43:24.463,0.93321,0.93329,1.10,2.07
2014.06.17 14:43:24.564,0.93321,0.93329,1.00,1.84
2014.06.17 14:43:24.867,0.93326,0.9333,2.25,2.18
2014.06.17 14:43:24.918,0.93326,0.93331,3.19,2.18
2014.06.17 14:43:25.019,0.93328,0.93333,2.44,1.50
2014.06.17 14:43:25.323,0.93329,0.93336,1.69,1.18
2014.06.17 14:43:25.626,0.9333,0.93337,1.69,1.50
2014.06.17 14:43:26.406,0.93329,0.93337,2.44,1.39
2014.06.17 14:43:26.710,0.93328,0.93335,1.19,1.15
2014.06.17 14:43:27.226,0.93328,0.93336,1.19,1.15
2014.06.17 14:43:27.963,0.93327,0.93336,4.69,1.40
2014.06.17 14:43:29.696,0.93327,0.93336,4.69,1.09
2014.06.17 14:43:30.210,0.93327,0.93336,4.69,1.09
2014.06.17 14:43:30.819,0.93327,0.93336,3.75,1.40
2014.06.17 14:43:31.123,0.93327,0.93336,3.00,1.40
2014.06.17 14:43:31.491,0.93327,0.93336,1.50,1.40
2014.06.17 14:43:32.018,0.93327,0.93335,2.44,1.18
2014.06.17 14:43:32.533,0.93329,0.93336,1.50,1.40
2014.06.17 14:43:33.053,0.93327,0.93335,2.44,1.18
2014.06.17 14:43:33.754,0.93327,0.93335,2.44,1.15
2014.06.17 14:43:34.308,0.93327,0.93335,1.69,1.40
2014.06.17 14:43:36.294,0.93326,0.93334,1.00,1.18
2014.06.17 14:43:36.397,0.93325,0.93331,1.00,1.00
2014.06.17 14:43:36.600,0.93322,0.93329,1.02,1.00
2014.06.17 14:43:37.106,0.93321,0.9333,3.34,1.25
2014.06.17 14:43:37.559,0.93324,0.93331,1.19,1.10
2014.06.17 14:43:38.557,0.93324,0.93332,1.19,1.18
2014.06.17 14:43:39.079,0.93324,0.93332,1.19,1.18
2014.06.17 14:43:39.388,0.93327,0.93333,1.38,1.00
2014.06.17 14:43:39.591,0.93329,0.93338,2.33,1.25
2014.06.17 14:43:40.095,0.93329,0.93339,3.57,1.84
2014.06.17 14:43:40.610,0.9333,0.93339,1.19,1.84
2014.06.17 14:43:40.716,0.93329,0.93338,1.25,1.67
2014.06.17 14:43:40.767,0.93329,0.93338,1.25,3.57
2014.06.17 14:43:40.920,0.93325,0.93334,1.19,1.02
2014.06.17 14:43:41.021,0.93325,0.93334,1.19,1.40
2014.06.17 14:43:41.976,0.93324,0.93334,1.69,3.34
2014.06.17 14:43:44.063,0.93324,0.93334,2.89,2.52
2014.06.17 14:43:44.366,0.93329,0.93337,1.69,1.02
2014.06.17 14:43:44.669,0.9333,0.93339,1.19,1.77
2014.06.17 14:43:45.221,0.9333,0.93339,1.19,1.09
2014.06.17 14:43:45.772,0.9333,0.9334,1.69,2.59
2014.06.17 14:43:46.346,0.9333,0.93339,1.69,1.09
2014.06.17 14:43:47.232,0.9333,0.93339,1.25,2.22
2014.06.17 14:43:47.536,0.93327,0.93336,2.44,1.40
2014.06.17 14:43:50.185,0.93327,0.93336,2.44,1.84
2014.06.17 14:43:52.611,0.93329,0.93336,1.50,1.09
2014.06.17 14:43:53.122,0.93327,0.93336,3.19,1.09
2014.06.17 14:43:55.533,0.93329,0.93336,1.00,1.09
2014.06.17 14:43:55.835,0.93331,0.93337,1.25,1.10
2014.06.17 14:43:55.937,0.93331,0.93339,1.25,1.77
2014.06.17 14:43:55.988,0.93331,0.93338,1.00,1.19
2014.06.17 14:43:56.292,0.93327,0.93334,1.69,1.00
2014.06.17 14:43:56.798,0.93327,0.93335,1.19,1.18
2014.06.17 14:43:58.383,0.93327,0.93335,1.19,1.10
2014.06.17 14:43:59.262,0.93327,0.93335,1.19,1.18
2014.06.17 14:43:59.820,0.93326,0.93335,1.69,1.09
2014.06.17 14:44:00.492,0.93326,0.93335,3.19,1.02
2014.06.17 14:44:00.846,0.93328,0.93337,1.19,1.15
2014.06.17 14:44:01.048,0.93328,0.93337,2.82,1.02
2014.06.17 14:44:01.463,0.93328,0.93335,1.69,1.00
2014.06.17 14:44:01.968,0.93327,0.93335,1.19,1.10
2014.06.17 14:44:05.686,0.93326,0.93335,1.69,1.02
2014.06.17 14:44:06.211,0.93326,0.93335,2.44,1.09
2014.06.17 14:44:06.733,0.93327,0.93335,1.19,1.10
2014.06.17 14:44:07.396,0.93327,0.93336,1.69,1.77
2014.06.17 14:44:07.947,0.93328,0.93336,1.69,1.10
2014.06.17 14:44:08.807,0.93328,0.93335,1.69,1.00
2014.06.17 14:44:09.699,0.93327,0.93335,1.69,1.10
2014.06.17 14:44:12.029,0.93326,0.93335,1.69,1.02
2014.06.17 14:44:15.920,0.93327,0.93337,1.69,3.34
2014.06.17 14:44:17.463,0.93329,0.93336,1.19,1.65
2014.06.17 14:44:17.666,0.93329,0.93338,2.07,1.02
2014.06.17 14:44:18.601,0.9333,0.93338,1.19,1.10
2014.06.17 14:44:19.364,0.9333,0.93339,1.19,1.84
2014.06.17 14:44:19.880,0.9333,0.93338,1.19,1.10
2014.06.17 14:44:22.738,0.93331,0.93339,1.19,1.65
2014.06.17 14:44:23.611,0.93329,0.93339,5.07,1.65
2014.06.17 14:44:24.137,0.93331,0.93339,1.19,1.65
2014.06.17 14:44:25.358,0.9333,0.93339,1.19,1.09
2014.06.17 14:44:25.661,0.93333,0.9334,1.00,1.19
2014.06.17 14:44:25.936,0.93334,0.93342,1.29,1.00
2014.06.17 14:44:26.188,0.93336,0.93343,1.69,1.50
2014.06.17 14:44:26.239,0.93336,0.93345,1.69,1.02
2014.06.17 14:44:26.871,0.93337,0.93345,1.19,1.10
2014.06.17 14:44:27.384,0.93339,0.93345,1.50,1.10
2014.06.17 14:44:27.924,0.93337,0.93345,1.19,1.58
2014.06.17 14:44:29.360,0.93338,0.93345,1.37,1.00
2014.06.17 14:44:29.411,0.93339,0.93347,1.02,1.25
2014.06.17 14:44:29.928,0.9334,0.93347,1.25,1.00
2014.06.17 14:44:30.723,0.9334,0.93346,1.25,1.00
2014.06.17 14:44:30.925,0.93338,0.93346,1.25,1.02
2014.06.17 14:44:32.503,0.93337,0.93346,1.19,1.09
2014.06.17 14:44:33.152,0.93337,0.93346,1.19,1.02
2014.06.17 14:44:34.374,0.93337,0.93346,1.19,1.33
2014.06.17 14:44:35.031,0.93337,0.93346,1.19,1.02
2014.06.17 14:44:35.572,0.93336,0.93346,2.89,2.52
2014.06.17 14:44:38.101,0.93336,0.93344,2.82,1.00
2014.06.17 14:44:38.456,0.93335,0.93344,1.25,2.22
2014.06.17 14:44:40.273,0.93336,0.93342,1.32,1.00
2014.06.17 14:44:40.338,0.93336,0.93345,1.32,1.77
2014.06.17 14:44:41.233,0.93337,0.93345,1.19,1.10
2014.06.17 14:44:42.478,0.93336,0.93345,1.32,1.77
2014.06.17 14:44:45.198,0.93337,0.93345,1.19,1.58
2014.06.17 14:44:46.282,0.93336,0.93345,2.07,1.77
2014.06.17 14:44:49.429,0.93337,0.93345,1.19,1.58
2014.06.17 14:44:51.515,0.93336,0.93345,2.07,1.02
2014.06.17 14:44:55.102,0.93336,0.93345,1.57,1.02
2014.06.17 14:44:58.270,0.93336,0.93345,1.57,1.33
2014.06.17 14:44:58.839,0.93336,0.93345,1.57,1.02
2014.06.17 14:44:59.350,0.93336,0.93345,1.57,1.09
2014.06.17 14:45:00.087,0.93336,0.93345,1.57,1.02
2014.06.17 14:45:00.592,0.93336,0.93345,1.57,1.09
2014.06.17 14:45:01.098,0.93336,0.93345,1.57,1.02
2014.06.17 14:45:01.920,0.93336,0.93345,1.57,1.09
2014.06.17 14:45:04.401,0.93336,0.93345,2.07,1.09
2014.06.17 14:45:04.908,0.93335,0.93343,1.25,1.25
2014.06.17 14:45:05.413,0.93334,0.93342,1.69,1.00
2014.06.17 14:45:06.122,0.93333,0.93341,1.00,2.07
2014.06.17 14:45:06.476,0.93331,0.93339,1.77,1.08
2014.06.17 14:45:06.779,0.93331,0.93336,1.02,1.00
2014.06.17 14:45:06.881,0.93332,0.93341,1.25,1.18
2014.06.17 14:45:06.932,0.93334,0.93341,1.69,1.18
2014.06.17 14:45:07.084,0.93333,0.93343,2.52,2.52
2014.06.17 14:45:08.153,0.93334,0.93343,1.19,1.77
2014.06.17 14:45:08.857,0.93336,0.93343,1.57,1.00
2014.06.17 14:45:09.009,0.93336,0.93345,2.07,1.77
2014.06.17 14:45:09.750,0.93337,0.93347,2.07,2.59
2014.06.17 14:45:10.291,0.93337,0.93347,2.82,2.59
2014.06.17 14:45:11.550,0.93337,0.93347,2.89,2.52
2014.06.17 14:45:11.752,0.93341,0.93348,1.19,1.65
2014.06.17 14:45:12.134,0.93344,0.93353,1.25,4.02
2014.06.17 14:45:12.387,0.93345,0.93353,1.00,1.77
2014.06.17 14:45:12.943,0.93344,0.93353,1.25,1.77
2014.06.17 14:45:13.451,0.93345,0.93353,1.25,1.02
2014.06.17 14:45:14.116,0.93345,0.93353,1.25,1.33
2014.06.17 14:45:14.620,0.93345,0.93353,1.25,1.02
2014.06.17 14:45:19.058,0.93346,0.93353,1.00,1.02
2014.06.17 14:45:19.159,0.93346,0.93353,2.07,1.00
2014.06.17 14:45:19.361,0.93348,0.93355,1.38,1.02
2014.06.17 14:45:20.231,0.93348,0.93356,1.63,1.25
2014.06.17 14:45:20.433,0.93348,0.93356,1.63,1.40
2014.06.17 14:45:20.935,0.93348,0.93356,1.63,1.09
2014.06.17 14:45:24.470,0.93348,0.93356,1.38,1.84
2014.06.17 14:45:25.128,0.93348,0.93356,1.63,1.40
2014.06.17 14:45:25.726,0.93348,0.93356,1.63,1.40
2014.06.17 14:45:26.259,0.93348,0.93356,1.38,1.84
2014.06.17 14:45:26.787,0.93348,0.93356,1.38,1.84
2014.06.17 14:45:27.426,0.93348,0.93356,1.63,1.40
2014.06.17 14:45:35.274,0.93347,0.93356,1.57,1.84
2014.06.17 14:45:36.220,0.93347,0.93356,1.57,1.84
2014.06.17 14:45:36.763,0.93347,0.93356,1.57,1.77
2014.06.17 14:45:37.541,0.93347,0.93356,1.57,1.84
2014.06.17 14:45:38.051,0.93347,0.93356,1.57,1.77
2014.06.17 14:45:38.572,0.93346,0.93356,2.89,2.52
2014.06.17 14:45:39.593,0.93347,0.93356,1.57,1.77
2014.06.17 14:45:40.352,0.93347,0.93356,1.57,1.77
2014.06.17 14:45:47.388,0.93346,0.93355,2.07,1.02
2014.06.17 14:45:51.700,0.93346,0.93355,2.14,1.25
2014.06.17 14:45:52.828,0.93346,0.93355,1.39,1.69
2014.06.17 14:45:53.080,0.93342,0.93351,1.84,1.25
2014.06.17 14:45:53.585,0.93343,0.93353,1.84,3.57
2014.06.17 14:45:54.465,0.93344,0.93353,1.69,1.39
2014.06.17 14:45:55.446,0.93344,0.93353,1.25,1.20
2014.06.17 14:45:55.962,0.93344,0.93353,1.69,1.39
2014.06.17 14:46:05.448,0.93345,0.93354,1.29,2.44
2014.06.17 14:46:06.445,0.93345,0.93354,1.02,2.44
2014.06.17 14:46:07.534,0.93345,0.93354,1.77,1.69
2014.06.17 14:46:08.541,0.93344,0.93354,2.59,2.44
2014.06.17 14:46:09.932,0.93344,0.93351,1.18,1.25
2014.06.17 14:46:10.235,0.93341,0.93349,3.34,1.00
2014.06.17 14:46:10.639,0.93343,0.93351,1.09,1.25
2014.06.17 14:46:11.149,0.93342,0.93351,1.84,1.25
2014.06.17 14:46:11.670,0.93341,0.93351,2.59,2.44
2014.06.17 14:46:12.209,0.93341,0.9335,2.44,1.09
2014.06.17 14:46:13.134,0.9334,0.93348,1.00,3.38
2014.06.17 14:46:13.337,0.93337,0.93347,3.19,1.84
2014.06.17 14:46:13.842,0.93337,0.93345,1.69,1.09
2014.06.17 14:46:14.095,0.93335,0.93344,1.25,1.84
2014.06.17 14:46:16.078,0.93334,0.93342,1.69,1.00
2014.06.17 14:46:16.331,0.93333,0.93341,1.25,1.69
2014.06.17 14:46:16.920,0.93332,0.9334,1.29,1.00
2014.06.17 14:46:18.555,0.93332,0.93341,1.29,1.69
2014.06.17 14:46:20.948,0.93333,0.93343,2.89,2.52
2014.06.17 14:46:21.849,0.93334,0.93344,1.69,3.72
2014.06.17 14:46:33.687,0.93334,0.93344,1.77,1.77
2014.06.17 14:46:34.231,0.93334,0.93344,2.52,2.52
2014.06.17 14:46:40.266,0.93335,0.93344,1.19,2.52
2014.06.17 14:46:42.782,0.93334,0.93344,2.89,3.27
2014.06.17 14:46:49.150,0.93335,0.93344,1.19,1.77
2014.06.17 14:46:49.638,0.93336,0.93345,1.74,3.00
2014.06.17 14:46:49.943,0.93341,0.93349,1.02,1.25
2014.06.17 14:46:50.474,0.93342,0.93349,1.00,1.25
2014.06.17 14:46:55.290,0.93342,0.93349,1.09,1.00
2014.06.17 14:47:06.380,0.93342,0.93348,1.77,1.00
2014.06.17 14:47:06.885,0.93342,0.93348,1.25,1.00
2014.06.17 14:47:07.602,0.93342,0.93347,1.25,1.00
2014.06.17 14:47:08.119,0.93342,0.93348,1.25,1.00
2014.06.17 14:47:09.581,0.93342,0.93349,1.02,1.00
2014.06.17 14:47:11.588,0.93342,0.93349,1.69,1.00
2014.06.17 14:47:11.992,0.93342,0.93348,1.10,1.39
2014.06.17 14:47:12.195,0.93338,0.93345,1.00,1.09
2014.06.17 14:47:12.397,0.93338,0.93343,1.00,1.77
2014.06.17 14:47:12.498,0.93333,0.93343,2.52,3.27
2014.06.17 14:47:13.004,0.93334,0.93343,1.19,1.77
2014.06.17 14:47:13.730,0.93335,0.93343,1.25,1.09
2014.06.17 14:47:14.461,0.93335,0.93343,1.25,1.09
2014.06.17 14:47:14.682,0.93334,0.93342,1.19,1.48
2014.06.17 14:47:14.732,0.93332,0.93342,3.08,1.67
2014.06.17 14:47:14.834,0.93332,0.93341,2.44,1.34
2014.06.17 14:47:15.137,0.93331,0.93341,1.69,5.59
2014.06.17 14:47:15.592,0.93334,0.93342,1.00,1.19
2014.06.17 14:47:16.096,0.93334,0.93343,1.69,1.09
2014.06.17 14:47:18.168,0.93334,0.93339,1.00,1.00
2014.06.17 14:47:18.420,0.9333,0.93341,1.25,2.22
2014.06.17 14:47:18.522,0.93329,0.93338,1.00,2.63
2014.06.17 14:47:19.027,0.93327,0.93337,1.69,3.72
2014.06.17 14:47:19.935,0.93327,0.93336,1.25,1.37
2014.06.17 14:47:22.492,0.93328,0.93337,1.32,1.84
2014.06.17 14:47:22.644,0.9333,0.93338,1.25,2.52
2014.06.17 14:47:22.745,0.93332,0.93341,1.00,1.15
2014.06.17 14:47:22.846,0.93332,0.93342,1.02,3.27
2014.06.17 14:47:22.897,0.93333,0.93342,1.19,1.77
2014.06.17 14:47:23.907,0.93335,0.93343,1.00,2.22
2014.06.17 14:47:24.863,0.93335,0.93343,1.25,1.39
2014.06.17 14:47:26.434,0.93335,0.93344,1.25,2.97
2014.06.17 14:47:26.987,0.93335,0.93344,1.25,2.97
2014.06.17 14:47:41.276,0.93335,0.93343,1.00,1.29
2014.06.17 14:47:43.666,0.93335,0.93344,1.00,1.84
2014.06.17 14:47:44.170,0.93335,0.93343,1.00,1.19
2014.06.17 14:47:47.384,0.93333,0.93342,1.77,1.25
2014.06.17 14:47:47.687,0.93332,0.9334,1.25,1.09
2014.06.17 14:47:48.205,0.93331,0.93338,1.00,1.13
2014.06.17 14:47:48.508,0.9333,0.93336,1.25,1.00
2014.06.17 14:47:49.013,0.93329,0.93337,1.69,1.15
2014.06.17 14:47:49.662,0.93329,0.93336,1.69,1.10
2014.06.17 14:47:50.182,0.93329,0.93335,1.00,1.00
2014.06.17 14:47:56.881,0.93329,0.93336,1.25,1.10
2014.06.17 14:47:57.417,0.93329,0.93335,1.25,1.00
2014.06.17 14:47:58.638,0.93329,0.93336,1.00,1.02
2014.06.17 14:47:58.891,0.93327,0.93335,1.25,1.25
2014.06.17 14:47:59.411,0.93327,0.93334,1.25,1.00
2014.06.17 14:48:01.624,0.93327,0.93335,1.25,1.25
2014.06.17 14:48:02.571,0.93329,0.93336,1.00,1.29
2014.06.17 14:48:02.723,0.93329,0.93337,1.19,1.00
2014.06.17 14:48:02.824,0.93329,0.93339,2.89,1.77
2014.06.17 14:48:03.328,0.93331,0.9334,1.77,1.25
2014.06.17 14:48:04.898,0.93331,0.93341,1.84,2.44
2014.06.17 14:48:08.117,0.93333,0.93341,1.19,1.00
2014.06.17 14:48:10.128,0.93332,0.93341,1.77,1.25
2014.06.17 14:48:10.931,0.93332,0.93342,1.77,3.64
2014.06.17 14:48:11.452,0.93332,0.93342,1.69,2.97
2014.06.17 14:48:16.793,0.93332,0.93342,1.69,3.72
2014.06.17 14:48:17.301,0.93332,0.93342,1.77,2.89
2014.06.17 14:48:17.809,0.93332,0.93341,1.09,1.19
2014.06.17 14:48:18.644,0.93332,0.93341,1.02,1.19
2014.06.17 14:48:19.190,0.93332,0.93341,1.09,1.19
2014.06.17 14:48:20.806,0.93332,0.93341,1.84,1.25
2014.06.17 14:48:21.931,0.93332,0.93341,2.22,1.19
2014.06.17 14:48:22.135,0.93334,0.93342,1.69,1.69
2014.06.17 14:48:23.144,0.93334,0.93344,2.89,1.77
2014.06.17 14:48:28.626,0.93334,0.93343,1.39,1.19
2014.06.17 14:48:29.708,0.93334,0.93344,2.89,1.29
2014.06.17 14:48:41.705,0.93335,0.93343,1.25,1.33
2014.06.17 14:48:42.211,0.93335,0.93343,1.25,1.09
2014.06.17 14:48:45.648,0.93335,0.93344,1.69,1.37
2014.06.17 14:48:46.169,0.93335,0.93344,1.69,1.84
2014.06.17 14:48:47.224,0.93335,0.93343,1.69,1.09
2014.06.17 14:48:47.882,0.93335,0.93343,1.69,1.09
2014.06.17 14:48:52.855,0.93334,0.93341,1.77,1.00
2014.06.17 14:48:53.360,0.93333,0.9334,2.52,1.00
2014.06.17 14:48:53.908,0.93333,0.9334,1.77,1.00
2014.06.17 14:48:54.435,0.93333,0.9334,1.84,1.00
2014.06.17 14:48:54.946,0.93333,0.93341,1.84,1.25
2014.06.17 14:48:55.489,0.93333,0.93341,1.77,1.25
2014.06.17 14:48:55.793,0.93333,0.93338,1.00,2.74
2014.06.17 14:48:56.197,0.93327,0.93335,2.44,1.10
2014.06.17 14:48:56.904,0.93327,0.93335,1.25,1.69
2014.06.17 14:48:57.885,0.93327,0.93335,1.00,1.69
2014.06.17 14:48:58.887,0.93327,0.93335,1.25,1.25
2014.06.17 14:49:02.957,0.93327,0.93335,1.00,1.69
2014.06.17 14:49:03.604,0.93329,0.93335,1.00,1.69
2014.06.17 14:49:03.656,0.93329,0.93337,1.50,1.18
2014.06.17 14:49:03.758,0.93331,0.93338,1.00,1.08
2014.06.17 14:49:03.859,0.93331,0.93339,1.58,1.25
2014.06.17 14:49:04.365,0.93331,0.9334,2.52,1.25
2014.06.17 14:49:11.183,0.93332,0.93341,1.69,1.02
2014.06.17 14:49:12.381,0.93332,0.93341,1.25,1.77
2014.06.17 14:49:13.599,0.93332,0.9334,1.00,1.77
2014.06.17 14:49:13.902,0.93332,0.93339,1.00,1.27
2014.06.17 14:49:13.953,0.9333,0.93339,1.69,1.72
2014.06.17 14:49:14.105,0.9333,0.93337,1.00,1.40
2014.06.17 14:49:14.156,0.93327,0.93336,1.25,1.37
2014.06.17 14:49:15.116,0.93327,0.93335,1.00,1.19
2014.06.17 14:49:16.283,0.93327,0.93336,1.25,2.52
2014.06.17 14:49:17.254,0.93327,0.93335,1.00,1.19
2014.06.17 14:49:17.356,0.93329,0.93336,1.00,1.02
2014.06.17 14:49:17.662,0.93331,0.9334,1.25,2.22
2014.06.17 14:49:18.504,0.93331,0.93342,1.77,3.72
2014.06.17 14:49:19.048,0.93331,0.93341,2.52,1.39
2014.06.17 14:49:22.874,0.93331,0.9334,1.25,1.29
2014.06.17 14:49:23.437,0.93331,0.9334,1.25,1.84
2014.06.17 14:49:23.786,0.93329,0.93339,3.00,1.28
2014.06.17 14:49:23.837,0.93329,0.93338,3.00,3.38
2014.06.17 14:49:24.241,0.93327,0.93336,1.25,1.37
2014.06.17 14:49:24.887,0.93327,0.93335,1.00,1.77
2014.06.17 14:49:26.413,0.93327,0.93335,1.25,1.02
2014.06.17 14:49:27.440,0.93327,0.93335,1.00,1.77
2014.06.17 14:49:28.610,0.93327,0.93335,1.25,1.02
2014.06.17 14:49:30.778,0.93327,0.93335,1.00,1.77
2014.06.17 14:49:35.870,0.93327,0.93335,1.00,2.59
2014.06.17 14:49:36.377,0.93327,0.93335,1.00,2.59
2014.06.17 14:49:36.891,0.93327,0.93335,1.00,2.59
2014.06.17 14:49:37.408,0.93327,0.93335,1.00,2.52
2014.06.17 14:49:50.222,0.93327,0.93335,1.25,1.77
2014.06.17 14:49:52.705,0.93327,0.93335,1.25,1.09
2014.06.17 14:49:53.292,0.93327,0.93335,1.25,1.02
2014.06.17 14:49:54.273,0.93328,0.93335,1.00,1.02
2014.06.17 14:49:54.425,0.9333,0.93336,2.44,1.00
2014.06.17 14:49:54.526,0.9333,0.93339,2.52,1.69
2014.06.17 14:49:55.039,0.93332,0.9334,1.50,1.69
2014.06.17 14:49:55.140,0.93333,0.93342,1.69,2.97
2014.06.17 14:49:55.645,0.93334,0.93343,1.02,2.44
2014.06.17 14:49:56.248,0.93334,0.93343,1.69,1.77
2014.06.17 14:50:02.459,0.93335,0.93343,1.69,1.50
2014.06.17 14:50:04.188,0.93335,0.93343,1.02,1.69
2014.06.17 14:50:06.879,0.93334,0.93342,1.10,1.69
2014.06.17 14:50:07.423,0.93332,0.93341,1.84,1.25
2014.06.17 14:50:07.967,0.93332,0.93341,3.34,1.25
2014.06.17 14:50:08.539,0.93332,0.93341,1.77,1.25
2014.06.17 14:50:09.258,0.93332,0.93341,1.02,1.19
2014.06.17 14:50:10.274,0.93332,0.93341,1.33,1.19
2014.06.17 14:50:11.026,0.93332,0.93341,1.09,1.19
2014.06.17 14:50:11.732,0.93332,0.93342,1.77,2.14
2014.06.17 14:50:14.464,0.93332,0.93342,2.52,1.67
2014.06.17 14:50:14.617,0.93331,0.9334,1.58,1.10
2014.06.17 14:50:14.870,0.93333,0.93343,1.84,2.82
2014.06.17 14:50:15.224,0.93335,0.93344,1.09,1.19
2014.06.17 14:50:15.729,0.93335,0.93344,1.25,1.29
2014.06.17 14:50:23.628,0.93336,0.93345,1.69,1.40
2014.06.17 14:50:24.084,0.93338,0.93347,1.69,2.97
2014.06.17 14:50:24.601,0.93337,0.93345,1.25,1.02
2014.06.17 14:50:25.499,0.93336,0.93345,1.25,1.77
2014.06.17 14:50:26.036,0.93336,0.93345,1.25,1.84
2014.06.17 14:50:26.587,0.93336,0.93345,1.25,1.84
2014.06.17 14:50:29.619,0.93338,0.93345,1.50,1.84
2014.06.17 14:50:29.670,0.93338,0.93346,2.44,1.77
2014.06.17 14:50:29.926,0.93341,0.93347,1.50,1.84
2014.06.17 14:50:31.408,0.93341,0.93347,1.50,1.40
2014.06.17 14:50:31.459,0.93338,0.93347,4.69,1.40
2014.06.17 14:50:31.711,0.93337,0.93345,1.00,1.39
2014.06.17 14:50:32.239,0.93336,0.93345,1.25,1.84
2014.06.17 14:50:36.917,0.93336,0.93344,1.00,1.77
2014.06.17 14:50:42.610,0.93338,0.93344,1.25,1.10
2014.06.17 14:50:42.711,0.93338,0.93346,1.69,1.02
2014.06.17 14:50:42.963,0.9334,0.93346,1.50,1.09
2014.06.17 14:50:43.485,0.9334,0.93346,1.50,1.02
2014.06.17 14:50:44.021,0.9334,0.93346,1.50,1.18
2014.06.17 14:50:44.526,0.93338,0.93346,3.94,1.18
2014.06.17 14:50:45.067,0.93338,0.93346,3.94,1.09
2014.06.17 14:50:45.617,0.93335,0.93343,1.02,1.00
2014.06.17 14:50:47.116,0.93338,0.93343,1.00,1.00
2014.06.17 14:50:47.268,0.93338,0.93345,1.50,1.25
2014.06.17 14:50:47.802,0.93339,0.93346,1.00,2.14
2014.06.17 14:50:48.390,0.93339,0.93346,1.00,1.02
2014.06.17 14:50:50.198,0.93339,0.93346,1.00,1.18
2014.06.17 14:50:50.451,0.93337,0.93345,1.25,1.25
2014.06.17 14:50:50.977,0.93336,0.93345,1.25,2.22
2014.06.17 14:50:52.726,0.93336,0.93344,1.00,1.29
2014.06.17 14:50:58.668,0.93336,0.93345,1.25,1.84
2014.06.17 14:51:08.239,0.93336,0.93344,1.00,1.29
2014.06.17 14:51:09.231,0.93336,0.93345,1.02,1.69
2014.06.17 14:51:12.859,0.93336,0.93345,1.69,1.02
2014.06.17 14:51:13.147,0.93339,0.93346,1.00,1.29
2014.06.17 14:51:14.063,0.93339,0.93347,2.25,1.84
2014.06.17 14:51:14.575,0.9334,0.93347,1.00,1.84
2014.06.17 14:51:17.428,0.93338,0.93347,1.69,1.84
2014.06.17 14:51:18.648,0.93338,0.93346,1.50,1.29
2014.06.17 14:51:19.152,0.93338,0.93347,1.69,1.77
2014.06.17 14:51:19.951,0.93338,0.93347,1.77,1.69
2014.06.17 14:51:20.052,0.9334,0.93348,1.02,1.25
2014.06.17 14:51:20.102,0.93343,0.93351,2.70,1.00
2014.06.17 14:51:20.204,0.93348,0.93352,2.25,1.00
2014.06.17 14:51:20.305,0.93348,0.93355,1.10,1.00
2014.06.17 14:51:20.810,0.93348,0.93356,1.25,1.69
2014.06.17 14:51:20.911,0.93347,0.93355,1.18,1.19
2014.06.17 14:51:21.213,0.93346,0.93355,1.25,1.77
2014.06.17 14:51:23.200,0.93347,0.93355,1.25,1.02
2014.06.17 14:51:23.352,0.9335,0.93356,1.10,1.00
2014.06.17 14:51:23.554,0.93358,0.93365,1.00,2.25
2014.06.17 14:51:23.605,0.93358,0.93365,1.00,3.00
2014.06.17 14:51:23.757,0.93354,0.93361,1.02,1.00
2014.06.17 14:51:24.009,0.93354,0.93363,1.77,1.25
2014.06.17 14:51:30.130,0.93354,0.93363,1.02,1.69
2014.06.17 14:51:39.288,0.93354,0.93364,1.77,2.14
2014.06.17 14:51:45.948,0.93354,0.93363,1.02,1.19
2014.06.17 14:51:47.840,0.93354,0.93364,1.77,2.14
2014.06.17 14:51:49.315,0.93354,0.93363,1.02,1.19
2014.06.17 14:51:50.341,0.93354,0.93364,1.77,2.14
2014.06.17 14:51:51.647,0.93354,0.93363,1.77,1.19
2014.06.17 14:51:52.332,0.93354,0.93364,2.52,1.77
2014.06.17 14:52:00.184,0.93354,0.93363,1.02,1.19
2014.06.17 14:52:01.092,0.93354,0.93364,1.02,1.29
2014.06.17 14:52:01.616,0.93354,0.93364,2.89,1.29
2014.06.17 14:52:11.472,0.93354,0.93364,1.02,1.02
2014.06.17 14:52:12.018,0.93354,0.93364,1.77,1.77
2014.06.17 14:52:15.169,0.93354,0.93363,1.02,1.19
2014.06.17 14:52:16.299,0.93354,0.93364,1.77,1.77
2014.06.17 14:52:17.378,0.93354,0.93363,1.02,1.19
2014.06.17 14:52:18.573,0.93354,0.93363,1.09,1.19
2014.06.17 14:52:19.388,0.93354,0.93364,1.84,2.07
2014.06.17 14:52:27.532,0.93354,0.93363,1.18,1.19
2014.06.17 14:52:27.835,0.93347,0.93357,1.69,1.40
2014.06.17 14:52:27.938,0.93348,0.93357,1.25,1.40
2014.06.17 14:52:28.462,0.93348,0.93356,1.25,1.10
2014.06.17 14:52:33.003,0.93349,0.93358,1.69,1.40
2014.06.17 14:52:33.508,0.93349,0.93359,3.27,1.77
2014.06.17 14:52:34.050,0.93351,0.9336,1.25,1.37
2014.06.17 14:52:34.555,0.93352,0.93361,1.02,1.27
2014.06.17 14:52:35.098,0.93354,0.93361,1.00,1.37
2014.06.17 14:52:35.350,0.93354,0.93363,1.25,2.97
2014.06.17 14:52:40.926,0.93354,0.93362,1.00,1.29
2014.06.17 14:52:44.956,0.93354,0.93363,1.25,2.97
2014.06.17 14:52:46.733,0.93353,0.93361,1.19,1.00
2014.06.17 14:52:46.784,0.93353,0.93361,1.19,1.08
2014.06.17 14:52:46.885,0.93352,0.93358,1.00,1.20
2014.06.17 14:52:46.987,0.93349,0.93357,2.44,1.10
2014.06.17 14:52:47.038,0.93349,0.93357,1.69,1.15
2014.06.17 14:52:47.671,0.93349,0.93357,1.00,2.59
2014.06.17 14:52:48.753,0.93349,0.93357,1.00,1.84
2014.06.17 14:52:50.186,0.93349,0.93357,1.25,1.40
2014.06.17 14:52:54.560,0.93349,0.93358,1.25,1.47
2014.06.17 14:52:58.797,0.93349,0.93357,1.00,1.84
2014.06.17 14:53:01.743,0.93349,0.93356,1.00,1.02
2014.06.17 14:53:03.415,0.93349,0.93356,1.00,1.77
2014.06.17 14:53:04.677,0.93349,0.93356,1.00,1.02
2014.06.17 14:53:08.050,0.93349,0.93356,1.00,1.77
2014.06.17 14:53:17.022,0.93349,0.93356,1.00,1.02
2014.06.17 14:53:24.375,0.93348,0.93356,1.69,1.25
2014.06.17 14:53:24.680,0.93351,0.93356,1.25,1.00
2014.06.17 14:53:24.731,0.9335,0.93359,2.44,1.09
2014.06.17 14:53:25.238,0.93352,0.9336,1.50,1.69
2014.06.17 14:53:25.648,0.93353,0.9336,2.44,1.00
2014.06.17 14:53:25.850,0.93353,0.93362,2.52,1.69
2014.06.17 14:53:34.616,0.93354,0.93363,1.19,1.77
2014.06.17 14:53:35.121,0.93354,0.93363,1.19,1.84
2014.06.17 14:53:35.626,0.93354,0.93363,1.19,1.77
2014.06.17 14:53:36.131,0.93354,0.93363,1.19,1.84
2014.06.17 14:53:36.655,0.93353,0.93363,3.94,2.59
2014.06.17 14:53:47.578,0.93354,0.93363,1.69,1.77
2014.06.17 14:53:48.083,0.93354,0.93363,2.44,1.02
2014.06.17 14:53:58.640,0.93354,0.93363,1.77,1.19
2014.06.17 14:53:59.190,0.93352,0.93362,2.97,2.44
2014.06.17 14:53:59.442,0.93356,0.93363,1.50,1.69
2014.06.17 14:53:59.544,0.93354,0.93363,1.77,1.19
2014.06.17 14:54:00.154,0.93354,0.93364,2.52,1.77
2014.06.17 14:54:07.084,0.93356,0.93364,1.69,1.10
2014.06.17 14:54:07.292,0.93357,0.93366,3.19,2.89
2014.06.17 14:54:09.178,0.93357,0.93367,2.59,1.32
2014.06.17 14:54:10.257,0.93359,0.93368,1.57,1.40
2014.06.17 14:54:10.358,0.93361,0.93369,1.47,1.25
2014.06.17 14:54:10.914,0.93362,0.93371,1.84,2.44
2014.06.17 14:54:11.116,0.93363,0.93372,1.29,1.25
2014.06.17 14:54:11.621,0.93364,0.93373,1.77,1.25
2014.06.17 14:54:16.754,0.93364,0.93372,1.19,1.15
2014.06.17 14:54:16.906,0.93361,0.93368,1.00,1.32
2014.06.17 14:54:17.057,0.93358,0.93367,1.77,1.25
2014.06.17 14:54:17.562,0.93358,0.93367,1.69,1.09
2014.06.17 14:54:18.563,0.93358,0.93367,1.25,1.84
2014.06.17 14:54:20.948,0.93358,0.93366,1.19,1.10
2014.06.17 14:54:22.393,0.93358,0.93366,1.25,1.02
2014.06.17 14:54:25.257,0.93358,0.93367,1.25,2.59
2014.06.17 14:54:25.778,0.93357,0.93366,2.44,1.02
2014.06.17 14:54:28.159,0.93357,0.93365,2.44,1.00
2014.06.17 14:54:28.732,0.93357,0.93366,2.44,1.02
2014.06.17 14:54:30.608,0.93357,0.93366,2.44,1.09
2014.06.17 14:54:31.128,0.93357,0.93366,1.69,1.84
2014.06.17 14:54:37.559,0.93357,0.93366,2.44,1.02
2014.06.17 14:54:38.084,0.93357,0.93365,2.44,1.00
2014.06.17 14:54:38.941,0.93357,0.93367,3.19,1.37
2014.06.17 14:54:40.017,0.93357,0.93366,2.44,1.09
