2013.07.02 20:00:00.122,0.91415,0.91428,1.50,2.25
2013.07.02 20:00:00.183,0.91413,0.91426,3.75,1.50
2013.07.02 20:00:00.302,0.91413,0.91426,1.50,1.50
2013.07.02 20:00:00.662,0.91413,0.91426,1.50,3.75
2013.07.02 20:00:00.722,0.9141,0.91425,1.50,1.50
2013.07.02 20:00:00.903,0.91406,0.91419,1.69,1.50
2013.07.02 20:00:01.144,0.91405,0.91417,1.13,1.50
2013.07.02 20:00:01.504,0.91402,0.91414,1.50,1.13
2013.07.02 20:00:02.102,0.91402,0.91414,1.50,1.88
2013.07.02 20:00:02.462,0.91403,0.91415,1.50,1.13
2013.07.02 20:00:02.942,0.91405,0.91417,1.13,3.75
2013.07.02 20:00:03.062,0.91405,0.91417,1.88,1.69
2013.07.02 20:00:03.542,0.91402,0.91416,1.50,2.44
2013.07.02 20:00:03.662,0.91402,0.91415,1.50,1.69
2013.07.02 20:00:04.323,0.91403,0.91417,1.50,2.44
2013.07.02 20:00:04.872,0.91404,0.91417,1.50,1.69
2013.07.02 20:00:05.412,0.91404,0.91417,1.50,1.69
2013.07.02 20:00:05.832,0.91402,0.91415,1.50,1.69
2013.07.02 20:00:07.092,0.91402,0.91415,1.50,1.50
2013.07.02 20:00:08.305,0.91404,0.91416,1.50,1.50
2013.07.02 20:00:08.842,0.91404,0.91417,1.50,1.69
2013.07.02 20:00:10.003,0.91405,0.91417,2.25,1.69
2013.07.02 20:00:10.184,0.91408,0.91419,1.69,2.25
2013.07.02 20:00:10.244,0.91409,0.91419,1.50,1.50
2013.07.02 20:00:10.424,0.91412,0.91426,1.50,2.25
2013.07.02 20:00:10.982,0.91412,0.91425,1.50,1.50
2013.07.02 20:00:11.553,0.91411,0.91424,1.50,1.88
2013.07.02 20:00:12.133,0.91411,0.91423,1.50,1.43
2013.07.02 20:00:12.493,0.91404,0.91417,1.50,1.32
2013.07.02 20:00:13.391,0.91404,0.91418,1.50,2.44
2013.07.02 20:00:13.692,0.91407,0.91419,1.50,2.82
2013.07.02 20:00:13.812,0.91407,0.91419,1.50,2.07
2013.07.02 20:00:23.067,0.91407,0.91419,1.50,2.07
2013.07.02 20:00:25.321,0.91406,0.91419,1.50,2.82
2013.07.02 20:00:26.593,0.91406,0.91419,1.50,2.82
2013.07.02 20:00:29.413,0.91408,0.9142,1.50,2.44
2013.07.02 20:00:29.532,0.91411,0.91424,1.50,4.69
2013.07.02 20:00:29.595,0.91412,0.91424,1.50,1.69
2013.07.02 20:00:29.655,0.91413,0.91425,1.50,1.69
2013.07.02 20:00:29.783,0.91416,0.91426,1.69,1.13
2013.07.02 20:00:29.962,0.91416,0.91428,2.44,1.50
2013.07.02 20:00:30.502,0.91416,0.91429,2.44,1.69
2013.07.02 20:00:32.362,0.91416,0.91429,2.44,1.50
2013.07.02 20:00:33.389,0.91416,0.91429,2.44,1.50
2013.07.02 20:00:34.302,0.91418,0.91431,1.50,1.69
2013.07.02 20:00:35.111,0.91418,0.91431,1.50,2.44
2013.07.02 20:00:35.652,0.91417,0.9143,1.88,1.50
2013.07.02 20:00:46.899,0.91417,0.9143,1.69,1.50
2013.07.02 20:00:54.081,0.91417,0.9143,1.69,1.50
2013.07.02 20:00:54.261,0.91417,0.9143,1.69,1.50
2013.07.02 20:00:56.081,0.91418,0.9143,1.50,1.50
2013.07.02 20:00:56.621,0.91419,0.91432,1.50,1.50
2013.07.02 20:00:57.132,0.9142,0.91433,1.50,1.69
2013.07.02 20:00:57.672,0.91419,0.91432,1.69,1.50
2013.07.02 20:00:57.792,0.91422,0.91434,1.50,1.50
2013.07.02 20:00:58.302,0.91422,0.91434,1.69,1.50
2013.07.02 20:00:58.662,0.91425,0.91435,1.13,1.50
2013.07.02 20:00:58.842,0.91426,0.91438,1.13,1.69
2013.07.02 20:00:59.363,0.91426,0.91439,1.13,1.69
2013.07.02 20:01:00.392,0.91425,0.91439,2.63,2.44
2013.07.02 20:01:00.942,0.91426,0.91438,1.88,1.69
2013.07.02 20:01:05.682,0.91425,0.91438,1.88,2.44
2013.07.02 20:01:05.982,0.91422,0.91436,1.50,1.69
2013.07.02 20:01:06.342,0.91421,0.91433,2.07,1.50
2013.07.02 20:01:07.181,0.91421,0.91433,2.07,1.50
2013.07.02 20:01:07.586,0.91421,0.91433,2.07,1.50
2013.07.02 20:01:08.062,0.91422,0.91435,1.50,1.50
2013.07.02 20:01:08.302,0.91423,0.91436,1.50,1.69
2013.07.02 20:01:08.602,0.91426,0.91439,1.88,1.69
2013.07.02 20:01:10.769,0.91426,0.91439,1.88,2.44
2013.07.02 20:01:12.949,0.91426,0.91439,1.32,2.25
2013.07.02 20:01:16.501,0.91426,0.91438,1.88,1.50
2013.07.02 20:01:17.922,0.91426,0.91439,1.13,2.44
2013.07.02 20:01:22.602,0.91426,0.91439,1.88,2.44
2013.07.02 20:01:22.842,0.91426,0.91437,1.13,1.50
2013.07.02 20:01:22.992,0.91426,0.91439,1.88,2.44
2013.07.02 20:01:30.864,0.91427,0.9144,1.50,2.44
2013.07.02 20:01:31.412,0.91426,0.91439,2.07,2.25
2013.07.02 20:01:32.342,0.91426,0.91438,2.07,1.50
2013.07.02 20:01:50.371,0.91426,0.91439,1.69,1.50
2013.07.02 20:01:50.492,0.91427,0.9144,2.63,1.50
2013.07.02 20:01:51.032,0.91427,0.9144,1.69,1.50
2013.07.02 20:01:51.592,0.91427,0.9144,1.69,1.50
2013.07.02 20:01:52.562,0.91426,0.91439,1.50,2.44
2013.07.02 20:01:53.782,0.91426,0.91439,1.50,2.44
2013.07.02 20:01:53.902,0.91426,0.91434,1.50,1.13
2013.07.02 20:01:54.262,0.91427,0.91439,1.69,1.69
2013.07.02 20:01:54.322,0.91427,0.9144,1.69,2.44
2013.07.02 20:01:55.042,0.91427,0.9144,1.69,2.44
2013.07.02 20:01:55.584,0.91427,0.9144,1.69,1.69
2013.07.02 20:01:57.172,0.91428,0.9144,1.50,1.69
2013.07.02 20:02:01.202,0.91427,0.9144,1.88,1.50
2013.07.02 20:02:01.773,0.91428,0.9144,1.50,1.50
2013.07.02 20:02:02.312,0.91427,0.9144,2.25,1.50
2013.07.02 20:02:02.852,0.91428,0.91441,1.50,1.50
2013.07.02 20:02:52.862,0.91427,0.9144,1.69,1.50
2013.07.02 20:02:53.445,0.91428,0.91441,1.50,1.69
2013.07.02 20:03:02.001,0.91427,0.91441,1.88,1.50
2013.07.02 20:03:02.062,0.91428,0.91441,1.50,1.50
2013.07.02 20:03:13.591,0.91427,0.9144,1.69,1.50
2013.07.02 20:03:17.772,0.91428,0.91441,1.50,1.69
2013.07.02 20:03:20.782,0.91427,0.9144,2.25,1.50
2013.07.02 20:03:21.502,0.91428,0.91441,1.50,1.50
2013.07.02 20:03:22.992,0.91427,0.9144,1.69,1.50
2013.07.02 20:03:35.642,0.91431,0.91444,1.50,1.69
2013.07.02 20:03:35.942,0.91431,0.91445,3.00,2.07
2013.07.02 20:03:36.182,0.91435,0.91448,1.88,2.44
2013.07.02 20:03:36.242,0.91435,0.91448,2.07,2.44
2013.07.02 20:03:36.782,0.91435,0.91449,3.57,1.69
2013.07.02 20:03:39.043,0.91436,0.91449,1.69,1.69
2013.07.02 20:03:42.312,0.91436,0.91449,1.88,1.50
2013.07.02 20:03:42.853,0.91435,0.91449,2.25,2.07
2013.07.02 20:03:48.152,0.91435,0.91448,1.50,1.50
2013.07.02 20:03:48.894,0.91434,0.91448,1.69,2.25
2013.07.02 20:03:49.204,0.91433,0.91446,1.50,1.50
2013.07.02 20:03:51.522,0.91434,0.91447,1.50,1.69
2013.07.02 20:03:55.382,0.91434,0.91448,1.69,2.25
2013.07.02 20:03:55.922,0.91435,0.91448,1.50,2.25
2013.07.02 20:03:57.072,0.91436,0.91448,1.50,1.50
2013.07.02 20:04:00.242,0.91435,0.91448,1.50,2.25
2013.07.02 20:04:00.872,0.91434,0.91447,1.69,1.50
2013.07.02 20:04:01.852,0.91435,0.91448,1.50,2.25
2013.07.02 20:04:03.292,0.91434,0.91447,1.69,1.50
2013.07.02 20:04:06.983,0.91434,0.91447,1.69,1.50
2013.07.02 20:04:08.908,0.91433,0.91446,2.44,1.50
2013.07.02 20:04:10.402,0.91434,0.91447,1.69,1.50
2013.07.02 20:04:10.583,0.91435,0.91448,2.25,1.50
2013.07.02 20:04:13.783,0.91434,0.91448,1.69,2.25
2013.07.02 20:04:14.082,0.9143,0.91443,2.82,1.50
2013.07.02 20:04:14.143,0.9143,0.91443,1.88,1.50
2013.07.02 20:04:28.922,0.9143,0.91442,2.07,1.50
2013.07.02 20:04:41.553,0.9143,0.91442,1.32,1.50
2013.07.02 20:04:41.673,0.91429,0.91439,1.32,1.50
2013.07.02 20:04:41.792,0.91425,0.91439,2.25,2.44
2013.07.02 20:04:42.033,0.91422,0.91433,3.00,1.50
2013.07.02 20:04:42.484,0.91421,0.91433,1.69,1.50
2013.07.02 20:04:42.724,0.9142,0.91433,2.44,1.50
2013.07.02 20:04:43.263,0.91418,0.91431,1.50,1.50
2013.07.02 20:04:43.823,0.91418,0.91431,1.50,1.50
2013.07.02 20:04:45.303,0.91418,0.91431,1.69,1.50
2013.07.02 20:04:45.842,0.91419,0.91432,1.69,1.50
2013.07.02 20:04:54.144,0.9142,0.91432,1.50,1.50
2013.07.02 20:04:54.204,0.91418,0.91432,1.69,1.50
2013.07.02 20:04:54.265,0.91419,0.91432,1.69,1.50
2013.07.02 20:04:54.803,0.91419,0.91432,1.69,1.50
2013.07.02 20:04:56.052,0.91422,0.91434,1.50,1.50
2013.07.02 20:04:57.142,0.91421,0.91435,1.50,2.82
2013.07.02 20:05:00.183,0.91422,0.91434,1.50,1.50
2013.07.02 20:05:00.364,0.91422,0.91435,1.69,1.50
2013.07.02 20:05:00.542,0.91423,0.91437,1.50,1.50
2013.07.02 20:05:00.843,0.9142,0.91436,3.19,1.88
2013.07.02 20:05:00.903,0.9142,0.91434,1.69,1.13
2013.07.02 20:05:00.962,0.91418,0.91432,1.50,1.50
2013.07.02 20:05:01.082,0.91417,0.91431,1.50,1.69
2013.07.02 20:05:01.622,0.91416,0.9143,2.25,1.50
2013.07.02 20:05:04.862,0.91417,0.9143,1.50,2.25
2013.07.02 20:05:06.033,0.91418,0.91431,1.69,2.25
2013.07.02 20:05:06.352,0.91418,0.91431,2.07,2.25
2013.07.02 20:05:06.533,0.9142,0.91434,2.07,1.50
2013.07.02 20:05:06.593,0.91421,0.91437,1.13,1.69
2013.07.02 20:05:06.652,0.91425,0.91438,1.88,2.44
2013.07.02 20:05:06.713,0.91425,0.91439,2.07,2.25
2013.07.02 20:05:07.291,0.91426,0.91439,1.50,1.50
2013.07.02 20:05:08.202,0.91426,0.91439,1.50,1.50
2013.07.02 20:05:09.362,0.91426,0.91439,1.50,1.50
2013.07.02 20:05:17.116,0.91426,0.91439,1.50,1.50
2013.07.02 20:05:23.030,0.91427,0.91439,1.69,1.50
2013.07.02 20:05:26.052,0.91426,0.9144,1.50,1.69
2013.07.02 20:05:27.022,0.91426,0.9144,1.50,1.69
2013.07.02 20:05:27.563,0.91426,0.9144,1.50,1.69
2013.07.02 20:05:48.962,0.91426,0.9144,1.69,1.50
2013.07.02 20:06:00.682,0.91425,0.91439,2.44,1.50
2013.07.02 20:06:11.112,0.91426,0.9144,1.69,1.50
2013.07.02 20:06:11.634,0.91426,0.9144,2.44,1.50
2013.07.02 20:06:45.552,0.91426,0.9144,1.50,1.69
2013.07.02 20:07:01.023,0.91425,0.91439,2.25,1.69
2013.07.02 20:07:01.529,0.91426,0.9144,1.50,1.69
2013.07.02 20:07:06.292,0.91425,0.91439,1.50,1.69
2013.07.02 20:07:06.884,0.91425,0.91439,2.44,1.50
2013.07.02 20:07:08.023,0.91425,0.91439,2.44,1.50
2013.07.02 20:07:08.624,0.91426,0.9144,1.69,1.50
2013.07.02 20:07:09.172,0.91425,0.91438,1.69,1.50
2013.07.02 20:07:09.813,0.91425,0.91438,1.69,1.50
2013.07.02 20:07:11.464,0.91425,0.91438,1.69,1.50
2013.07.02 20:07:11.973,0.91426,0.9144,2.82,2.25
2013.07.02 20:07:18.753,0.91426,0.91439,1.69,1.50
2013.07.02 20:07:22.422,0.91427,0.91439,1.69,1.50
2013.07.02 20:07:55.012,0.91426,0.91439,2.44,1.50
2013.07.02 20:07:57.042,0.91426,0.91439,3.19,1.50
2013.07.02 20:07:58.754,0.91427,0.91439,1.69,1.50
2013.07.02 20:08:14.492,0.91426,0.91439,3.19,1.50
2013.07.02 20:08:53.372,0.91427,0.91439,2.07,1.50
2013.07.02 20:08:53.492,0.9143,0.91441,1.13,2.25
2013.07.02 20:09:07.593,0.91428,0.91441,1.69,2.25
2013.07.02 20:09:07.773,0.91426,0.91439,2.44,1.69
2013.07.02 20:09:08.379,0.91425,0.91437,2.44,1.13
2013.07.02 20:09:08.505,0.91419,0.91431,2.25,1.50
2013.07.02 20:09:09.045,0.91418,0.91431,1.50,2.25
2013.07.02 20:09:09.953,0.91417,0.9143,1.69,2.63
2013.07.02 20:09:10.133,0.91415,0.91429,1.50,4.69
2013.07.02 20:09:10.674,0.91414,0.91428,1.50,1.69
2013.07.02 20:09:11.543,0.91415,0.91428,1.50,1.69
2013.07.02 20:09:13.650,0.91415,0.91428,1.50,2.44
2013.07.02 20:09:20.312,0.91415,0.91428,2.25,1.69
2013.07.02 20:09:23.503,0.91415,0.91428,2.25,2.44
2013.07.02 20:09:28.812,0.91415,0.91428,2.25,1.69
2013.07.02 20:09:38.953,0.91416,0.91429,1.50,3.57
2013.07.02 20:09:43.693,0.91416,0.91429,1.50,3.19
2013.07.02 20:09:44.232,0.91416,0.91427,1.50,1.50
2013.07.02 20:09:47.682,0.91417,0.91427,1.50,1.50
2013.07.02 20:09:53.192,0.91417,0.9143,1.50,2.82
2013.07.02 20:09:55.215,0.91417,0.91428,1.50,1.50
2013.07.02 20:09:55.922,0.91416,0.91428,1.50,1.50
2013.07.02 20:09:58.293,0.91416,0.91429,1.50,3.19
2013.07.02 20:09:59.593,0.91416,0.91428,1.50,1.88
2013.07.02 20:09:59.652,0.91415,0.91427,1.50,1.50
2013.07.02 20:10:01.403,0.91415,0.91428,2.25,2.25
2013.07.02 20:10:01.943,0.91415,0.91427,2.25,1.50
2013.07.02 20:10:03.024,0.91415,0.91428,2.25,2.25
2013.07.02 20:10:08.413,0.91414,0.91427,2.25,2.25
2013.07.02 20:10:08.984,0.91414,0.91426,1.50,1.50
2013.07.02 20:10:09.874,0.91414,0.91426,1.50,2.25
2013.07.02 20:10:11.813,0.91414,0.91426,1.50,2.25
2013.07.02 20:10:20.913,0.91414,0.91427,1.50,2.44
2013.07.02 20:10:21.453,0.91413,0.91426,1.50,1.69
2013.07.02 20:10:22.843,0.91413,0.91427,1.50,2.44
2013.07.02 20:10:23.714,0.91414,0.91427,1.50,1.69
2013.07.02 20:10:24.908,0.91413,0.91427,1.50,2.44
2013.07.02 20:10:27.153,0.91414,0.91426,1.50,1.69
2013.07.02 20:10:29.733,0.91413,0.91427,1.50,2.44
2013.07.02 20:10:40.763,0.91413,0.91427,1.50,1.69
2013.07.02 20:10:41.594,0.91414,0.91427,1.50,1.69
2013.07.02 20:10:47.703,0.91414,0.91428,1.50,3.19
2013.07.02 20:10:51.452,0.91414,0.91427,1.50,1.50
2013.07.02 20:10:55.193,0.91414,0.91428,1.50,2.44
2013.07.02 20:10:59.963,0.91415,0.91428,1.50,1.69
2013.07.02 20:11:02.803,0.91415,0.91427,1.50,1.50
2013.07.02 20:11:07.593,0.91415,0.91428,1.50,1.69
2013.07.02 20:11:22.603,0.91415,0.91427,1.50,1.50
2013.07.02 20:11:22.663,0.91415,0.91426,1.50,1.13
2013.07.02 20:11:51.174,0.91414,0.91426,1.69,1.13
2013.07.02 20:12:08.704,0.91414,0.91425,1.50,2.07
2013.07.02 20:12:12.284,0.91414,0.91425,1.69,1.13
2013.07.02 20:12:15.705,0.91414,0.91425,1.69,1.88
2013.07.02 20:12:19.114,0.91414,0.91425,1.69,1.13
2013.07.02 20:12:41.903,0.91413,0.91427,1.69,3.00
2013.07.02 20:12:42.443,0.91414,0.91427,1.50,2.44
2013.07.02 20:12:44.266,0.91414,0.91427,1.50,2.44
2013.07.02 20:12:44.832,0.91413,0.91426,1.50,1.50
2013.07.02 20:12:45.334,0.91414,0.91427,1.50,2.44
2013.07.02 20:12:45.453,0.91414,0.91427,1.50,2.44
2013.07.02 20:12:46.233,0.91414,0.91426,1.50,1.50
2013.07.02 20:12:47.323,0.91414,0.91427,1.50,2.44
2013.07.02 20:12:47.975,0.91414,0.91427,2.25,2.44
2013.07.02 20:12:51.344,0.91414,0.91427,1.50,2.44
2013.07.02 20:12:51.524,0.91416,0.91429,2.82,1.50
2013.07.02 20:12:52.045,0.91416,0.91429,2.07,2.25
2013.07.02 20:12:55.583,0.91416,0.91428,2.07,1.50
2013.07.02 20:12:56.154,0.91416,0.91428,2.07,1.50
2013.07.02 20:12:56.634,0.91415,0.91427,1.50,2.25
2013.07.02 20:12:57.513,0.91414,0.91427,1.69,2.25
2013.07.02 20:13:00.563,0.91414,0.91426,1.50,1.69
2013.07.02 20:13:01.299,0.91412,0.91425,1.50,1.69
2013.07.02 20:13:01.843,0.91413,0.91426,2.25,2.44
2013.07.02 20:13:02.324,0.91413,0.91425,2.25,1.69
2013.07.02 20:13:15.674,0.91414,0.91426,1.50,2.44
2013.07.02 20:13:18.997,0.91414,0.91426,2.25,1.69
2013.07.02 20:13:21.453,0.91414,0.91426,2.25,2.44
2013.07.02 20:13:22.473,0.91414,0.91425,2.25,1.69
2013.07.02 20:13:25.535,0.91414,0.91425,2.25,1.50
2013.07.02 20:13:26.964,0.91414,0.91425,2.25,1.50
2013.07.02 20:13:45.623,0.91412,0.91426,2.25,3.19
2013.07.02 20:13:45.683,0.91411,0.91424,3.75,1.50
2013.07.02 20:13:46.465,0.91411,0.91424,3.75,1.50
2013.07.02 20:13:46.704,0.9141,0.91424,3.19,3.38
2013.07.02 20:13:47.243,0.91411,0.91423,2.25,1.50
2013.07.02 20:13:47.433,0.91411,0.91426,3.75,2.44
2013.07.02 20:13:48.033,0.91413,0.91426,1.50,2.44
2013.07.02 20:13:57.764,0.91413,0.91426,2.25,2.25
2013.07.02 20:13:58.346,0.91413,0.91426,2.25,2.25
2013.07.02 20:14:00.236,0.91413,0.91425,2.25,1.50
2013.07.02 20:14:00.904,0.91413,0.91426,2.25,2.25
2013.07.02 20:14:02.105,0.91414,0.91426,1.50,2.25
2013.07.02 20:14:02.284,0.91416,0.91428,1.50,2.25
2013.07.02 20:14:02.774,0.91414,0.91426,1.50,1.50
2013.07.02 20:14:03.349,0.91413,0.91426,2.25,1.50
2013.07.02 20:14:05.663,0.91413,0.91426,2.25,2.25
2013.07.02 20:14:08.073,0.91414,0.91426,1.50,1.50
2013.07.02 20:14:09.173,0.91414,0.91426,1.50,1.50
2013.07.02 20:14:13.004,0.91415,0.91427,1.50,1.50
2013.07.02 20:14:17.623,0.91413,0.91426,2.25,1.50
2013.07.02 20:14:18.197,0.91414,0.91426,1.50,1.50
2013.07.02 20:14:18.763,0.91413,0.91426,1.50,1.50
2013.07.02 20:14:19.314,0.91414,0.91426,1.50,1.69
2013.07.02 20:14:28.343,0.91414,0.91426,1.50,1.50
2013.07.02 20:14:35.343,0.91414,0.91426,1.50,1.50
2013.07.02 20:14:45.653,0.91414,0.91426,1.50,1.50
2013.07.02 20:14:52.774,0.91414,0.91426,1.50,1.69
2013.07.02 20:14:55.054,0.91413,0.91425,1.50,2.44
2013.07.02 20:14:55.413,0.91411,0.91423,1.13,2.25
2013.07.02 20:15:04.583,0.9141,0.91423,2.82,2.25
2013.07.02 20:15:07.084,0.9141,0.91423,2.07,1.50
2013.07.02 20:15:07.845,0.9141,0.91423,2.07,1.50
2013.07.02 20:15:28.595,0.91411,0.91423,1.32,1.50
2013.07.02 20:15:29.113,0.91411,0.91423,1.32,1.50
2013.07.02 20:15:31.664,0.91411,0.91425,2.07,1.50
2013.07.02 20:15:31.784,0.91413,0.91426,1.50,1.69
2013.07.02 20:15:32.289,0.91414,0.91427,1.50,1.69
2013.07.02 20:15:32.903,0.91414,0.91427,1.50,1.69
2013.07.02 20:15:33.513,0.91414,0.91427,2.25,1.69
2013.07.02 20:15:35.608,0.91414,0.91427,2.25,1.69
2013.07.02 20:15:41.323,0.91414,0.91427,2.25,1.50
2013.07.02 20:15:41.843,0.91414,0.91427,2.25,1.50
2013.07.02 20:15:50.164,0.91415,0.91428,2.63,1.69
2013.07.02 20:15:50.706,0.91416,0.91429,1.50,2.44
2013.07.02 20:16:11.555,0.91416,0.91429,2.25,1.50
2013.07.02 20:16:20.663,0.91416,0.91429,2.25,1.50
2013.07.02 20:17:20.674,0.91415,0.91429,2.07,1.50
2013.07.02 20:17:21.213,0.91415,0.91429,1.32,1.50
2013.07.02 20:17:22.115,0.91415,0.91429,1.32,1.50
2013.07.02 20:17:24.193,0.91414,0.91429,2.07,1.50
2013.07.02 20:17:25.394,0.91414,0.91429,2.82,1.50
2013.07.02 20:17:25.633,0.91415,0.91429,2.07,1.50
2013.07.02 20:17:25.813,0.91416,0.91431,1.69,1.69
2013.07.02 20:17:26.355,0.91419,0.91431,1.50,1.69
2013.07.02 20:17:26.714,0.91421,0.91433,2.44,1.50
2013.07.02 20:17:55.944,0.91423,0.91433,1.69,1.50
2013.07.02 20:17:58.323,0.91423,0.91433,3.19,1.50
2013.07.02 20:17:59.330,0.91424,0.91433,1.69,1.50
2013.07.02 20:18:07.974,0.91424,0.91434,1.69,1.50
2013.07.02 20:18:09.285,0.91423,0.91433,1.69,1.50
2013.07.02 20:18:12.253,0.91423,0.91433,1.69,1.50
2013.07.02 20:18:13.005,0.91424,0.91434,1.69,1.50
2013.07.02 20:18:14.144,0.91423,0.91434,1.69,1.50
2013.07.02 20:18:17.414,0.91424,0.91434,1.69,1.50
2013.07.02 20:18:18.081,0.91425,0.91434,1.69,1.50
2013.07.02 20:18:21.136,0.91421,0.91434,3.19,1.50
2013.07.02 20:18:21.745,0.91423,0.91434,1.69,1.50
2013.07.02 20:18:25.644,0.91425,0.91434,1.69,1.50
2013.07.02 20:18:27.325,0.91423,0.91434,1.69,1.50
2013.07.02 20:18:32.123,0.91423,0.91433,1.69,1.50
2013.07.02 20:18:32.734,0.91423,0.91434,1.69,1.50
2013.07.02 20:18:36.204,0.91424,0.91434,1.69,1.50
2013.07.02 20:18:45.304,0.91422,0.91434,1.69,1.50
2013.07.02 20:18:52.023,0.91425,0.91434,1.69,1.50
2013.07.02 20:18:55.695,0.91423,0.91434,1.69,1.50
2013.07.02 20:18:58.323,0.91424,0.91434,1.69,1.50
2013.07.02 20:19:08.364,0.91423,0.91434,1.69,1.50
2013.07.02 20:19:14.983,0.91424,0.91434,1.69,1.50
2013.07.02 20:19:18.485,0.91424,0.91433,1.69,1.50
2013.07.02 20:19:18.603,0.91422,0.91433,1.69,1.50
2013.07.02 20:19:24.584,0.91421,0.91433,2.82,1.50
2013.07.02 20:19:25.314,0.91423,0.91434,1.69,1.50
2013.07.02 20:19:25.857,0.91424,0.91433,1.69,1.50
2013.07.02 20:19:31.444,0.91424,0.91434,1.69,1.50
2013.07.02 20:19:32.143,0.91424,0.91433,1.69,1.50
2013.07.02 20:19:32.853,0.91424,0.91434,1.69,1.50
2013.07.02 20:19:33.373,0.91424,0.91433,1.69,1.50
2013.07.02 20:19:34.014,0.91424,0.91434,1.69,1.50
2013.07.02 20:19:40.394,0.91424,0.91434,1.69,1.50
2013.07.02 20:19:43.475,0.91424,0.91433,1.69,1.50
2013.07.02 20:19:44.195,0.91424,0.91433,1.69,1.50
2013.07.02 20:19:44.945,0.91424,0.91434,1.69,1.50
2013.07.02 20:19:45.715,0.91423,0.91434,1.69,1.50
2013.07.02 20:19:46.880,0.91423,0.91434,1.69,1.50
2013.07.02 20:19:50.554,0.91423,0.91434,1.69,1.50
2013.07.02 20:19:51.187,0.91423,0.91434,1.69,1.50
2013.07.02 20:19:55.655,0.91424,0.91433,1.69,1.50
2013.07.02 20:19:59.394,0.91423,0.91433,1.69,1.50
2013.07.02 20:20:00.105,0.91424,0.91433,1.69,1.50
2013.07.02 20:20:03.834,0.91424,0.91433,1.69,1.50
2013.07.02 20:20:05.225,0.91424,0.91433,1.69,1.50
2013.07.02 20:20:05.833,0.91424,0.91433,1.69,1.50
2013.07.02 20:20:09.153,0.91424,0.91434,1.69,1.50
2013.07.02 20:20:09.334,0.91421,0.91434,2.07,1.50
2013.07.02 20:20:10.073,0.91421,0.91433,1.32,1.50
2013.07.02 20:20:12.293,0.91423,0.91434,1.69,1.50
2013.07.02 20:20:19.304,0.91421,0.91434,1.32,1.50
2013.07.02 20:20:24.310,0.91421,0.91434,1.13,1.50
2013.07.02 20:20:24.918,0.9142,0.91433,2.07,1.50
2013.07.02 20:20:25.564,0.91421,0.91433,1.32,1.50
2013.07.02 20:20:33.534,0.91421,0.91434,2.07,1.50
2013.07.02 20:20:34.884,0.91421,0.91434,2.07,1.50
2013.07.02 20:20:43.614,0.91422,0.91434,3.19,1.50
2013.07.02 20:20:43.974,0.91425,0.91436,1.32,1.50
2013.07.02 20:20:53.344,0.91424,0.91436,1.32,1.50
2013.07.02 20:20:57.004,0.91425,0.91436,1.32,1.50
2013.07.02 20:21:02.315,0.91425,0.91436,1.32,1.50
2013.07.02 20:21:22.804,0.91425,0.91436,2.07,1.50
2013.07.02 20:21:33.414,0.91425,0.91436,1.32,1.50
2013.07.02 20:22:05.813,0.91425,0.91438,1.32,2.25
2013.07.02 20:22:06.363,0.91426,0.91438,1.32,1.50
2013.07.02 20:22:09.823,0.91426,0.91439,2.07,1.50
2013.07.02 20:22:10.334,0.91426,0.91438,1.32,1.50
2013.07.02 20:22:19.304,0.91425,0.91438,1.13,2.25
2013.07.02 20:22:19.724,0.91426,0.91439,1.50,1.69
2013.07.02 20:22:42.475,0.91427,0.91439,1.50,1.69
2013.07.02 20:23:02.443,0.91427,0.91439,1.13,1.50
2013.07.02 20:23:05.193,0.91426,0.91438,1.13,3.19
2013.07.02 20:23:05.434,0.91422,0.91436,2.25,2.25
2013.07.02 20:23:05.494,0.91423,0.91435,1.13,1.50
2013.07.02 20:23:05.674,0.91421,0.91434,1.69,1.88
2013.07.02 20:23:05.854,0.91417,0.91431,2.44,1.50
2013.07.02 20:23:05.975,0.91416,0.9143,3.19,1.50
2013.07.02 20:23:06.514,0.91416,0.91429,1.69,1.50
2013.07.02 20:23:07.025,0.91416,0.91429,1.69,1.50
2013.07.02 20:23:08.624,0.91417,0.9143,1.69,1.50
2013.07.02 20:23:09.135,0.91417,0.9143,1.69,2.25
2013.07.02 20:23:14.584,0.91416,0.91429,2.44,1.50
2013.07.02 20:23:15.116,0.91416,0.91428,1.69,1.50
2013.07.02 20:23:25.894,0.91417,0.9143,1.50,2.25
2013.07.02 20:23:26.536,0.91416,0.9143,2.63,2.25
2013.07.02 20:23:31.924,0.91417,0.9143,1.50,2.25
2013.07.02 20:23:38.175,0.91417,0.91431,2.44,2.25
2013.07.02 20:23:38.715,0.91418,0.91431,1.50,1.50
2013.07.02 20:23:40.977,0.91419,0.91431,1.50,1.50
2013.07.02 20:23:56.325,0.91418,0.91431,1.50,1.50
2013.07.02 20:23:56.567,0.91418,0.9143,1.50,1.50
2013.07.02 20:23:57.534,0.91418,0.9143,1.50,1.50
2013.07.02 20:23:58.305,0.91417,0.9143,2.25,1.50
2013.07.02 20:24:00.736,0.91417,0.91429,1.50,1.50
2013.07.02 20:24:02.935,0.91417,0.9143,1.50,1.50
2013.07.02 20:24:04.354,0.91418,0.91431,1.50,1.69
2013.07.02 20:24:08.645,0.91418,0.91432,1.50,2.25
2013.07.02 20:24:09.154,0.91419,0.91432,1.50,1.50
2013.07.02 20:24:09.714,0.91418,0.91431,1.50,1.50
2013.07.02 20:24:12.735,0.91419,0.91431,1.50,1.50
2013.07.02 20:24:17.733,0.91418,0.91431,1.69,1.50
2013.07.02 20:24:17.925,0.91418,0.91431,1.69,2.25
2013.07.02 20:24:18.465,0.91419,0.91431,1.50,1.50
2013.07.02 20:24:19.005,0.91418,0.91431,1.69,2.25
2013.07.02 20:24:19.543,0.91417,0.91431,2.44,2.25
2013.07.02 20:24:38.447,0.91417,0.91429,2.44,1.69
2013.07.02 20:24:38.566,0.91412,0.91424,1.50,1.88
2013.07.02 20:24:38.626,0.91409,0.91424,3.94,2.63
2013.07.02 20:24:38.925,0.91412,0.91424,1.50,1.13
2013.07.02 20:24:39.285,0.91416,0.91426,1.32,1.50
2013.07.02 20:24:40.028,0.91416,0.91429,2.07,2.25
2013.07.02 20:24:40.591,0.91416,0.91428,1.32,1.50
2013.07.02 20:24:42.685,0.91415,0.91425,2.44,1.13
2013.07.02 20:24:42.805,0.9141,0.91423,3.19,1.50
2013.07.02 20:24:43.717,0.91409,0.91423,2.44,1.50
2013.07.02 20:24:44.795,0.91409,0.91422,1.50,1.69
2013.07.02 20:24:45.494,0.91409,0.91422,1.50,1.69
2013.07.02 20:24:50.274,0.9141,0.91424,1.50,3.19
2013.07.02 20:24:50.335,0.91411,0.91424,1.50,2.25
2013.07.02 20:24:57.868,0.91411,0.91423,1.50,1.50
2013.07.02 20:24:58.745,0.91411,0.91423,1.50,2.44
2013.07.02 20:25:04.424,0.91414,0.91423,1.13,2.44
2013.07.02 20:25:04.545,0.91415,0.91426,1.13,1.50
2013.07.02 20:25:05.065,0.91414,0.91426,1.88,1.50
2013.07.02 20:25:06.855,0.91414,0.91426,1.50,1.50
2013.07.02 20:25:07.095,0.91416,0.91429,1.50,1.50
2013.07.02 20:25:07.634,0.91415,0.91427,1.88,1.69
2013.07.02 20:25:07.815,0.91411,0.91423,1.50,1.69
2013.07.02 20:25:09.617,0.91411,0.91424,1.50,3.57
2013.07.02 20:25:17.975,0.9141,0.91424,2.25,2.82
2013.07.02 20:25:20.114,0.91411,0.91423,1.50,1.50
2013.07.02 20:25:22.135,0.91411,0.91424,1.50,2.82
2013.07.02 20:25:24.984,0.9141,0.91423,1.50,1.50
2013.07.02 20:25:25.785,0.91411,0.91424,1.50,2.82
2013.07.02 20:25:36.808,0.91411,0.91424,1.50,3.19
2013.07.02 20:25:38.056,0.91411,0.91423,1.50,1.50
2013.07.02 20:25:38.575,0.91408,0.91421,1.50,1.50
2013.07.02 20:25:39.114,0.91407,0.9142,1.88,1.50
2013.07.02 20:25:39.995,0.91408,0.9142,1.50,1.50
2013.07.02 20:25:42.004,0.91407,0.9142,1.88,1.50
2013.07.02 20:25:42.629,0.91408,0.91421,1.50,1.50
2013.07.02 20:25:44.535,0.91407,0.9142,1.88,1.69
2013.07.02 20:25:51.834,0.91408,0.91421,1.88,1.69
2013.07.02 20:26:05.655,0.91409,0.91422,1.50,1.50
2013.07.02 20:26:24.174,0.91408,0.91421,1.88,1.50
2013.07.02 20:26:35.284,0.91408,0.91422,2.25,1.50
2013.07.02 20:26:36.927,0.91409,0.91422,1.13,1.50
2013.07.02 20:26:37.614,0.91409,0.91422,1.13,1.50
2013.07.02 20:26:37.915,0.9141,0.91422,1.50,1.50
2013.07.02 20:26:38.394,0.91414,0.91426,1.13,1.69
2013.07.02 20:26:38.456,0.91414,0.91427,1.13,2.44
2013.07.02 20:26:38.516,0.91415,0.91427,1.13,1.50
2013.07.02 20:26:38.695,0.91419,0.91432,1.50,1.69
2013.07.02 20:27:01.375,0.91419,0.91433,1.69,1.50
2013.07.02 20:27:04.337,0.91419,0.91433,1.50,1.50
2013.07.02 20:27:08.675,0.91419,0.91433,2.44,1.50
2013.07.02 20:27:14.259,0.91419,0.91433,2.44,1.50
2013.07.02 20:27:22.595,0.9142,0.91433,1.69,1.50
2013.07.02 20:27:32.307,0.91419,0.91433,2.44,1.50
2013.07.02 20:27:32.675,0.91419,0.91433,1.69,1.50
2013.07.02 20:27:39.065,0.91418,0.9143,1.69,1.50
2013.07.02 20:27:39.688,0.91418,0.9143,1.69,1.50
2013.07.02 20:27:44.235,0.91419,0.91429,1.69,1.50
2013.07.02 20:27:47.185,0.9142,0.91431,1.69,1.50
2013.07.02 20:27:47.244,0.9142,0.91432,1.69,1.50
2013.07.02 20:27:47.305,0.91422,0.91432,1.69,1.50
2013.07.02 20:27:48.045,0.91423,0.91431,1.69,1.50
2013.07.02 20:27:48.285,0.9142,0.9143,1.69,1.50
2013.07.02 20:27:49.480,0.91422,0.9143,1.69,1.50
2013.07.02 20:27:50.205,0.91422,0.9143,1.50,1.50
2013.07.02 20:27:52.295,0.9142,0.91429,1.69,1.50
2013.07.02 20:27:52.835,0.9142,0.9143,1.69,1.50
2013.07.02 20:27:52.895,0.91421,0.9143,1.69,1.50
2013.07.02 20:27:53.985,0.9142,0.91429,1.69,1.50
2013.07.02 20:27:54.905,0.9142,0.9143,1.69,1.50
2013.07.02 20:27:55.676,0.9142,0.91429,1.69,1.50
2013.07.02 20:27:55.735,0.91419,0.91429,1.69,1.50
2013.07.02 20:27:56.275,0.91417,0.9143,2.07,1.50
2013.07.02 20:27:59.685,0.9142,0.91433,1.50,1.50
2013.07.02 20:27:59.745,0.91421,0.91433,1.50,1.50
2013.07.02 20:28:00.537,0.91421,0.91433,1.50,2.25
2013.07.02 20:28:00.595,0.91418,0.91432,2.44,1.50
2013.07.02 20:28:05.405,0.91419,0.91429,1.69,1.50
2013.07.02 20:28:06.405,0.91416,0.91428,2.07,1.50
2013.07.02 20:28:06.465,0.91416,0.91428,2.07,1.50
2013.07.02 20:28:07.005,0.91416,0.91428,1.69,1.50
2013.07.02 20:28:07.926,0.91417,0.91428,1.69,1.50
2013.07.02 20:28:11.735,0.91417,0.91428,1.69,1.50
2013.07.02 20:28:11.975,0.91419,0.91429,2.07,1.50
2013.07.02 20:28:12.455,0.91417,0.91429,1.69,1.50
2013.07.02 20:28:13.626,0.91417,0.91429,1.69,1.50
2013.07.02 20:28:16.665,0.9142,0.91433,1.50,1.50
2013.07.02 20:28:16.866,0.91426,0.91434,1.50,1.50
2013.07.02 20:28:16.926,0.91428,0.91438,1.50,2.07
2013.07.02 20:28:16.985,0.91428,0.9144,1.50,2.44
2013.07.02 20:28:17.105,0.91426,0.9144,2.44,1.50
2013.07.02 20:28:17.465,0.91424,0.91437,1.69,1.50
2013.07.02 20:28:18.046,0.91423,0.91436,2.44,1.50
2013.07.02 20:28:18.725,0.91423,0.91435,1.69,1.50
2013.07.02 20:28:19.025,0.91421,0.91434,1.50,1.50
2013.07.02 20:28:19.325,0.91419,0.91433,3.19,1.50
2013.07.02 20:28:20.107,0.91419,0.91432,2.44,1.50
2013.07.02 20:28:20.286,0.91409,0.91415,1.50,1.13
2013.07.02 20:28:20.406,0.91409,0.91415,1.50,1.88
2013.07.02 20:28:20.527,0.91403,0.91415,1.50,1.88
2013.07.02 20:28:21.065,0.91403,0.91415,1.50,1.88
2013.07.02 20:28:23.076,0.91403,0.91415,1.50,1.88
2013.07.02 20:28:24.236,0.91403,0.91415,1.69,1.88
2013.07.02 20:28:24.475,0.91403,0.91415,1.69,1.88
2013.07.02 20:28:24.655,0.91403,0.91415,2.07,1.88
2013.07.02 20:28:26.606,0.91403,0.91414,2.63,1.69
2013.07.02 20:28:26.965,0.91405,0.91414,1.13,1.69
2013.07.02 20:28:27.506,0.91405,0.91414,1.13,1.69
2013.07.02 20:28:28.935,0.91409,0.91417,1.50,1.69
2013.07.02 20:28:29.055,0.91409,0.91422,1.50,2.25
2013.07.02 20:28:29.115,0.91409,0.91422,1.50,1.50
2013.07.02 20:28:40.955,0.9141,0.91424,2.25,1.50
2013.07.02 20:28:41.475,0.9141,0.91423,1.50,1.50
2013.07.02 20:29:10.895,0.91409,0.91424,2.25,1.69
2013.07.02 20:29:11.526,0.91411,0.91424,1.50,1.50
2013.07.02 20:29:11.705,0.91413,0.91424,1.13,1.50
2013.07.02 20:29:11.765,0.91415,0.91427,1.13,2.44
2013.07.02 20:29:12.705,0.9142,0.91427,1.13,1.69
2013.07.02 20:29:13.125,0.9142,0.91436,1.13,1.69
2013.07.02 20:29:13.825,0.9142,0.91438,2.25,3.19
2013.07.02 20:29:13.884,0.91421,0.91438,1.88,1.50
2013.07.02 20:29:13.946,0.91426,0.91439,1.50,3.00
2013.07.02 20:29:14.005,0.91426,0.91439,1.50,2.25
2013.07.02 20:29:14.545,0.91425,0.91439,1.69,3.00
2013.07.02 20:29:15.116,0.91426,0.91439,1.50,2.25
2013.07.02 20:29:15.655,0.91426,0.91439,1.50,2.25
2013.07.02 20:29:16.931,0.91426,0.91439,1.50,2.25
2013.07.02 20:29:21.774,0.91426,0.91439,1.50,1.50
2013.07.02 20:29:21.841,0.91427,0.9144,2.82,1.50
2013.07.02 20:29:23.005,0.91428,0.91441,1.69,1.50
2013.07.02 20:29:25.890,0.91429,0.91441,1.69,1.50
2013.07.02 20:29:30.795,0.91429,0.91441,1.69,1.50
2013.07.02 20:29:31.309,0.91428,0.91441,1.50,1.50
2013.07.02 20:29:31.655,0.91433,0.91442,1.13,1.88
2013.07.02 20:29:31.778,0.91433,0.91445,1.13,1.50
2013.07.02 20:29:31.837,0.91435,0.91445,1.13,1.50
2013.07.02 20:29:31.896,0.91435,0.91445,1.13,2.25
2013.07.02 20:29:31.957,0.91431,0.91443,1.69,1.50
2013.07.02 20:29:32.136,0.91429,0.91442,1.50,1.50
2013.07.02 20:29:32.675,0.91429,0.91442,1.50,1.50
2013.07.02 20:29:51.746,0.91431,0.91444,1.50,2.25
2013.07.02 20:29:51.926,0.91433,0.91445,1.50,1.50
2013.07.02 20:29:52.046,0.91433,0.91446,3.38,1.50
2013.07.02 20:29:52.166,0.91433,0.91446,2.63,1.50
2013.07.02 20:29:52.345,0.91429,0.91443,4.32,1.50
2013.07.02 20:29:52.945,0.91429,0.91443,2.44,1.50
2013.07.02 20:30:04.655,0.91431,0.91445,1.50,2.25
2013.07.02 20:30:05.016,0.91432,0.91445,3.57,1.50
2013.07.02 20:30:05.576,0.91433,0.91447,1.69,1.50
2013.07.02 20:30:07.655,0.91434,0.91447,1.69,1.50
2013.07.02 20:30:11.925,0.91436,0.91447,1.13,1.50
2013.07.02 20:30:12.475,0.91436,0.91448,1.32,1.50
2013.07.02 20:30:14.595,0.91436,0.91448,2.07,1.50
2013.07.02 20:30:17.295,0.91438,0.91448,1.69,1.50
2013.07.02 20:30:17.926,0.91437,0.91448,1.69,1.50
2013.07.02 20:30:18.106,0.91439,0.91448,1.69,1.50
2013.07.02 20:30:19.125,0.91439,0.91448,1.69,1.50
2013.07.02 20:30:19.625,0.91437,0.91448,1.69,1.50
2013.07.02 20:30:21.945,0.91439,0.91448,1.69,1.50
2013.07.02 20:30:26.775,0.91439,0.9145,1.69,1.50
2013.07.02 20:30:26.835,0.91438,0.91449,1.69,1.13
2013.07.02 20:30:27.016,0.91435,0.91445,1.69,1.88
2013.07.02 20:30:27.136,0.91433,0.91445,2.44,1.88
2013.07.02 20:30:27.195,0.91438,0.9145,1.50,1.69
2013.07.02 20:30:27.955,0.91439,0.91452,1.69,2.25
2013.07.02 20:30:28.495,0.91439,0.91451,1.69,1.50
2013.07.02 20:30:31.408,0.91439,0.91451,1.69,1.69
2013.07.02 20:30:31.766,0.91439,0.91451,1.69,1.69
2013.07.02 20:30:31.825,0.91439,0.91452,1.69,2.25
2013.07.02 20:30:32.365,0.91439,0.91452,1.50,2.25
2013.07.02 20:30:42.171,0.91439,0.91451,1.69,1.50
2013.07.02 20:30:42.296,0.91437,0.9145,1.69,1.88
2013.07.02 20:30:42.355,0.91435,0.9145,4.32,3.38
2013.07.02 20:30:42.415,0.91435,0.91448,2.82,1.50
2013.07.02 20:30:53.955,0.91436,0.91448,1.69,1.50
2013.07.02 20:31:00.966,0.91435,0.91448,2.07,2.25
2013.07.02 20:31:10.225,0.91436,0.91448,1.69,2.25
2013.07.02 20:31:15.955,0.91437,0.91448,1.69,2.25
2013.07.02 20:31:18.506,0.91437,0.9145,1.69,1.50
2013.07.02 20:31:19.385,0.91437,0.91449,1.69,1.50
2013.07.02 20:31:19.926,0.91437,0.91448,1.69,1.50
2013.07.02 20:31:21.805,0.91435,0.91448,1.88,1.50
2013.07.02 20:31:21.925,0.9144,0.91448,1.13,1.50
2013.07.02 20:31:21.985,0.9144,0.91454,1.13,1.50
2013.07.02 20:31:22.105,0.91438,0.91454,1.32,1.50
2013.07.02 20:31:22.405,0.91439,0.91451,1.50,1.50
2013.07.02 20:31:23.229,0.91435,0.91448,1.32,1.50
2013.07.02 20:31:23.788,0.91434,0.91448,2.25,1.50
2013.07.02 20:31:39.695,0.91435,0.91448,3.19,1.50
2013.07.02 20:31:49.125,0.91434,0.91448,4.69,1.50
2013.07.02 20:31:50.255,0.91435,0.91447,2.44,1.50
2013.07.02 20:31:52.098,0.91436,0.91451,1.69,2.25
2013.07.02 20:31:59.326,0.91437,0.91451,2.44,1.50
2013.07.02 20:32:01.236,0.91437,0.91451,1.50,1.50
2013.07.02 20:32:04.626,0.91439,0.91452,2.25,1.50
2013.07.02 20:32:05.176,0.91439,0.91452,2.25,1.50
2013.07.02 20:32:05.685,0.91439,0.91451,1.50,1.50
2013.07.02 20:32:06.225,0.91438,0.91451,2.25,1.69
2013.07.02 20:32:10.775,0.91438,0.9145,1.50,1.50
2013.07.02 20:32:11.411,0.91438,0.91451,2.25,1.69
2013.07.02 20:32:17.765,0.91438,0.9145,1.50,1.50
2013.07.02 20:32:18.774,0.91438,0.91451,1.50,2.44
2013.07.02 20:32:19.275,0.91437,0.9145,1.88,1.50
2013.07.02 20:32:20.518,0.91437,0.9145,1.88,1.50
2013.07.02 20:32:21.136,0.91438,0.91451,1.50,1.69
2013.07.02 20:32:21.872,0.91437,0.9145,1.88,1.50
2013.07.02 20:32:23.627,0.91437,0.9145,1.50,1.69
2013.07.02 20:32:23.866,0.91436,0.91448,1.13,1.50
2013.07.02 20:32:24.166,0.91436,0.91448,1.13,1.50
2013.07.02 20:32:24.346,0.91436,0.91448,1.13,1.50
2013.07.02 20:32:24.706,0.91436,0.91448,1.13,1.50
2013.07.02 20:32:24.765,0.91436,0.91448,1.13,1.50
2013.07.02 20:32:24.825,0.91436,0.91448,1.13,1.50
2013.07.02 20:32:25.005,0.91436,0.91448,1.13,1.50
2013.07.02 20:32:25.786,0.91438,0.9145,1.50,1.13
2013.07.02 20:32:25.846,0.91439,0.91451,1.50,1.69
2013.07.02 20:32:26.545,0.91438,0.91451,1.50,1.69
2013.07.02 20:32:26.935,0.91438,0.91451,1.50,1.69
2013.07.02 20:32:34.905,0.91437,0.9145,1.50,2.44
2013.07.02 20:32:35.025,0.91436,0.91444,1.50,1.13
2013.07.02 20:32:35.087,0.91431,0.91444,1.50,2.82
2013.07.02 20:32:35.446,0.91438,0.91447,1.50,2.44
2013.07.02 20:32:35.566,0.91436,0.91449,3.19,1.50
2013.07.02 20:32:35.865,0.9144,0.91453,1.50,2.44
2013.07.02 20:32:36.166,0.9144,0.91453,1.50,1.50
2013.07.02 20:32:36.406,0.91442,0.91455,2.25,1.32
2013.07.02 20:32:36.945,0.91443,0.91455,1.50,1.32
2013.07.02 20:32:37.446,0.91438,0.91448,2.07,1.13
2013.07.02 20:32:37.566,0.9144,0.91446,1.69,1.13
2013.07.02 20:32:37.626,0.91437,0.91449,2.25,1.32
2013.07.02 20:32:37.686,0.91436,0.91449,1.88,1.69
2013.07.02 20:32:37.806,0.91441,0.91453,1.50,3.19
2013.07.02 20:32:37.866,0.91441,0.91453,1.50,3.19
2013.07.02 20:32:37.925,0.91441,0.91454,1.50,1.69
2013.07.02 20:32:38.405,0.91442,0.91455,1.50,1.88
2013.07.02 20:32:39.538,0.91442,0.91455,1.50,1.88
2013.07.02 20:32:43.486,0.91441,0.91454,1.50,2.07
2013.07.02 20:32:44.415,0.91442,0.91454,1.50,1.32
2013.07.02 20:32:44.926,0.91441,0.91454,1.50,1.88
2013.07.02 20:32:45.498,0.91442,0.91454,1.50,1.13
2013.07.02 20:32:46.775,0.91443,0.91454,1.50,1.13
2013.07.02 20:32:46.836,0.91441,0.9145,1.50,1.13
2013.07.02 20:32:47.016,0.91438,0.9145,2.82,1.13
2013.07.02 20:32:47.518,0.91438,0.9145,2.82,1.13
2013.07.02 20:32:56.145,0.9144,0.9145,2.25,1.13
2013.07.02 20:32:56.625,0.91438,0.9145,1.50,1.50
2013.07.02 20:32:57.197,0.91438,0.91451,1.88,1.50
2013.07.02 20:33:00.656,0.91441,0.91454,1.88,1.50
2013.07.02 20:33:00.716,0.91441,0.91455,2.63,2.25
2013.07.02 20:33:01.355,0.91443,0.91456,1.50,1.50
2013.07.02 20:33:01.906,0.91444,0.91456,1.50,1.13
2013.07.02 20:33:11.406,0.91445,0.91455,2.25,1.13
2013.07.02 20:33:11.465,0.91446,0.91459,2.63,1.69
2013.07.02 20:33:11.646,0.91446,0.91463,1.88,2.44
2013.07.02 20:33:11.770,0.91446,0.9146,1.13,1.69
2013.07.02 20:33:12.076,0.9144,0.9145,1.50,1.50
2013.07.02 20:33:12.136,0.9144,0.9145,1.50,1.50
2013.07.02 20:33:12.778,0.91437,0.9145,1.50,1.50
2013.07.02 20:33:13.156,0.91436,0.91448,1.13,1.50
2013.07.02 20:33:13.565,0.91438,0.91451,1.50,1.50
2013.07.02 20:33:13.986,0.91438,0.91451,1.50,1.50
2013.07.02 20:33:19.955,0.91441,0.91455,2.25,1.69
2013.07.02 20:33:20.496,0.91441,0.91453,1.50,1.50
2013.07.02 20:33:20.959,0.91439,0.91451,1.13,1.50
2013.07.02 20:33:21.020,0.91439,0.91451,1.13,1.50
2013.07.02 20:33:21.145,0.91436,0.91449,2.44,1.50
2013.07.02 20:33:21.266,0.91436,0.91449,2.44,1.50
2013.07.02 20:33:22.316,0.91436,0.91449,2.82,1.50
2013.07.02 20:33:40.725,0.91436,0.91449,2.44,1.50
2013.07.02 20:33:41.515,0.91436,0.91448,2.25,1.69
2013.07.02 20:33:41.575,0.91436,0.91448,2.25,1.69
2013.07.02 20:33:42.833,0.91436,0.91448,1.50,1.69
2013.07.02 20:33:42.895,0.91435,0.91448,1.69,2.44
2013.07.02 20:33:43.136,0.91428,0.91441,2.63,1.50
2013.07.02 20:33:43.436,0.91428,0.91441,1.50,1.50
2013.07.02 20:33:43.676,0.91429,0.91441,1.50,1.50
2013.07.02 20:33:44.896,0.9143,0.91441,1.50,1.50
2013.07.02 20:33:49.295,0.9143,0.91441,3.00,1.50
2013.07.02 20:33:50.846,0.9143,0.91441,1.50,1.50
2013.07.02 20:33:53.116,0.9143,0.91441,3.00,1.50
2013.07.02 20:34:00.909,0.91433,0.91441,3.19,1.50
2013.07.02 20:34:02.998,0.91429,0.91441,2.25,1.50
2013.07.02 20:34:03.116,0.91428,0.91441,2.63,1.50
2013.07.02 20:34:04.527,0.91428,0.91441,4.13,1.50
2013.07.02 20:34:04.586,0.91428,0.91441,2.63,1.50
2013.07.02 20:34:07.287,0.91431,0.91441,1.32,1.50
2013.07.02 20:34:07.466,0.91432,0.91441,1.50,1.50
2013.07.02 20:34:08.005,0.91433,0.91442,1.50,1.50
2013.07.02 20:34:08.185,0.91433,0.91456,1.50,1.69
2013.07.02 20:34:08.396,0.91432,0.91441,1.50,1.50
2013.07.02 20:34:08.456,0.91432,0.91441,1.50,1.50
2013.07.02 20:34:09.136,0.9143,0.91441,1.50,1.50
2013.07.02 20:34:10.226,0.9143,0.91437,1.50,1.50
2013.07.02 20:34:10.346,0.91427,0.91436,1.50,1.50
2013.07.02 20:34:11.706,0.91427,0.91436,1.50,1.50
2013.07.02 20:34:12.391,0.91428,0.91436,1.50,1.50
2013.07.02 20:34:13.116,0.91427,0.91436,1.50,1.50
2013.07.02 20:34:19.756,0.91428,0.91437,2.44,1.50
2013.07.02 20:34:25.346,0.91431,0.91438,2.44,1.50
2013.07.02 20:34:31.426,0.91431,0.91439,2.44,1.50
2013.07.02 20:34:37.766,0.91425,0.91436,2.25,1.50
2013.07.02 20:34:37.888,0.91426,0.91436,1.50,1.50
2013.07.02 20:34:38.426,0.91426,0.91436,3.00,1.50
2013.07.02 20:34:38.975,0.91426,0.91436,1.50,1.50
2013.07.02 20:34:39.667,0.91427,0.91436,1.50,1.50
2013.07.02 20:34:40.205,0.91427,0.91436,2.44,1.50
2013.07.02 20:34:48.245,0.91427,0.91436,2.44,1.50
2013.07.02 20:34:48.676,0.91427,0.91436,1.50,1.50
2013.07.02 20:34:48.796,0.91428,0.91436,1.69,1.50
2013.07.02 20:35:01.905,0.91428,0.91448,1.69,1.69
2013.07.02 20:35:02.026,0.91429,0.91448,2.44,1.50
2013.07.02 20:35:02.386,0.91436,0.91448,1.88,1.69
2013.07.02 20:35:04.256,0.91436,0.91449,2.63,1.50
2013.07.02 20:35:04.927,0.91436,0.91449,2.63,2.25
2013.07.02 20:35:08.958,0.91436,0.91448,2.25,1.50
2013.07.02 20:35:22.306,0.91439,0.91448,2.44,1.50
2013.07.02 20:35:24.835,0.91436,0.91448,2.44,1.50
2013.07.02 20:35:31.836,0.91436,0.91448,2.63,1.69
2013.07.02 20:35:34.356,0.91436,0.91448,2.63,1.50
2013.07.02 20:35:36.609,0.91436,0.91448,3.57,1.50
2013.07.02 20:35:40.377,0.91436,0.91448,2.82,1.50
2013.07.02 20:35:50.436,0.91439,0.91448,2.44,1.50
2013.07.02 20:36:01.166,0.91439,0.91448,2.44,1.50
2013.07.02 20:36:01.226,0.91435,0.91448,1.13,1.50
2013.07.02 20:36:01.286,0.91431,0.91448,2.25,1.50
2013.07.02 20:36:01.346,0.91428,0.91448,2.25,1.50
2013.07.02 20:36:01.466,0.91428,0.91441,2.25,1.50
2013.07.02 20:36:01.646,0.91429,0.91441,1.50,1.50
2013.07.02 20:36:02.136,0.91428,0.9144,1.50,1.50
2013.07.02 20:36:02.257,0.91425,0.91438,1.50,1.50
2013.07.02 20:36:02.786,0.91425,0.91438,1.50,1.50
2013.07.02 20:36:03.296,0.91425,0.91438,1.50,1.50
2013.07.02 20:36:10.445,0.91424,0.91436,1.69,1.50
2013.07.02 20:36:10.759,0.91431,0.91438,2.25,1.50
2013.07.02 20:36:11.646,0.91432,0.91439,2.25,1.50
2013.07.02 20:36:49.086,0.9143,0.91439,2.44,1.50
2013.07.02 20:37:02.926,0.91431,0.9144,1.50,1.50
2013.07.02 20:37:03.795,0.91428,0.91439,1.50,1.50
2013.07.02 20:37:12.896,0.91433,0.91441,1.50,1.50
2013.07.02 20:37:13.136,0.91436,0.91449,2.63,2.44
2013.07.02 20:37:13.256,0.91436,0.91448,2.63,1.69
2013.07.02 20:37:13.848,0.91436,0.91448,2.63,1.69
2013.07.02 20:37:14.206,0.91429,0.91437,1.50,1.50
2013.07.02 20:37:23.376,0.91432,0.91438,2.25,1.50
2013.07.02 20:37:31.840,0.91429,0.91437,1.50,1.50
2013.07.02 20:37:36.557,0.91429,0.91436,1.50,1.50
2013.07.02 20:37:40.656,0.91431,0.91437,2.25,1.50
2013.07.02 20:37:49.717,0.91433,0.91439,2.25,1.50
2013.07.02 20:37:50.016,0.91429,0.91436,1.50,1.50
2013.07.02 20:37:54.076,0.91429,0.91436,1.50,1.50
2013.07.02 20:37:54.590,0.91428,0.91436,1.50,1.50
2013.07.02 20:37:56.939,0.91429,0.91436,1.50,1.50
2013.07.02 20:37:57.477,0.91427,0.91436,2.25,1.50
2013.07.02 20:38:00.057,0.91429,0.91437,1.69,1.50
2013.07.02 20:38:01.576,0.91429,0.91438,3.19,1.50
2013.07.02 20:38:01.937,0.91431,0.91438,1.50,1.50
2013.07.02 20:38:02.057,0.91429,0.91437,1.50,1.50
2013.07.02 20:38:02.605,0.91429,0.91438,2.25,1.50
2013.07.02 20:38:03.618,0.9143,0.91439,1.50,1.50
2013.07.02 20:38:03.677,0.91436,0.91451,2.25,2.44
2013.07.02 20:38:03.736,0.91436,0.91451,2.25,1.50
2013.07.02 20:38:03.796,0.91436,0.91451,2.25,1.50
2013.07.02 20:38:04.156,0.91441,0.91453,1.50,1.50
2013.07.02 20:38:05.347,0.91441,0.91453,1.50,1.50
2013.07.02 20:38:06.386,0.91441,0.91453,1.50,1.50
2013.07.02 20:38:14.673,0.91442,0.91453,1.69,1.50
2013.07.02 20:38:15.568,0.91442,0.91454,1.69,2.25
2013.07.02 20:38:18.106,0.91443,0.91454,1.69,1.50
2013.07.02 20:38:18.226,0.91446,0.91459,1.69,1.50
2013.07.02 20:38:18.288,0.91446,0.9146,2.44,1.88
2013.07.02 20:38:18.466,0.91447,0.91461,2.44,1.50
2013.07.02 20:38:19.906,0.91447,0.9146,2.44,2.25
2013.07.02 20:38:20.514,0.91447,0.9146,1.69,2.25
2013.07.02 20:38:21.106,0.91447,0.9146,1.69,2.25
2013.07.02 20:38:21.616,0.91447,0.9146,1.69,1.50
2013.07.02 20:38:21.736,0.91457,0.91465,1.13,2.44
2013.07.02 20:38:21.857,0.91462,0.91472,1.50,1.50
2013.07.02 20:38:21.916,0.91464,0.91473,1.50,1.50
2013.07.02 20:38:22.427,0.91464,0.91475,1.69,2.25
2013.07.02 20:38:23.456,0.91464,0.91475,1.69,2.25
2013.07.02 20:38:24.427,0.91464,0.91475,1.69,2.25
2013.07.02 20:38:25.466,0.91464,0.91475,1.69,2.63
2013.07.02 20:38:36.658,0.91462,0.91475,1.69,1.88
2013.07.02 20:38:36.776,0.9146,0.91475,2.44,1.88
2013.07.02 20:38:37.456,0.9146,0.91472,2.44,1.50
2013.07.02 20:38:37.996,0.9146,0.91472,1.50,1.50
2013.07.02 20:38:51.981,0.9146,0.91472,1.50,1.50
2013.07.02 20:38:55.418,0.91461,0.91474,1.69,1.50
2013.07.02 20:38:55.657,0.9146,0.91473,2.44,2.25
2013.07.02 20:38:56.196,0.9146,0.91472,1.50,1.50
2013.07.02 20:38:56.736,0.9146,0.91473,1.50,2.25
2013.07.02 20:38:59.021,0.91461,0.91473,1.50,2.25
2013.07.02 20:39:00.227,0.91459,0.91473,1.50,1.50
2013.07.02 20:39:00.290,0.9145,0.91469,2.25,1.50
2013.07.02 20:39:00.587,0.91447,0.91461,2.25,1.50
2013.07.02 20:39:00.767,0.91446,0.91461,1.13,1.50
2013.07.02 20:39:00.826,0.91445,0.91458,1.50,1.50
2013.07.02 20:39:05.348,0.91447,0.91459,1.50,1.50
2013.07.02 20:39:05.468,0.91451,0.91465,1.50,1.50
2013.07.02 20:39:05.587,0.91454,0.91467,1.50,3.00
2013.07.02 20:39:05.647,0.91454,0.91467,1.50,1.50
2013.07.02 20:39:06.243,0.91454,0.91468,1.50,1.50
2013.07.02 20:39:07.686,0.91448,0.91461,2.44,1.50
2013.07.02 20:39:07.927,0.91446,0.91459,1.50,1.50
2013.07.02 20:39:08.226,0.91444,0.91458,1.50,1.50
2013.07.02 20:39:12.576,0.91447,0.91461,1.50,1.50
2013.07.02 20:39:12.938,0.9145,0.91461,1.69,1.50
2013.07.02 20:39:16.157,0.91452,0.91462,1.69,1.50
2013.07.02 20:39:16.406,0.91456,0.9147,1.50,1.50
2013.07.02 20:39:20.166,0.91456,0.9147,1.50,1.50
2013.07.02 20:39:22.208,0.91455,0.91469,1.50,1.50
2013.07.02 20:39:22.328,0.91455,0.91469,2.25,1.50
2013.07.02 20:39:24.628,0.91455,0.91469,1.50,1.50
2013.07.02 20:39:24.772,0.91455,0.91469,1.50,1.50
2013.07.02 20:39:24.896,0.91455,0.91469,2.25,1.50
2013.07.02 20:39:26.686,0.91453,0.91469,2.44,1.50
2013.07.02 20:39:26.746,0.91452,0.91468,1.50,1.50
2013.07.02 20:39:26.806,0.91452,0.91468,1.88,1.50
2013.07.02 20:39:27.167,0.9145,0.91461,1.50,1.50
2013.07.02 20:39:33.296,0.91451,0.91461,1.69,1.50
2013.07.02 20:39:37.586,0.91453,0.91462,2.44,1.50
2013.07.02 20:39:47.726,0.9145,0.91461,2.25,1.50
2013.07.02 20:39:52.557,0.9145,0.91461,1.50,1.50
2013.07.02 20:39:53.096,0.91448,0.91461,3.00,1.50
2013.07.02 20:39:57.136,0.91451,0.91461,1.69,1.50
2013.07.02 20:40:01.696,0.91453,0.91462,2.44,1.50
2013.07.02 20:41:01.898,0.9145,0.91461,3.00,1.50
2013.07.02 20:41:26.185,0.91452,0.91461,1.69,1.50
2013.07.02 20:41:32.738,0.9145,0.91461,1.50,1.50
2013.07.02 20:41:34.963,0.91448,0.91461,2.25,1.50
2013.07.02 20:41:38.146,0.9145,0.91461,1.50,1.50
2013.07.02 20:41:38.206,0.91452,0.91466,2.25,1.50
2013.07.02 20:41:48.877,0.91454,0.91466,2.44,1.50
2013.07.02 20:42:00.506,0.91455,0.91466,2.44,1.50
2013.07.02 20:42:16.887,0.9146,0.91467,2.44,1.50
2013.07.02 20:42:31.383,0.91461,0.91468,2.44,1.50
2013.07.02 20:42:48.416,0.91461,0.91469,1.50,1.50
2013.07.02 20:42:53.057,0.9146,0.91469,2.44,1.50
2013.07.02 20:43:01.226,0.91459,0.91468,3.19,1.50
2013.07.02 20:43:01.526,0.91462,0.91469,1.50,1.50
2013.07.02 20:43:16.256,0.91462,0.91471,2.44,1.50
2013.07.02 20:43:24.967,0.91462,0.9147,2.25,1.50
2013.07.02 20:43:30.526,0.91462,0.91469,1.50,1.50
2013.07.02 20:43:32.096,0.91461,0.91469,2.44,1.50
2013.07.02 20:43:34.208,0.91461,0.91469,2.44,1.50
2013.07.02 20:43:37.296,0.91459,0.91466,1.50,1.50
2013.07.02 20:43:37.478,0.91458,0.91471,2.25,1.50
2013.07.02 20:43:38.504,0.91457,0.91471,1.50,1.50
2013.07.02 20:43:38.747,0.91455,0.91469,2.25,1.50
2013.07.02 20:44:03.238,0.91455,0.91469,1.69,1.50
2013.07.02 20:44:03.596,0.91457,0.9147,1.69,1.50
2013.07.02 20:44:03.657,0.91456,0.9147,1.50,1.50
2013.07.02 20:44:05.627,0.91457,0.91469,1.50,1.50
2013.07.02 20:44:05.987,0.91452,0.91461,1.50,2.25
2013.07.02 20:44:07.068,0.91452,0.91461,1.50,2.25
2013.07.02 20:44:08.137,0.91451,0.91461,1.88,2.25
2013.07.02 20:44:08.687,0.91452,0.91465,2.63,1.50
2013.07.02 20:44:08.806,0.91453,0.91466,1.50,1.50
2013.07.02 20:44:08.927,0.91453,0.9147,2.25,1.50
2013.07.02 20:44:08.987,0.91456,0.9147,1.50,1.50
2013.07.02 20:44:09.526,0.91455,0.91469,1.50,1.50
2013.07.02 20:44:15.547,0.91456,0.91469,1.50,1.50
2013.07.02 20:44:15.848,0.91464,0.91476,1.13,2.25
2013.07.02 20:44:15.907,0.91465,0.91476,1.13,1.50
2013.07.02 20:44:16.416,0.91465,0.91476,1.13,1.50
2013.07.02 20:44:17.578,0.91465,0.91475,1.13,1.50
2013.07.02 20:44:20.887,0.91465,0.91476,1.13,1.50
2013.07.02 20:44:21.430,0.91465,0.91476,1.13,1.50
2013.07.02 20:44:31.211,0.91465,0.91475,1.13,1.50
2013.07.02 20:44:36.897,0.91463,0.91475,1.50,1.69
2013.07.02 20:44:36.957,0.91458,0.91474,1.13,1.69
2013.07.02 20:44:37.197,0.91457,0.9147,1.13,1.50
2013.07.02 20:44:37.256,0.91456,0.9147,1.50,1.50
2013.07.02 20:44:38.707,0.91453,0.91469,1.50,1.50
2013.07.02 20:44:38.768,0.91452,0.91466,1.50,1.50
2013.07.02 20:44:41.487,0.91448,0.91474,2.25,1.69
2013.07.02 20:44:43.259,0.91447,0.91473,3.00,1.69
2013.07.02 20:44:43.317,0.9145,0.91476,3.19,2.44
2013.07.02 20:44:46.627,0.91451,0.91477,3.19,2.44
2013.07.02 20:44:46.747,0.91451,0.91474,2.25,1.69
2013.07.02 20:44:48.317,0.91451,0.91475,1.50,1.69
2013.07.02 20:44:53.148,0.91452,0.91477,2.44,2.44
2013.07.02 20:44:56.177,0.91448,0.91472,1.50,1.69
2013.07.02 20:44:56.537,0.91448,0.91471,1.50,2.44
2013.07.02 20:44:57.407,0.91448,0.91471,1.50,2.82
2013.07.02 20:44:57.527,0.91446,0.9147,1.50,1.69
2013.07.02 20:44:57.587,0.91446,0.9147,1.50,1.69
2013.07.02 20:44:58.127,0.91446,0.91471,1.50,1.69
2013.07.02 20:44:58.859,0.91445,0.91467,2.25,1.32
2013.07.02 20:44:58.987,0.9144,0.91466,1.50,2.44
2013.07.02 20:44:59.107,0.91442,0.91466,1.69,2.25
2013.07.02 20:44:59.227,0.91445,0.91472,1.69,3.19
2013.07.02 20:44:59.413,0.91446,0.91472,1.69,1.69
2013.07.02 20:44:59.717,0.91446,0.91471,1.50,1.69
2013.07.02 20:45:00.569,0.91444,0.9147,2.25,1.69
2013.07.02 20:45:01.137,0.91442,0.91468,2.44,1.69
2013.07.02 20:45:01.766,0.91442,0.91468,1.69,1.69
2013.07.02 20:45:07.027,0.91442,0.91468,3.19,1.69
2013.07.02 20:45:15.327,0.91447,0.9147,2.44,2.63
2013.07.02 20:45:18.037,0.91444,0.9147,1.69,2.63
2013.07.02 20:45:18.547,0.91445,0.9147,1.69,1.13
2013.07.02 20:45:19.119,0.91444,0.9147,1.69,2.63
2013.07.02 20:45:25.269,0.91445,0.9147,2.44,1.13
2013.07.02 20:45:25.328,0.91448,0.9147,2.44,1.13
2013.07.02 20:45:26.008,0.91448,0.9147,2.44,2.63
2013.07.02 20:45:26.427,0.91445,0.9147,1.69,2.63
2013.07.02 20:45:27.015,0.91445,0.9147,1.69,1.13
2013.07.02 20:45:29.277,0.91445,0.9147,3.19,1.13
2013.07.02 20:45:35.055,0.91445,0.9147,2.44,2.63
2013.07.02 20:45:35.598,0.91445,0.9147,3.19,1.13
2013.07.02 20:45:35.657,0.91445,0.91468,3.19,1.50
2013.07.02 20:45:35.778,0.91445,0.91465,2.44,1.50
2013.07.02 20:45:36.327,0.91442,0.91465,2.44,2.25
2013.07.02 20:45:36.567,0.91442,0.91465,2.44,2.25
2013.07.02 20:45:36.927,0.91443,0.91465,1.69,1.50
2013.07.02 20:45:38.880,0.91443,0.91465,1.69,1.50
2013.07.02 20:45:39.587,0.91442,0.91465,2.44,2.25
2013.07.02 20:45:39.837,0.91442,0.91465,1.69,1.50
2013.07.02 20:45:39.897,0.91442,0.91465,1.69,1.50
2013.07.02 20:45:40.137,0.91445,0.9147,1.69,1.88
2013.07.02 20:45:40.676,0.91444,0.9147,3.19,3.38
2013.07.02 20:45:41.577,0.91444,0.9147,3.19,2.63
2013.07.02 20:45:45.658,0.91446,0.91467,1.69,1.50
2013.07.02 20:45:46.017,0.91445,0.91457,1.13,1.13
2013.07.02 20:45:46.366,0.91444,0.91457,1.13,1.13
2013.07.02 20:45:46.547,0.91443,0.91457,1.50,1.13
2013.07.02 20:45:47.337,0.91444,0.91457,1.13,1.13
2013.07.02 20:45:47.648,0.91444,0.91459,1.13,1.32
2013.07.02 20:45:47.768,0.91442,0.91461,1.13,1.32
2013.07.02 20:45:47.827,0.91444,0.91468,2.44,3.00
2013.07.02 20:45:47.887,0.91445,0.9147,1.69,1.13
2013.07.02 20:45:48.497,0.91444,0.9147,3.19,2.63
2013.07.02 20:45:48.737,0.91444,0.91467,3.19,1.50
2013.07.02 20:45:49.258,0.91444,0.91466,2.44,1.50
2013.07.02 20:45:49.817,0.91444,0.91468,2.44,1.50
2013.07.02 20:45:54.568,0.91448,0.91469,2.44,2.25
2013.07.02 20:45:54.747,0.91446,0.91469,1.69,2.25
2013.07.02 20:45:55.647,0.91448,0.91468,3.57,1.50
2013.07.02 20:45:55.947,0.91454,0.91475,2.82,1.50
2013.07.02 20:45:56.068,0.91457,0.91476,2.44,3.00
2013.07.02 20:45:56.127,0.91457,0.91476,2.44,1.50
2013.07.02 20:45:56.676,0.91457,0.91476,2.44,1.50
2013.07.02 20:45:57.347,0.91457,0.91475,2.44,1.50
2013.07.02 20:45:58.296,0.91457,0.91475,2.44,1.50
2013.07.02 20:45:58.537,0.91454,0.91469,2.44,1.50
2013.07.02 20:45:58.597,0.91454,0.9147,1.69,1.88
2013.07.02 20:45:58.656,0.91454,0.91469,1.69,1.50
2013.07.02 20:45:59.278,0.91454,0.91469,1.69,1.50
2013.07.02 20:46:00.177,0.91456,0.91469,1.69,1.50
2013.07.02 20:46:00.237,0.91456,0.91474,1.32,1.50
2013.07.02 20:46:00.357,0.91456,0.91476,1.32,1.50
2013.07.02 20:46:00.917,0.91456,0.91477,2.07,1.50
2013.07.02 20:46:02.156,0.91458,0.91476,1.69,1.50
2013.07.02 20:46:02.357,0.91459,0.91476,2.44,1.50
2013.07.02 20:46:05.758,0.91459,0.91476,2.44,1.50
2013.07.02 20:46:10.186,0.91457,0.91476,3.19,1.50
2013.07.02 20:46:11.467,0.9146,0.91476,2.44,1.50
2013.07.02 20:46:20.607,0.9146,0.91477,2.44,1.50
2013.07.02 20:46:20.847,0.9146,0.91475,2.44,1.50
2013.07.02 20:46:21.206,0.91457,0.91476,3.19,1.50
2013.07.02 20:46:25.237,0.91459,0.91476,2.44,1.50
2013.07.02 20:46:26.328,0.91459,0.91476,2.44,1.50
2013.07.02 20:46:26.507,0.91456,0.9147,1.32,1.13
2013.07.02 20:46:31.607,0.91454,0.9147,1.69,1.13
2013.07.02 20:46:31.667,0.91456,0.9147,2.44,1.13
2013.07.02 20:46:31.727,0.91456,0.91474,2.44,1.50
2013.07.02 20:46:31.847,0.91456,0.91477,3.19,3.00
2013.07.02 20:46:32.167,0.91456,0.91465,3.19,1.13
2013.07.02 20:46:32.227,0.91454,0.91465,1.50,1.13
2013.07.02 20:46:32.287,0.91453,0.91465,2.25,1.13
2013.07.02 20:46:32.347,0.91452,0.91465,1.69,1.13
2013.07.02 20:46:32.407,0.91454,0.91469,1.69,1.13
2013.07.02 20:46:32.647,0.91456,0.9147,1.69,2.25
2013.07.02 20:46:32.706,0.91457,0.91476,1.69,3.00
2013.07.02 20:46:33.007,0.91457,0.91476,1.69,1.50
2013.07.02 20:46:33.547,0.91457,0.91475,1.69,1.50
2013.07.02 20:46:34.837,0.91457,0.91475,1.69,1.50
2013.07.02 20:46:34.956,0.91457,0.91475,3.19,1.50
2013.07.02 20:46:35.269,0.91457,0.91475,2.44,1.50
2013.07.02 20:46:36.727,0.91457,0.91476,3.19,1.50
2013.07.02 20:46:37.286,0.91457,0.91476,3.19,1.50
2013.07.02 20:46:39.857,0.91459,0.91476,1.69,1.50
2013.07.02 20:46:40.097,0.91458,0.91476,1.32,1.88
2013.07.02 20:46:42.298,0.91456,0.91475,1.13,1.88
2013.07.02 20:46:43.817,0.91457,0.91475,1.69,1.88
2013.07.02 20:46:48.896,0.91457,0.91475,1.69,1.88
2013.07.02 20:46:53.057,0.91457,0.91475,1.69,1.88
2013.07.02 20:46:53.117,0.91458,0.91475,1.69,1.88
2013.07.02 20:46:53.239,0.91458,0.91475,1.69,1.88
2013.07.02 20:46:53.899,0.91458,0.91475,1.69,1.13
2013.07.02 20:46:54.617,0.91458,0.91475,1.69,1.13
2013.07.02 20:46:55.727,0.91458,0.91475,1.69,1.13
2013.07.02 20:46:55.907,0.91458,0.91475,1.69,1.88
2013.07.02 20:46:56.207,0.91458,0.91475,1.69,1.88
2013.07.02 20:46:56.327,0.91458,0.91475,1.69,1.13
2013.07.02 20:46:56.877,0.91458,0.91475,1.69,1.50
2013.07.02 20:46:58.167,0.91458,0.91475,1.69,1.50
2013.07.02 20:46:58.347,0.91457,0.91475,1.13,1.50
2013.07.02 20:46:58.989,0.91458,0.91475,1.69,1.50
2013.07.02 20:46:59.167,0.91458,0.91475,1.69,1.50
2013.07.02 20:46:59.287,0.91458,0.91476,1.69,1.88
2013.07.02 20:47:00.557,0.91456,0.91475,1.32,1.13
2013.07.02 20:47:01.517,0.91456,0.91475,1.32,1.13
2013.07.02 20:47:02.056,0.91456,0.91475,1.32,1.13
2013.07.02 20:47:03.676,0.91456,0.91475,1.32,1.13
2013.07.02 20:47:04.577,0.91456,0.91475,1.32,1.13
2013.07.02 20:47:04.637,0.91456,0.91475,1.32,1.13
2013.07.02 20:47:09.327,0.91455,0.91473,1.13,1.69
2013.07.02 20:47:12.918,0.91453,0.9147,1.88,1.13
2013.07.02 20:47:13.037,0.91448,0.91464,1.50,1.13
2013.07.02 20:47:13.277,0.91446,0.91464,3.19,1.13
2013.07.02 20:47:14.136,0.91446,0.91464,3.19,1.13
2013.07.02 20:47:17.297,0.91447,0.91464,2.25,1.32
2013.07.02 20:47:17.417,0.91454,0.91468,1.13,1.64
2013.07.02 20:47:17.477,0.91455,0.91469,1.13,1.08
2013.07.02 20:47:17.917,0.91455,0.91472,1.13,1.22
2013.07.02 20:47:18.517,0.91455,0.91474,1.13,2.07
2013.07.02 20:47:19.058,0.91455,0.91473,1.13,1.69
2013.07.02 20:47:19.567,0.91455,0.91474,1.13,2.07
2013.07.02 20:47:20.507,0.91455,0.91474,1.13,2.07
2013.07.02 20:47:21.066,0.91455,0.91474,1.13,2.07
2013.07.02 20:47:21.657,0.91455,0.91474,1.13,2.07
2013.07.02 20:47:27.237,0.91455,0.91474,1.69,1.13
2013.07.02 20:47:30.038,0.91459,0.91474,1.69,1.13
2013.07.02 20:47:30.577,0.91459,0.91474,1.69,1.13
2013.07.02 20:47:33.147,0.91461,0.91475,1.69,1.13
2013.07.02 20:47:33.267,0.91459,0.91475,1.69,1.13
2013.07.02 20:47:33.387,0.91461,0.91475,1.69,1.13
2013.07.02 20:47:34.729,0.91459,0.91475,1.69,1.13
2013.07.02 20:47:34.847,0.91461,0.91475,1.69,1.13
2013.07.02 20:47:35.188,0.91459,0.91475,1.69,1.13
2013.07.02 20:47:35.247,0.91461,0.91475,1.69,1.13
2013.07.02 20:47:35.488,0.91459,0.91475,1.69,1.13
2013.07.02 20:47:37.137,0.91456,0.91475,2.44,1.13
2013.07.02 20:47:37.687,0.91456,0.91475,2.44,1.13
2013.07.02 20:47:45.807,0.91461,0.91475,1.69,1.13
2013.07.02 20:47:45.987,0.91458,0.91475,1.69,1.13
2013.07.02 20:47:46.512,0.91458,0.91475,1.69,1.13
2013.07.02 20:47:59.377,0.91458,0.91474,1.69,1.13
2013.07.02 20:47:59.677,0.91461,0.91479,2.44,2.63
2013.07.02 20:48:00.273,0.91461,0.91479,2.44,2.63
2013.07.02 20:48:01.037,0.91461,0.91479,2.44,2.63
2013.07.02 20:48:09.597,0.91461,0.91478,3.19,1.50
2013.07.02 20:48:15.008,0.91461,0.91478,2.44,1.50
2013.07.02 20:48:17.746,0.91461,0.91479,1.50,2.82
2013.07.02 20:48:18.248,0.91461,0.91477,1.69,1.50
2013.07.02 20:48:19.887,0.91461,0.91478,1.50,1.69
2013.07.02 20:48:27.439,0.91459,0.91475,2.44,1.13
2013.07.02 20:48:27.617,0.91456,0.91475,1.13,2.07
2013.07.02 20:48:28.167,0.91456,0.91475,1.13,2.07
2013.07.02 20:48:28.288,0.91455,0.91474,1.13,1.32
2013.07.02 20:48:28.847,0.91455,0.91474,1.13,1.88
2013.07.02 20:48:29.717,0.91455,0.91474,1.13,1.88
2013.07.02 20:48:30.227,0.91455,0.91474,1.13,1.88
2013.07.02 20:48:30.617,0.91453,0.91474,2.44,1.88
2013.07.02 20:48:30.678,0.91452,0.91465,2.44,1.13
2013.07.02 20:48:30.797,0.91446,0.91465,4.50,1.13
2013.07.02 20:48:31.337,0.91446,0.91465,3.00,1.13
2013.07.02 20:48:32.926,0.91446,0.91464,3.00,1.50
2013.07.02 20:48:33.587,0.91446,0.91464,3.38,1.50
2013.07.02 20:48:34.417,0.91447,0.91464,2.07,1.50
2013.07.02 20:48:35.566,0.91447,0.91465,2.07,1.13
2013.07.02 20:48:35.627,0.91454,0.91468,1.13,1.50
2013.07.02 20:48:35.807,0.91455,0.91472,1.13,2.63
2013.07.02 20:48:35.927,0.91455,0.91472,1.13,1.50
2013.07.02 20:48:36.227,0.91455,0.91473,1.13,1.69
2013.07.02 20:48:36.777,0.91455,0.91472,1.13,1.50
2013.07.02 20:48:37.737,0.91455,0.91473,1.13,1.69
2013.07.02 20:48:43.617,0.91455,0.91473,1.32,1.50
2013.07.02 20:48:43.797,0.91455,0.91473,1.32,1.50
2013.07.02 20:48:44.097,0.91455,0.91473,1.32,1.50
2013.07.02 20:48:44.915,0.91455,0.91472,1.32,1.50
2013.07.02 20:48:54.857,0.91455,0.91473,1.13,1.69
2013.07.02 20:48:55.397,0.91455,0.91473,1.13,1.69
2013.07.02 20:48:55.757,0.91456,0.91473,1.13,1.69
2013.07.02 20:48:56.057,0.91458,0.91473,1.13,1.69
2013.07.02 20:48:56.629,0.91458,0.91475,1.13,2.44
2013.07.02 20:48:57.627,0.91458,0.91475,1.13,1.69
2013.07.02 20:48:58.108,0.91458,0.91477,1.13,2.63
2013.07.02 20:48:58.669,0.91458,0.91477,1.13,2.82
2013.07.02 20:49:03.066,0.91458,0.91477,1.13,2.82
2013.07.02 20:49:04.248,0.91458,0.91476,1.13,1.69
2013.07.02 20:49:04.793,0.91458,0.91472,1.13,1.69
2013.07.02 20:49:09.287,0.9146,0.91476,1.13,2.44
2013.07.02 20:49:14.547,0.9146,0.91476,1.13,2.44
2013.07.02 20:49:14.727,0.9146,0.91475,1.13,1.69
2013.07.02 20:49:15.277,0.9146,0.91476,1.13,1.69
2013.07.02 20:49:16.816,0.9146,0.91476,1.13,1.69
2013.07.02 20:49:16.998,0.9146,0.91476,1.13,1.69
2013.07.02 20:49:17.547,0.9146,0.91476,1.13,1.69
2013.07.02 20:49:17.607,0.9146,0.91477,1.13,1.50
2013.07.02 20:49:17.667,0.9146,0.91478,1.13,1.50
2013.07.02 20:49:18.447,0.9146,0.91477,1.88,1.50
2013.07.02 20:49:26.338,0.9146,0.91477,1.13,1.50
2013.07.02 20:49:26.457,0.9146,0.91477,1.13,1.50
2013.07.02 20:49:27.358,0.9146,0.91477,2.25,1.69
2013.07.02 20:49:29.387,0.9146,0.91477,2.25,1.69
2013.07.02 20:49:29.688,0.91459,0.91475,1.13,2.44
2013.07.02 20:49:29.867,0.9146,0.91475,1.13,3.19
2013.07.02 20:49:30.453,0.9146,0.91475,1.13,1.69
2013.07.02 20:49:31.237,0.9146,0.91475,1.13,1.69
2013.07.02 20:49:36.047,0.9146,0.91474,1.13,1.69
2013.07.02 20:49:36.287,0.9146,0.91475,1.13,1.69
2013.07.02 20:49:39.017,0.91457,0.91475,1.13,1.88
2013.07.02 20:49:39.556,0.91456,0.91474,1.13,1.50
2013.07.02 20:49:39.617,0.91457,0.91474,1.13,1.50
2013.07.02 20:49:40.037,0.91457,0.91474,1.13,1.50
2013.07.02 20:49:40.216,0.91456,0.91474,1.13,1.50
2013.07.02 20:49:40.276,0.91456,0.91474,1.13,1.50
2013.07.02 20:49:40.457,0.91456,0.91474,1.50,1.50
2013.07.02 20:49:40.997,0.91456,0.91473,1.50,1.50
2013.07.02 20:49:41.416,0.91456,0.91475,1.50,1.88
2013.07.02 20:49:42.067,0.91456,0.91473,1.13,1.50
2013.07.02 20:49:42.307,0.91457,0.91475,1.13,2.07
2013.07.02 20:49:42.366,0.91457,0.91475,1.13,2.07
2013.07.02 20:49:44.097,0.91457,0.91475,1.50,2.07
2013.07.02 20:49:44.156,0.91457,0.91475,1.50,2.07
2013.07.02 20:49:45.057,0.91457,0.91475,1.13,2.07
2013.07.02 20:49:45.657,0.91457,0.91475,1.13,2.07
2013.07.02 20:49:45.837,0.91457,0.91475,1.13,2.07
2013.07.02 20:49:49.208,0.91457,0.91475,1.13,2.07
2013.07.02 20:49:49.327,0.91456,0.91474,1.13,1.69
2013.07.02 20:49:51.186,0.91456,0.91474,1.50,1.69
2013.07.02 20:49:51.307,0.91457,0.91474,1.13,1.69
2013.07.02 20:49:51.668,0.9146,0.91475,1.13,1.69
2013.07.02 20:49:51.787,0.91461,0.91477,2.25,1.50
2013.07.02 20:49:52.978,0.91461,0.91478,3.00,1.50
2013.07.02 20:49:53.547,0.91461,0.91478,3.00,1.50
2013.07.02 20:50:01.160,0.91461,0.91475,3.00,1.13
2013.07.02 20:50:01.277,0.91461,0.91475,3.00,1.13
2013.07.02 20:50:01.337,0.91461,0.91475,3.00,2.07
2013.07.02 20:50:01.987,0.91461,0.91473,3.00,1.69
2013.07.02 20:50:02.787,0.91461,0.91473,3.00,1.69
2013.07.02 20:50:02.847,0.91461,0.91477,3.00,1.69
2013.07.02 20:50:03.268,0.91461,0.91479,3.00,2.82
2013.07.02 20:50:03.807,0.91461,0.91478,3.00,1.69
2013.07.02 20:50:05.618,0.91461,0.91478,3.00,1.50
2013.07.02 20:50:05.741,0.91461,0.91475,2.25,1.13
2013.07.02 20:50:05.857,0.91457,0.91475,1.13,1.32
2013.07.02 20:50:05.917,0.91457,0.91475,1.13,1.32
2013.07.02 20:50:06.097,0.91456,0.91475,1.13,1.32
2013.07.02 20:50:07.418,0.91456,0.91474,1.13,1.69
2013.07.02 20:50:07.967,0.91456,0.91474,1.50,1.69
2013.07.02 20:50:08.027,0.91456,0.91474,1.50,1.69
2013.07.02 20:50:12.457,0.91456,0.91473,1.13,1.69
2013.07.02 20:50:13.383,0.91456,0.91474,1.13,1.69
2013.07.02 20:50:15.159,0.91456,0.91474,1.13,1.69
2013.07.02 20:50:16.107,0.91456,0.91474,1.13,1.69
2013.07.02 20:50:25.125,0.91456,0.91473,1.13,1.69
2013.07.02 20:50:25.307,0.91456,0.91474,1.13,2.82
2013.07.02 20:50:25.367,0.91456,0.91473,1.13,1.69
2013.07.02 20:50:25.427,0.91456,0.91472,1.13,1.69
2013.07.02 20:50:26.327,0.91456,0.91472,1.13,3.19
2013.07.02 20:50:27.237,0.91456,0.91472,1.13,1.69
2013.07.02 20:50:28.317,0.91456,0.91472,1.13,1.69
2013.07.02 20:50:28.995,0.91456,0.91472,1.13,1.69
2013.07.02 20:50:33.595,0.91456,0.91472,1.13,1.69
2013.07.02 20:50:33.847,0.91456,0.91473,1.13,2.44
2013.07.02 20:50:36.579,0.91461,0.91477,1.88,1.50
2013.07.02 20:50:36.697,0.91461,0.91479,1.88,1.50
2013.07.02 20:50:38.378,0.91461,0.91477,1.88,1.50
2013.07.02 20:50:55.367,0.91461,0.91476,1.88,1.69
2013.07.02 20:50:57.667,0.91461,0.91477,1.88,1.69
2013.07.02 20:50:57.967,0.91461,0.91478,1.88,1.69
2013.07.02 20:51:04.217,0.91461,0.91478,1.88,1.69
2013.07.02 20:51:04.277,0.91461,0.91479,1.88,1.50
2013.07.02 20:51:05.367,0.91461,0.9148,2.07,2.63
2013.07.02 20:51:05.910,0.91461,0.91479,2.07,1.50
2013.07.02 20:51:15.928,0.91462,0.91479,1.32,1.50
2013.07.02 20:51:16.047,0.91462,0.91479,1.32,1.50
2013.07.02 20:51:17.347,0.91462,0.91479,1.32,1.50
2013.07.02 20:51:17.407,0.91462,0.91479,1.32,1.50
2013.07.02 20:51:38.227,0.9146,0.91479,1.32,2.07
2013.07.02 20:51:38.467,0.9146,0.91478,1.13,3.19
2013.07.02 20:51:39.137,0.9146,0.91477,1.13,1.69
2013.07.02 20:51:45.368,0.9146,0.91479,1.13,3.57
2013.07.02 20:51:53.207,0.9146,0.91479,1.88,2.07
2013.07.02 20:51:53.812,0.91461,0.91479,1.13,2.07
2013.07.02 20:51:55.317,0.9146,0.91478,1.13,1.69
2013.07.02 20:52:00.427,0.9146,0.91479,1.50,2.07
2013.07.02 20:52:00.548,0.9146,0.9148,2.07,2.07
2013.07.02 20:52:00.667,0.9146,0.91479,2.44,1.32
2013.07.02 20:52:00.978,0.9146,0.91479,1.69,1.32
2013.07.02 20:52:02.847,0.9146,0.91479,1.32,1.32
2013.07.02 20:52:05.754,0.9146,0.91479,1.69,1.32
2013.07.02 20:52:06.057,0.9146,0.91479,1.32,1.32
2013.07.02 20:52:10.367,0.9146,0.91478,1.13,1.69
2013.07.02 20:52:10.727,0.9146,0.91477,1.13,1.69
2013.07.02 20:52:10.787,0.9146,0.91477,1.13,2.44
2013.07.02 20:52:11.347,0.9146,0.91477,1.13,1.69
2013.07.02 20:52:18.498,0.9146,0.91476,1.13,1.69
2013.07.02 20:52:18.798,0.9146,0.91478,1.13,1.69
2013.07.02 20:52:28.199,0.9146,0.91478,1.13,1.69
2013.07.02 20:52:28.437,0.9146,0.91475,1.13,1.69
2013.07.02 20:52:32.527,0.9146,0.91477,1.13,1.69
2013.07.02 20:52:42.427,0.91461,0.91475,1.13,1.69
2013.07.02 20:52:46.707,0.91461,0.91477,1.13,1.69
2013.07.02 20:52:56.307,0.91461,0.91475,1.13,1.69
2013.07.02 20:52:57.917,0.91461,0.91476,1.13,1.69
2013.07.02 20:52:58.037,0.91461,0.91478,1.13,1.69
2013.07.02 20:53:02.157,0.91461,0.91479,1.13,1.69
2013.07.02 20:53:02.692,0.91461,0.9148,1.13,1.32
2013.07.02 20:53:03.477,0.91461,0.9148,1.13,1.32
2013.07.02 20:53:04.127,0.91461,0.9148,1.13,1.32
2013.07.02 20:53:04.187,0.91461,0.9148,1.13,2.07
2013.07.02 20:53:11.371,0.91461,0.9148,1.13,1.32
2013.07.02 20:53:11.547,0.91463,0.9148,1.69,1.13
2013.07.02 20:53:12.078,0.91463,0.9148,1.69,1.88
2013.07.02 20:53:19.361,0.91463,0.9148,1.69,1.88
2013.07.02 20:53:20.237,0.91461,0.91479,1.13,2.07
2013.07.02 20:53:21.117,0.91461,0.91479,1.88,1.69
2013.07.02 20:53:21.177,0.91461,0.91479,2.07,1.50
2013.07.02 20:53:21.774,0.91462,0.91479,1.69,1.50
2013.07.02 20:53:24.989,0.91462,0.91479,1.69,1.50
2013.07.02 20:53:25.051,0.91462,0.91479,1.69,1.50
2013.07.02 20:53:26.427,0.91463,0.9148,1.69,1.13
2013.07.02 20:53:30.348,0.91461,0.9148,1.13,2.07
2013.07.02 20:53:30.987,0.91461,0.9148,1.13,2.07
2013.07.02 20:53:31.047,0.91461,0.9148,2.07,1.88
2013.07.02 20:53:31.687,0.91462,0.9148,1.69,1.13
2013.07.02 20:53:46.479,0.91464,0.91479,1.69,1.13
2013.07.02 20:53:53.198,0.9146,0.91479,1.13,1.32
2013.07.02 20:53:53.257,0.9146,0.91479,1.13,1.32
2013.07.02 20:53:53.317,0.9146,0.91479,1.13,1.32
2013.07.02 20:53:54.063,0.9146,0.91479,1.13,1.32
2013.07.02 20:53:54.357,0.9146,0.91479,1.13,1.32
2013.07.02 20:53:59.467,0.91464,0.91479,1.69,1.13
2013.07.02 20:54:03.837,0.91462,0.91479,1.69,1.13
2013.07.02 20:54:04.377,0.91462,0.91479,1.69,1.13
2013.07.02 20:54:05.667,0.91463,0.91479,1.69,1.13
2013.07.02 20:54:07.357,0.9146,0.91479,1.13,1.32
2013.07.02 20:54:15.117,0.91461,0.9148,1.13,1.32
2013.07.02 20:54:15.298,0.91458,0.91474,1.50,1.13
2013.07.02 20:54:16.197,0.91455,0.91474,2.07,1.13
2013.07.02 20:54:17.108,0.91455,0.91474,2.07,1.13
2013.07.02 20:54:19.608,0.91461,0.91474,1.50,1.13
2013.07.02 20:54:19.922,0.91461,0.91479,1.88,2.44
2013.07.02 20:54:20.737,0.91461,0.91479,1.88,2.44
2013.07.02 20:54:29.153,0.91461,0.91477,1.13,1.69
2013.07.02 20:54:29.217,0.91461,0.91473,1.13,1.69
2013.07.02 20:54:30.147,0.91461,0.91476,1.13,1.69
2013.07.02 20:54:35.973,0.91461,0.91476,1.88,1.69
2013.07.02 20:54:36.157,0.91461,0.91476,1.50,1.69
2013.07.02 20:54:36.858,0.91461,0.91476,1.50,1.69
2013.07.02 20:54:56.118,0.91461,0.91478,1.50,2.82
2013.07.02 20:54:56.629,0.91461,0.91477,1.50,1.69
2013.07.02 20:54:56.947,0.91461,0.91478,1.50,2.44
2013.07.02 20:54:58.329,0.91461,0.91475,1.50,1.50
2013.07.02 20:55:01.868,0.91462,0.91478,1.13,1.69
2013.07.02 20:55:07.187,0.91461,0.91478,1.88,1.50
2013.07.02 20:55:22.727,0.91461,0.91479,1.13,1.69
2013.07.02 20:55:44.477,0.91461,0.91478,1.11,1.88
2013.07.02 20:55:44.657,0.91461,0.91478,1.11,1.88
2013.07.02 20:55:45.262,0.91462,0.91478,1.11,1.50
2013.07.02 20:55:54.128,0.91462,0.91478,1.11,1.69
2013.07.02 20:55:54.667,0.9146,0.91479,1.32,1.13
2013.07.02 20:55:55.275,0.9146,0.91479,1.32,1.13
2013.07.02 20:56:00.612,0.9146,0.91479,1.32,1.13
2013.07.02 20:56:01.337,0.9146,0.91479,1.13,1.32
2013.07.02 20:56:01.878,0.9146,0.91479,1.13,2.07
2013.07.02 20:56:02.548,0.9146,0.91479,1.32,1.13
2013.07.02 20:56:02.867,0.9146,0.91479,1.32,1.13
2013.07.02 20:56:05.807,0.9146,0.91477,1.13,1.50
2013.07.02 20:56:06.728,0.9146,0.91479,1.13,2.07
2013.07.02 20:56:09.067,0.9146,0.91479,1.13,1.13
2013.07.02 20:56:18.299,0.91463,0.91478,1.50,1.69
2013.07.02 20:56:18.357,0.91464,0.91478,1.50,1.69
2013.07.02 20:56:18.418,0.91464,0.91478,2.25,1.69
2013.07.02 20:56:18.598,0.91466,0.91483,1.88,1.32
2013.07.02 20:56:18.718,0.91461,0.91479,3.57,1.50
2013.07.02 20:56:19.257,0.91461,0.91479,1.88,1.69
2013.07.02 20:56:26.462,0.91461,0.91479,1.88,1.69
2013.07.02 20:56:28.888,0.91464,0.91479,1.13,1.69
2013.07.02 20:56:29.198,0.91473,0.91485,2.50,1.50
2013.07.02 20:56:29.378,0.91473,0.91489,1.13,1.50
2013.07.02 20:56:30.038,0.91473,0.91489,1.13,2.07
2013.07.02 20:56:30.158,0.91473,0.91489,1.13,2.07
2013.07.02 20:56:30.857,0.91473,0.91489,1.13,1.69
2013.07.02 20:56:31.158,0.91473,0.91489,1.13,1.69
2013.07.02 20:56:31.699,0.91469,0.91489,1.13,2.07
2013.07.02 20:56:31.758,0.91469,0.91486,1.50,1.69
2013.07.02 20:56:31.939,0.91465,0.91484,1.50,1.69
2013.07.02 20:56:32.058,0.91454,0.91486,3.94,1.32
2013.07.02 20:56:32.118,0.91463,0.91483,1.13,1.69
2013.07.02 20:56:32.358,0.9147,0.91486,1.50,1.69
2013.07.02 20:56:32.418,0.9147,0.91486,1.13,1.69
2013.07.02 20:56:32.538,0.91467,0.91486,1.13,1.69
2013.07.02 20:56:33.738,0.91466,0.91487,1.50,1.69
2013.07.02 20:56:34.558,0.91461,0.91487,1.32,1.69
2013.07.02 20:56:34.629,0.91457,0.91486,1.32,1.69
2013.07.02 20:56:34.693,0.91455,0.91485,2.07,1.69
2013.07.02 20:56:34.758,0.91455,0.91485,2.07,1.69
2013.07.02 20:56:36.448,0.91456,0.91484,1.13,1.69
2013.07.02 20:56:36.808,0.91454,0.91481,1.13,1.32
2013.07.02 20:56:37.288,0.91455,0.91479,1.13,1.69
2013.07.02 20:56:37.708,0.91455,0.91483,1.32,1.69
2013.07.02 20:56:38.808,0.91457,0.91486,1.32,2.82
2013.07.02 20:56:41.608,0.9146,0.91484,1.88,1.69
2013.07.02 20:56:41.788,0.91455,0.91482,1.32,1.69
2013.07.02 20:56:42.089,0.91453,0.91481,1.88,1.32
2013.07.02 20:56:42.328,0.91454,0.91482,2.07,1.69
2013.07.02 20:56:43.629,0.91454,0.91482,2.07,1.69
2013.07.02 20:56:43.989,0.91455,0.91482,1.32,1.69
2013.07.02 20:56:44.228,0.91455,0.91482,1.32,1.69
2013.07.02 20:56:47.187,0.9146,0.91486,1.13,2.07
2013.07.02 20:56:47.308,0.9146,0.91486,1.13,3.57
2013.07.02 20:56:48.508,0.91454,0.91481,1.88,1.32
2013.07.02 20:56:49.271,0.91451,0.9148,1.88,1.69
2013.07.02 20:56:50.528,0.91452,0.9148,1.88,1.69
2013.07.02 20:56:51.669,0.91452,0.9148,2.07,1.69
2013.07.02 20:56:52.199,0.91457,0.91483,1.13,1.32
2013.07.02 20:56:52.438,0.91457,0.91483,2.82,1.32
2013.07.02 20:56:52.557,0.91457,0.91484,1.32,1.69
2013.07.02 20:56:56.519,0.91457,0.91484,1.32,1.69
2013.07.02 20:57:00.788,0.91457,0.91484,1.13,2.44
2013.07.02 20:57:02.115,0.91456,0.91484,2.82,1.69
2013.07.02 20:57:15.197,0.91457,0.91484,1.32,2.82
2013.07.02 20:57:15.769,0.91457,0.91484,2.07,2.82
2013.07.02 20:57:16.688,0.91458,0.91484,1.32,2.44
2013.07.02 20:57:16.808,0.91458,0.91484,2.82,1.32
2013.07.02 20:57:16.988,0.91462,0.91485,1.50,1.32
2013.07.02 20:57:17.188,0.91459,0.91485,2.25,1.32
2013.07.02 20:57:22.879,0.91458,0.91485,3.57,1.32
2013.07.02 20:57:26.374,0.91458,0.91485,2.63,1.32
2013.07.02 20:57:27.478,0.91463,0.91484,1.50,1.32
2013.07.02 20:57:27.538,0.91464,0.91484,1.50,1.32
2013.07.02 20:57:28.138,0.91464,0.91487,1.50,2.44
2013.07.02 20:57:28.438,0.91462,0.91489,3.00,2.44
2013.07.02 20:57:29.041,0.91464,0.91489,1.69,2.44
2013.07.02 20:57:30.159,0.91465,0.91489,1.50,1.69
2013.07.02 20:57:41.148,0.91473,0.91489,1.13,1.69
2013.07.02 20:57:51.278,0.91473,0.9149,1.13,2.82
2013.07.02 20:57:51.459,0.91473,0.91489,1.13,1.50
2013.07.02 20:57:54.608,0.91473,0.91489,1.88,1.50
2013.07.02 20:57:54.668,0.91473,0.91489,2.25,1.50
2013.07.02 20:57:55.219,0.91474,0.91489,1.50,1.50
2013.07.02 20:57:55.518,0.91474,0.91489,1.13,1.50
2013.07.02 20:57:56.428,0.91474,0.91489,1.13,1.50
2013.07.02 20:58:00.239,0.91475,0.91489,1.13,1.69
2013.07.02 20:58:01.184,0.91475,0.91488,1.13,1.69
2013.07.02 20:58:01.777,0.91475,0.91489,1.13,1.69
2013.07.02 20:58:10.488,0.91475,0.9149,1.13,2.07
2013.07.02 20:58:14.250,0.91473,0.91489,1.32,1.50
2013.07.02 20:58:15.211,0.91474,0.91489,1.13,1.50
2013.07.02 20:58:15.627,0.91471,0.91489,1.69,1.50
2013.07.02 20:58:15.688,0.91471,0.91489,1.69,1.50
2013.07.02 20:58:15.868,0.91471,0.91485,1.32,1.13
2013.07.02 20:58:16.048,0.91471,0.91489,1.32,1.50
2013.07.02 20:58:16.107,0.91473,0.9149,1.13,2.63
2013.07.02 20:58:18.298,0.91473,0.9149,1.32,1.88
2013.07.02 20:58:36.807,0.91477,0.9149,1.13,1.88
2013.07.02 20:58:37.109,0.9148,0.9149,1.13,1.88
2013.07.02 20:58:38.957,0.91481,0.9149,1.13,1.88
2013.07.02 20:58:39.518,0.91481,0.9149,1.13,1.88
2013.07.02 20:58:40.551,0.91478,0.9149,2.07,1.88
2013.07.02 20:58:40.667,0.91478,0.9149,1.69,1.88
2013.07.02 20:58:40.847,0.91474,0.9149,1.69,1.88
2013.07.02 20:58:41.027,0.91471,0.91489,1.69,1.13
2013.07.02 20:58:41.927,0.91471,0.91489,1.69,1.88
2013.07.02 20:58:42.609,0.91473,0.91489,1.32,1.50
2013.07.02 20:58:42.968,0.91471,0.91487,1.32,1.88
2013.07.02 20:58:43.028,0.91467,0.91487,1.69,1.88
2013.07.02 20:58:43.631,0.91467,0.91486,1.69,1.13
2013.07.02 20:58:44.827,0.91467,0.91485,1.69,1.13
2013.07.02 20:58:49.910,0.91468,0.91485,1.69,1.13
2013.07.02 20:58:50.217,0.91472,0.91489,1.13,1.32
2013.07.02 20:58:50.757,0.9147,0.91489,2.07,1.88
2013.07.02 20:58:50.878,0.9147,0.91488,1.69,1.13
2013.07.02 20:58:51.170,0.91468,0.91485,1.69,1.13
2013.07.02 20:59:00.790,0.91465,0.91487,1.32,1.13
2013.07.02 20:59:01.708,0.9147,0.91491,1.13,3.19
2013.07.02 20:59:02.236,0.91471,0.91491,1.32,2.25
2013.07.02 20:59:06.137,0.91473,0.91488,0.19,0.38
2013.07.02 20:59:06.318,0.9147,0.91488,0.75,0.57
2013.07.02 20:59:13.072,0.9147,0.91489,0.75,0.75
2013.07.02 20:59:23.637,0.91469,0.91489,0.75,0.75
2013.07.02 20:59:39.616,0.91469,0.91484,0.75,0.19
2013.07.02 20:59:39.738,0.91464,0.91487,0.19,0.19
2013.07.02 20:59:40.037,0.91458,0.91481,0.19,0.19
2013.07.02 20:59:40.827,0.9146,0.91482,0.19,0.19
2013.07.02 20:59:42.697,0.91458,0.91479,0.19,0.19
2013.07.02 20:59:44.668,0.91459,0.91479,0.75,0.19
2013.07.02 20:59:45.207,0.91459,0.9148,0.94,0.19
2013.07.02 20:59:45.449,0.91459,0.91482,0.75,0.19
2013.07.02 20:59:52.528,0.9146,0.91486,0.19,0.75
2013.07.02 20:59:52.767,0.9146,0.91482,0.19,0.75
2013.07.02 20:59:52.887,0.91453,0.91478,0.19,0.19
2013.07.02 20:59:53.007,0.9145,0.91476,0.19,0.19
2013.07.02 20:59:55.311,0.91447,0.91476,0.19,0.19
2013.07.02 20:59:55.857,0.91448,0.91475,0.19,0.75
2013.07.02 20:59:56.217,0.91447,0.91477,0.19,0.19
2013.07.02 20:59:56.458,0.91456,0.91476,0.19,0.19
2013.07.02 20:59:56.637,0.91448,0.91472,0.19,0.19
2013.07.02 20:59:57.567,0.91451,0.91472,0.75,0.19
2013.07.02 20:59:57.628,0.91452,0.91475,0.19,0.75
2013.07.02 20:59:59.348,0.91451,0.91457,0.75,0.75
2013.07.02 20:59:59.587,0.91454,0.91476,0.19,0.19
