2007.06.29 15:00:01.469,0.84817,0.84783,0.63,1.50
2007.06.29 15:00:01.812,0.84807,0.84803,1.00,1.30
2007.06.29 15:00:02.122,0.84777,0.84803,1.10,0.90
2007.06.29 15:00:02.667,0.84787,0.84803,1.20,1.20
2007.06.29 15:00:14.515,0.84807,0.84813,1.40,1.30
2007.06.29 15:01:07.072,0.84817,0.84833,1.10,1.60
2007.06.29 15:01:15.228,0.84807,0.84823,1.10,0.90
2007.06.29 15:01:19.181,0.84787,0.84813,1.60,0.95
2007.06.29 15:01:27.951,0.84797,0.84813,1.20,1.30
2007.06.29 15:01:30.106,0.84807,0.84823,2.00,1.60
2007.06.29 15:01:31.360,0.84787,0.84803,1.10,1.30
2007.06.29 15:01:31.522,0.84777,0.84803,1.80,0.65
2007.06.29 15:02:02.343,0.84767,0.84793,0.93,1.90
2007.06.29 15:02:24.386,0.84757,0.84773,0.96,0.68
2007.06.29 15:02:32.110,0.84767,0.84783,0.72,2.80
2007.06.29 15:02:34.181,0.84757,0.84783,1.60,2.90
2007.06.29 15:02:59.171,0.84767,0.84783,0.66,1.10
2007.06.29 15:03:04.983,0.84757,0.84783,0.85,0.90
2007.06.29 15:03:11.463,0.84767,0.84783,1.30,0.70
2007.06.29 15:03:25.233,0.84757,0.84783,0.69,1.90
2007.06.29 15:03:56.456,0.84787,0.84813,2.40,1.20
2007.06.29 15:04:12.244,0.84777,0.84793,1.50,2.10
2007.06.29 15:04:13.797,0.84767,0.84793,0.89,1.40
2007.06.29 15:04:41.343,0.84777,0.84793,0.54,1.10
2007.06.29 15:05:03.877,0.84787,0.84803,1.90,0.94
2007.06.29 15:05:07.858,0.84777,0.84803,1.80,2.00
2007.06.29 15:05:08.300,0.84767,0.84793,1.10,2.00
2007.06.29 15:05:10.561,0.84777,0.84793,2.10,0.87
2007.06.29 15:05:33.954,0.84787,0.84803,1.60,1.10
2007.06.29 15:05:51.366,0.84797,0.84813,1.80,1.80
2007.06.29 15:05:51.689,0.84787,0.84803,0.87,0.90
2007.06.29 15:05:53.000,0.84797,0.84803,0.71,2.50
2007.06.29 15:06:00.303,0.84807,0.84823,1.10,3.80
2007.06.29 15:06:01.330,0.84797,0.84823,0.72,3.10
2007.06.29 15:06:04.293,0.84807,0.84823,0.90,0.99
2007.06.29 15:06:08.445,0.84817,0.84833,1.10,1.80
2007.06.29 15:06:09.007,0.84807,0.84823,1.20,1.00
2007.06.29 15:06:17.698,0.84797,0.84823,1.10,2.20
2007.06.29 15:06:44.198,0.84807,0.84823,1.60,1.20
2007.06.29 15:07:24.235,0.84797,0.84823,2.50,1.10
2007.06.29 15:07:28.282,0.84807,0.84833,0.75,0.59
2007.06.29 15:08:05.971,0.84797,0.84823,0.74,1.40
2007.06.29 15:08:09.868,0.84807,0.84823,1.20,1.60
2007.06.29 15:08:12.667,0.84797,0.84823,0.82,1.20
2007.06.29 15:08:18.488,0.84807,0.84823,0.65,0.94
2007.06.29 15:08:52.501,0.84817,0.84833,2.10,0.76
2007.06.29 15:08:53.078,0.84807,0.84833,1.00,0.68
2007.06.29 15:12:20.136,0.84827,0.84823,0.66,1.10
2007.06.29 15:12:22.161,0.84817,0.84843,0.73,1.00
2007.06.29 15:13:08.922,0.84807,0.84833,0.77,1.00
2007.06.29 15:13:16.067,0.84817,0.84833,0.90,2.00
2007.06.29 15:16:19.369,0.84807,0.84823,0.71,0.66
2007.06.29 15:17:39.988,0.84817,0.84833,2.00,1.50
2007.06.29 15:17:54.175,0.84807,0.84823,0.48,1.40
2007.06.29 15:17:59.647,0.84797,0.84823,2.30,1.70
2007.06.29 15:18:34.981,0.84807,0.84823,0.59,0.83
2007.06.29 15:18:56.355,0.84797,0.84823,1.10,0.71
2007.06.29 15:20:05.869,0.84787,0.84813,1.50,1.10
2007.06.29 15:20:06.916,0.84797,0.84813,0.84,3.20
2007.06.29 15:20:32.640,0.84807,0.84823,0.76,1.10
2007.06.29 15:20:36.375,0.84817,0.84833,0.97,1.50
2007.06.29 15:22:07.791,0.84827,0.84853,1.30,1.40
2007.06.29 15:24:03.839,0.84837,0.84853,2.20,1.30
2007.06.29 15:24:18.296,0.84827,0.84843,1.10,1.90
2007.06.29 15:25:06.594,0.84817,0.84843,0.57,1.00
2007.06.29 15:25:11.944,0.84827,0.84843,1.40,2.10
2007.06.29 15:25:13.396,0.84817,0.84833,2.90,0.93
2007.06.29 15:25:25.837,0.84807,0.84833,1.20,2.10
2007.06.29 15:25:59.792,0.84797,0.84823,0.45,0.82
2007.06.29 15:28:39.793,0.84807,0.84823,1.10,1.40
2007.06.29 15:29:40.899,0.84797,0.84823,1.10,1.30
2007.06.29 15:30:22.322,0.84807,0.84823,0.79,2.00
2007.06.29 15:31:47.582,0.84797,0.84813,1.40,1.20
2007.06.29 15:32:16.851,0.84787,0.84803,0.84,1.10
2007.06.29 15:32:40.468,0.84777,0.84793,1.20,0.56
2007.06.29 15:33:05.989,0.84767,0.84793,1.10,1.80
2007.06.29 15:33:16.144,0.84777,0.84793,2.20,0.98
2007.06.29 15:33:17.181,0.84767,0.84793,1.60,0.89
2007.06.29 15:33:23.792,0.84777,0.84793,1.40,1.60
2007.06.29 15:33:25.831,0.84767,0.84793,1.80,0.96
2007.06.29 15:33:28.181,0.84777,0.84793,1.00,1.10
2007.06.29 15:33:30.892,0.84767,0.84783,3.10,1.60
2007.06.29 15:33:54.980,0.84777,0.84793,2.20,1.40
2007.06.29 15:34:08.273,0.84787,0.84803,1.30,1.70
2007.06.29 15:34:19.176,0.84797,0.84803,1.70,1.40
2007.06.29 15:34:20.325,0.84787,0.84813,1.30,1.90
2007.06.29 15:34:21.255,0.84797,0.84813,1.20,1.10
2007.06.29 15:34:38.299,0.84807,0.84823,2.00,0.64
2007.06.29 15:35:00.345,0.84797,0.84813,1.20,1.60
2007.06.29 15:35:14.288,0.84787,0.84813,0.86,0.64
2007.06.29 15:35:24.762,0.84777,0.84803,1.70,0.77
2007.06.29 15:35:28.946,0.84767,0.84793,2.10,1.10
2007.06.29 15:35:39.655,0.84777,0.84793,1.50,0.79
2007.06.29 15:35:54.610,0.84767,0.84793,1.10,1.10
2007.06.29 15:35:58.291,0.84777,0.84793,1.40,1.10
2007.06.29 15:36:00.111,0.84787,0.84803,1.20,0.61
2007.06.29 15:36:05.186,0.84777,0.84803,1.20,1.50
2007.06.29 15:36:25.955,0.84787,0.84793,0.77,1.30
2007.06.29 15:36:32.080,0.84797,0.84803,1.30,0.98
2007.06.29 15:36:32.578,0.84787,0.84803,1.20,1.50
2007.06.29 15:36:33.663,0.84777,0.84803,0.94,0.75
2007.06.29 15:36:53.783,0.84767,0.84793,1.50,1.20
2007.06.29 15:36:56.813,0.84777,0.84793,1.40,1.20
2007.06.29 15:38:04.824,0.84767,0.84793,0.85,1.30
2007.06.29 15:38:07.902,0.84777,0.84793,1.10,1.30
2007.06.29 15:38:10.719,0.84787,0.84803,1.10,1.40
2007.06.29 15:38:13.355,0.84777,0.84803,0.95,1.60
2007.06.29 15:38:23.690,0.84787,0.84803,1.70,2.60
2007.06.29 15:40:59.202,0.84797,0.84813,1.00,0.87
2007.06.29 15:41:03.711,0.84807,0.84813,1.60,1.00
2007.06.29 15:41:05.476,0.84797,0.84813,0.89,1.40
2007.06.29 15:41:11.425,0.84787,0.84813,1.20,1.80
2007.06.29 15:41:32.944,0.84797,0.84813,0.56,3.90
2007.06.29 15:43:13.888,0.84807,0.84823,2.30,0.91
2007.06.29 15:45:49.186,0.84817,0.84843,2.40,0.73
2007.06.29 15:46:48.718,0.84827,0.84853,1.80,1.10
2007.06.29 15:47:57.492,0.84847,0.84863,0.79,0.56
2007.06.29 15:48:20.455,0.84837,0.84863,1.20,1.30
2007.06.29 15:49:05.163,0.84827,0.84853,1.80,1.30
2007.06.29 15:50:22.174,0.84837,0.84863,0.79,1.20
2007.06.29 15:51:25.633,0.84847,0.84873,0.83,2.20
2007.06.29 15:51:38.602,0.84837,0.84863,1.50,2.50
2007.06.29 15:52:39.146,0.84827,0.84853,1.60,0.94
2007.06.29 15:52:57.292,0.84817,0.84843,0.50,1.10
2007.06.29 15:53:11.000,0.84807,0.84823,1.00,0.93
2007.06.29 15:53:12.942,0.84817,0.84833,0.97,0.80
2007.06.29 15:53:17.351,0.84807,0.84833,2.40,2.10
2007.06.29 15:54:39.573,0.84797,0.84823,1.70,0.98
2007.06.29 15:54:46.478,0.84807,0.84823,0.96,1.40
2007.06.29 15:55:00.115,0.84817,0.84833,0.64,2.20
2007.06.29 15:55:00.635,0.84807,0.84823,0.88,1.90
2007.06.29 15:55:22.073,0.84797,0.84823,0.76,0.56
2007.06.29 15:55:22.519,0.84817,0.84823,1.50,1.40
2007.06.29 15:56:01.818,0.84807,0.84833,1.00,1.60
2007.06.29 15:56:28.428,0.84797,0.84823,1.70,2.40
2007.06.29 15:56:36.101,0.84787,0.84813,1.40,3.10
2007.06.29 15:56:37.351,0.84797,0.84813,0.64,0.93
2007.06.29 15:57:01.061,0.84787,0.84813,1.80,1.30
2007.06.29 15:57:01.520,0.84797,0.84813,1.50,2.40
2007.06.29 15:57:11.253,0.84787,0.84813,1.10,1.70
2007.06.29 15:57:12.442,0.84797,0.84813,0.65,1.10
2007.06.29 15:57:14.669,0.84787,0.84803,1.10,0.84
2007.06.29 15:57:19.758,0.84797,0.84813,1.20,1.60
2007.06.29 15:57:23.400,0.84807,0.84833,1.20,1.90
2007.06.29 15:57:26.979,0.84797,0.84823,1.20,1.70
2007.06.29 15:58:02.283,0.84787,0.84813,0.70,3.10
2007.06.29 15:58:44.952,0.84777,0.84803,1.60,2.20
2007.06.29 15:58:53.563,0.84787,0.84813,1.10,1.20
2007.06.29 15:58:54.572,0.84777,0.84793,2.10,2.30
2007.06.29 15:58:56.415,0.84787,0.84803,0.78,1.00
2007.06.29 15:58:58.607,0.84777,0.84803,1.60,2.40
2007.06.29 15:59:32.225,0.84767,0.84783,0.65,1.30
2007.06.29 15:59:56.081,0.84787,0.84803,1.80,1.50
