2014.09.22 08:00:00.889,0.89045,0.89053,1.19,1.50
2014.09.22 08:00:02.048,0.89045,0.89053,1.69,1.00
2014.09.22 08:00:02.609,0.89045,0.89053,1.76,1.00
2014.09.22 08:00:06.565,0.89045,0.89053,1.01,1.10
2014.09.22 08:00:07.299,0.89045,0.89053,2.14,1.10
2014.09.22 08:00:07.844,0.89047,0.89053,1.25,1.10
2014.09.22 08:00:07.996,0.89048,0.89056,1.00,1.36
2014.09.22 08:00:08.562,0.89048,0.89056,1.00,1.40
2014.09.22 08:00:09.124,0.89048,0.89052,1.00,1.00
2014.09.22 08:00:12.278,0.89045,0.89053,1.50,3.10
2014.09.22 08:00:16.579,0.89045,0.89053,3.51,1.57
2014.09.22 08:00:16.782,0.89046,0.89056,2.59,1.43
2014.09.22 08:00:18.390,0.89048,0.89056,1.57,1.10
2014.09.22 08:00:18.694,0.89053,0.89059,1.50,1.00
2014.09.22 08:00:19.200,0.89055,0.8906,1.00,1.00
2014.09.22 08:00:19.301,0.89054,0.89062,1.25,2.21
2014.09.22 08:00:19.807,0.89054,0.89063,1.69,1.84
2014.09.22 08:00:20.197,0.89057,0.89063,1.20,1.50
2014.09.22 08:00:20.299,0.89056,0.89065,2.59,1.69
2014.09.22 08:00:20.806,0.89056,0.89064,1.50,2.24
2014.09.22 08:00:21.821,0.89056,0.89063,1.50,1.04
2014.09.22 08:00:22.405,0.89056,0.89064,1.50,2.99
2014.09.22 08:00:26.983,0.89056,0.89064,1.50,2.99
2014.09.22 08:00:27.488,0.89056,0.89064,1.50,2.99
2014.09.22 08:00:28.016,0.89056,0.89064,1.50,2.99
2014.09.22 08:00:30.522,0.89055,0.89064,1.00,2.99
2014.09.22 08:00:32.703,0.89055,0.89063,1.00,1.37
2014.09.22 08:00:34.874,0.89056,0.89063,1.00,1.34
2014.09.22 08:00:35.178,0.89056,0.89065,1.17,2.54
2014.09.22 08:00:36.693,0.89056,0.89065,1.07,1.79
2014.09.22 08:00:37.256,0.89056,0.89065,1.00,1.87
2014.09.22 08:00:37.717,0.89056,0.89065,1.00,2.62
2014.09.22 08:00:39.776,0.89056,0.89065,1.25,2.62
2014.09.22 08:00:40.630,0.89055,0.89065,1.34,2.92
2014.09.22 08:00:41.145,0.89055,0.89065,1.40,2.92
2014.09.22 08:00:45.954,0.89055,0.89065,1.09,2.99
2014.09.22 08:00:47.072,0.89055,0.89064,1.09,1.19
2014.09.22 08:00:47.501,0.89055,0.89064,1.17,1.25
2014.09.22 08:00:48.312,0.89055,0.89064,1.09,1.19
2014.09.22 08:00:48.569,0.89055,0.89064,1.09,1.23
2014.09.22 08:00:48.671,0.89054,0.89062,1.25,1.03
2014.09.22 08:00:48.975,0.89051,0.89058,1.50,2.24
2014.09.22 08:00:49.076,0.89049,0.89058,1.50,2.99
2014.09.22 08:00:52.561,0.89049,0.89057,1.50,2.17
2014.09.22 08:00:58.048,0.89048,0.89055,1.50,1.04
2014.09.22 08:00:58.565,0.89048,0.89054,1.00,1.00
2014.09.22 08:01:00.929,0.89048,0.89054,1.00,1.13
2014.09.22 08:01:02.427,0.89048,0.89054,1.00,1.18
2014.09.22 08:01:03.045,0.89045,0.8905,1.00,1.03
2014.09.22 08:01:03.197,0.89046,0.8905,1.00,1.04
2014.09.22 08:01:03.298,0.89043,0.8905,1.00,1.50
2014.09.22 08:01:03.752,0.89046,0.89052,1.00,1.76
2014.09.22 08:01:05.131,0.89046,0.89052,1.00,1.60
2014.09.22 08:01:09.841,0.89046,0.89052,1.00,1.14
2014.09.22 08:01:10.342,0.89046,0.89052,1.00,1.03
2014.09.22 08:01:10.595,0.89048,0.89055,1.00,1.40
2014.09.22 08:01:11.166,0.89048,0.89054,1.00,1.12
2014.09.22 08:01:11.217,0.89045,0.89054,2.44,1.12
2014.09.22 08:01:11.319,0.89046,0.89051,1.25,1.00
2014.09.22 08:01:14.966,0.89045,0.89055,2.51,1.60
2014.09.22 08:01:15.268,0.89048,0.89055,1.00,1.68
2014.09.22 08:01:16.883,0.89048,0.89055,1.50,1.68
2014.09.22 08:01:18.190,0.89048,0.89055,1.50,2.62
2014.09.22 08:01:18.494,0.89046,0.89055,1.00,1.87
2014.09.22 08:01:21.911,0.89046,0.89054,1.00,1.03
2014.09.22 08:01:22.012,0.89046,0.89054,1.00,1.04
2014.09.22 08:01:24.190,0.89046,0.89054,1.07,1.04
2014.09.22 08:01:24.748,0.89046,0.89054,1.10,1.04
2014.09.22 08:01:25.271,0.89046,0.89054,1.17,1.04
2014.09.22 08:01:25.778,0.89046,0.89054,1.10,1.04
2014.09.22 08:01:28.511,0.89046,0.89054,1.07,1.04
2014.09.22 08:01:29.029,0.89046,0.89054,1.00,1.04
2014.09.22 08:01:38.540,0.89046,0.89055,1.00,1.01
2014.09.22 08:01:42.130,0.89047,0.89055,2.81,1.10
2014.09.22 08:01:42.433,0.89051,0.89057,1.19,1.50
2014.09.22 08:01:42.484,0.89051,0.8906,1.19,1.01
2014.09.22 08:01:44.416,0.89052,0.89061,1.50,4.87
2014.09.22 08:01:45.766,0.89052,0.89061,1.50,4.12
2014.09.22 08:01:46.501,0.89052,0.89061,1.50,4.12
2014.09.22 08:01:46.715,0.89052,0.89061,1.50,4.87
2014.09.22 08:01:55.191,0.89052,0.8906,1.50,1.29
2014.09.22 08:01:55.696,0.89052,0.89061,2.51,3.22
2014.09.22 08:01:56.234,0.89052,0.89061,1.69,3.34
2014.09.22 08:02:00.479,0.89052,0.8906,2.25,1.20
2014.09.22 08:02:01.579,0.89052,0.8906,2.25,1.39
2014.09.22 08:02:06.713,0.89052,0.89059,1.50,2.17
2014.09.22 08:02:06.915,0.8905,0.89056,1.00,1.39
2014.09.22 08:02:06.966,0.89049,0.89053,1.00,1.00
2014.09.22 08:02:07.471,0.89048,0.89053,1.00,1.00
2014.09.22 08:02:13.792,0.8905,0.89055,1.00,1.00
2014.09.22 08:02:14.045,0.89053,0.89058,1.00,1.00
2014.09.22 08:02:28.803,0.89054,0.89058,1.00,1.00
2014.09.22 08:02:29.107,0.89054,0.8906,1.00,1.10
2014.09.22 08:02:29.563,0.89056,0.89062,1.00,1.10
2014.09.22 08:02:31.767,0.89056,0.89062,1.00,1.15
2014.09.22 08:02:33.097,0.89054,0.89062,1.00,1.15
2014.09.22 08:02:35.668,0.89054,0.89062,1.00,3.26
2014.09.22 08:02:36.179,0.89054,0.89062,1.00,1.40
2014.09.22 08:02:38.078,0.89056,0.89062,1.00,1.40
2014.09.22 08:02:38.582,0.89056,0.89062,1.00,1.40
2014.09.22 08:02:51.454,0.89054,0.89062,1.00,2.05
2014.09.22 08:02:51.960,0.89054,0.89059,1.00,1.65
2014.09.22 08:02:52.061,0.89052,0.89059,1.00,2.99
2014.09.22 08:02:52.213,0.89049,0.89057,1.25,1.46
2014.09.22 08:02:52.719,0.89049,0.89055,1.00,1.15
2014.09.22 08:02:53.223,0.89048,0.89054,1.00,1.40
2014.09.22 08:02:53.526,0.89048,0.89054,1.00,1.01
2014.09.22 08:02:55.674,0.8905,0.89054,1.00,1.00
2014.09.22 08:02:55.927,0.8905,0.89057,2.06,1.57
2014.09.22 08:02:56.028,0.89052,0.89058,1.00,1.10
2014.09.22 08:02:56.598,0.89052,0.89059,1.00,1.01
2014.09.22 08:03:01.986,0.89053,0.89059,1.00,1.10
2014.09.22 08:03:02.492,0.89052,0.89059,1.00,1.57
2014.09.22 08:03:03.306,0.89054,0.89059,1.50,1.57
2014.09.22 08:03:03.407,0.89052,0.89059,1.87,1.57
2014.09.22 08:03:05.314,0.89053,0.89059,1.00,1.57
2014.09.22 08:03:08.121,0.89055,0.89059,1.00,1.57
2014.09.22 08:03:08.222,0.89052,0.89059,1.69,1.57
2014.09.22 08:03:08.525,0.89055,0.89059,1.00,1.57
2014.09.22 08:03:08.727,0.89053,0.89059,1.25,1.57
2014.09.22 08:03:19.851,0.89052,0.89059,1.76,1.00
2014.09.22 08:03:20.258,0.89054,0.89059,1.00,1.00
2014.09.22 08:03:22.173,0.89053,0.89059,1.25,1.00
2014.09.22 08:03:22.577,0.89054,0.89061,1.50,2.40
2014.09.22 08:03:23.082,0.89054,0.89063,1.10,1.68
2014.09.22 08:03:23.678,0.89054,0.89063,1.00,1.68
2014.09.22 08:03:24.211,0.89054,0.89063,1.29,1.87
2014.09.22 08:03:24.746,0.89054,0.89063,1.19,1.87
2014.09.22 08:03:25.648,0.89054,0.89063,1.19,1.87
2014.09.22 08:03:26.168,0.89054,0.89063,1.19,1.79
2014.09.22 08:03:26.960,0.89054,0.89063,1.19,1.76
2014.09.22 08:03:27.488,0.89054,0.89063,1.00,1.87
2014.09.22 08:03:28.889,0.89054,0.89063,1.00,1.87
2014.09.22 08:03:29.401,0.89054,0.89063,1.50,1.87
2014.09.22 08:03:30.193,0.89054,0.89063,1.25,1.65
2014.09.22 08:03:30.522,0.89054,0.89063,1.69,1.65
2014.09.22 08:03:31.035,0.89054,0.89063,1.76,1.57
2014.09.22 08:03:31.543,0.89055,0.89063,1.00,1.65
2014.09.22 08:03:32.277,0.89054,0.89063,1.69,1.68
2014.09.22 08:03:34.295,0.89054,0.89063,1.25,1.84
2014.09.22 08:03:35.562,0.89054,0.89063,1.19,1.87
2014.09.22 08:03:36.911,0.89054,0.89063,1.19,1.84
2014.09.22 08:03:37.013,0.89054,0.89063,1.19,1.84
2014.09.22 08:03:37.559,0.89054,0.89063,1.19,2.62
2014.09.22 08:03:38.064,0.89054,0.89063,1.19,2.62
2014.09.22 08:03:38.761,0.89054,0.89063,1.00,2.62
2014.09.22 08:03:43.237,0.89054,0.89063,1.00,1.40
2014.09.22 08:03:45.370,0.89054,0.89063,1.69,1.09
2014.09.22 08:03:46.682,0.89054,0.89063,1.69,1.17
2014.09.22 08:03:51.297,0.89054,0.89063,1.69,1.09
2014.09.22 08:03:51.806,0.89056,0.89063,1.00,1.09
2014.09.22 08:03:52.140,0.89059,0.89063,1.50,1.10
2014.09.22 08:03:52.444,0.8906,0.89066,1.69,1.00
2014.09.22 08:03:52.495,0.89063,0.89067,1.00,1.00
2014.09.22 08:03:53.001,0.89062,0.89067,1.25,1.00
2014.09.22 08:03:54.584,0.89061,0.89067,1.25,1.00
2014.09.22 08:03:55.099,0.89061,0.89067,1.69,1.00
2014.09.22 08:03:58.769,0.89064,0.89069,1.00,1.07
2014.09.22 08:03:58.971,0.89062,0.89067,1.01,1.00
2014.09.22 08:04:01.163,0.89064,0.89069,1.00,1.00
2014.09.22 08:04:01.367,0.89062,0.89069,1.25,1.50
2014.09.22 08:04:02.060,0.89062,0.89069,1.69,1.10
2014.09.22 08:04:02.619,0.89063,0.89069,1.19,1.10
2014.09.22 08:04:03.176,0.89062,0.89069,1.69,1.10
2014.09.22 08:04:03.278,0.89064,0.89069,1.00,1.10
2014.09.22 08:04:03.817,0.89063,0.89069,1.00,1.00
2014.09.22 08:04:04.350,0.89061,0.89069,3.34,1.00
2014.09.22 08:04:04.858,0.89063,0.89069,1.00,1.00
2014.09.22 08:04:05.162,0.89065,0.89069,1.00,1.00
2014.09.22 08:04:05.670,0.89064,0.8907,1.50,1.50
2014.09.22 08:04:14.221,0.89064,0.8907,1.69,2.28
2014.09.22 08:04:16.921,0.89062,0.89067,1.10,1.03
2014.09.22 08:04:17.224,0.89064,0.8907,1.69,1.50
2014.09.22 08:04:18.209,0.89062,0.8907,1.29,1.53
2014.09.22 08:04:18.621,0.89064,0.8907,1.50,2.28
2014.09.22 08:04:22.332,0.89064,0.8907,1.50,2.28
2014.09.22 08:04:22.568,0.89064,0.8907,1.50,2.28
2014.09.22 08:04:22.669,0.89061,0.89069,2.21,1.03
2014.09.22 08:04:25.155,0.89064,0.89069,1.50,1.03
2014.09.22 08:04:26.731,0.89064,0.89069,1.50,1.04
2014.09.22 08:04:27.186,0.89061,0.89068,1.46,1.03
2014.09.22 08:04:30.600,0.89064,0.8907,1.50,2.28
2014.09.22 08:04:30.787,0.89064,0.89069,1.50,1.03
2014.09.22 08:04:31.091,0.89064,0.8907,1.50,1.50
2014.09.22 08:04:32.077,0.89064,0.89068,1.69,1.04
2014.09.22 08:04:34.987,0.89061,0.89067,1.50,1.03
2014.09.22 08:04:36.919,0.89062,0.89069,1.09,1.03
2014.09.22 08:04:38.095,0.89064,0.89068,1.50,1.04
2014.09.22 08:04:38.196,0.89064,0.89069,1.50,1.00
2014.09.22 08:04:38.348,0.89059,0.89064,1.00,1.03
2014.09.22 08:04:38.399,0.89059,0.89064,1.00,1.00
2014.09.22 08:04:38.450,0.89057,0.89062,1.00,1.00
2014.09.22 08:04:38.501,0.89057,0.89062,1.00,1.00
2014.09.22 08:04:44.123,0.89053,0.89059,1.39,1.03
2014.09.22 08:04:49.039,0.89055,0.8906,1.00,1.03
2014.09.22 08:04:51.030,0.89054,0.8906,1.00,1.03
2014.09.22 08:04:52.145,0.89055,0.8906,1.00,1.03
2014.09.22 08:04:52.864,0.89057,0.89062,1.00,1.68
2014.09.22 08:05:00.298,0.89054,0.8906,1.00,1.03
2014.09.22 08:05:00.399,0.89055,0.8906,1.00,1.04
2014.09.22 08:05:00.805,0.89057,0.89062,1.00,1.00
2014.09.22 08:05:01.057,0.89058,0.89064,2.51,1.00
2014.09.22 08:05:01.109,0.8906,0.89064,1.25,1.00
2014.09.22 08:05:01.210,0.8906,0.89067,1.69,1.13
2014.09.22 08:05:02.784,0.89062,0.89066,1.50,1.04
2014.09.22 08:05:02.885,0.89058,0.89066,1.69,1.53
2014.09.22 08:05:03.037,0.89058,0.89064,1.19,1.04
2014.09.22 08:05:03.835,0.89058,0.89066,1.56,1.53
2014.09.22 08:05:04.340,0.8906,0.89066,1.25,1.03
2014.09.22 08:05:07.288,0.8906,0.89066,1.25,1.04
2014.09.22 08:05:07.793,0.8906,0.89067,1.25,1.10
2014.09.22 08:05:09.342,0.8906,0.89069,1.19,1.68
2014.09.22 08:05:11.371,0.8906,0.89068,1.25,1.12
2014.09.22 08:05:11.523,0.8906,0.89066,1.25,1.19
2014.09.22 08:05:11.827,0.89057,0.89062,1.50,1.11
2014.09.22 08:05:12.535,0.89054,0.89062,1.39,1.13
2014.09.22 08:05:13.066,0.89057,0.89062,1.50,1.13
2014.09.22 08:05:14.236,0.89054,0.89061,1.69,1.03
2014.09.22 08:05:21.491,0.89056,0.8906,1.00,1.00
2014.09.22 08:05:25.777,0.89052,0.89058,1.57,1.03
2014.09.22 08:05:26.081,0.8905,0.89056,1.19,1.00
2014.09.22 08:05:26.233,0.89051,0.89055,1.00,1.10
2014.09.22 08:05:26.284,0.89051,0.89055,1.00,1.10
2014.09.22 08:05:26.789,0.8905,0.89054,1.00,1.04
2014.09.22 08:05:28.423,0.89049,0.89053,1.00,1.04
2014.09.22 08:05:28.925,0.8905,0.89054,1.00,1.04
2014.09.22 08:05:34.324,0.89049,0.89054,1.00,1.03
2014.09.22 08:05:34.829,0.8905,0.89054,1.00,1.53
2014.09.22 08:05:35.334,0.89049,0.89054,1.00,1.03
2014.09.22 08:05:37.819,0.8905,0.89054,1.00,1.00
2014.09.22 08:05:37.972,0.89047,0.89052,1.50,1.04
2014.09.22 08:05:40.931,0.89047,0.89054,1.50,1.13
2014.09.22 08:05:41.467,0.89047,0.89054,1.50,1.13
2014.09.22 08:05:45.447,0.89047,0.89055,1.69,3.10
2014.09.22 08:05:45.598,0.89048,0.89055,2.06,1.50
2014.09.22 08:05:45.905,0.89054,0.89059,1.00,1.00
2014.09.22 08:05:49.949,0.89052,0.89057,1.00,1.04
2014.09.22 08:05:50.253,0.89051,0.89055,1.00,1.10
2014.09.22 08:05:50.764,0.8905,0.89055,1.00,1.60
2014.09.22 08:05:53.774,0.89049,0.89055,1.00,1.53
2014.09.22 08:05:54.805,0.89047,0.89055,1.76,1.28
2014.09.22 08:05:54.957,0.89047,0.89051,1.10,1.00
2014.09.22 08:05:55.159,0.89046,0.89053,1.07,1.53
2014.09.22 08:05:55.361,0.89047,0.89053,1.25,1.03
2014.09.22 08:05:56.058,0.89045,0.89051,1.20,1.03
2014.09.22 08:05:56.161,0.89048,0.89053,1.00,1.60
2014.09.22 08:05:56.262,0.89045,0.89053,1.19,1.60
2014.09.22 08:05:59.104,0.89045,0.89054,1.84,1.60
2014.09.22 08:05:59.206,0.89049,0.89054,1.00,1.03
2014.09.22 08:06:00.082,0.89047,0.89053,1.50,1.03
2014.09.22 08:06:00.285,0.89047,0.89053,1.69,1.03
2014.09.22 08:06:15.052,0.89046,0.8905,1.00,1.00
2014.09.22 08:06:15.305,0.89044,0.89049,1.10,1.04
2014.09.22 08:06:15.822,0.89042,0.89049,2.21,1.04
2014.09.22 08:06:16.330,0.89042,0.89051,2.21,1.03
2014.09.22 08:06:16.482,0.89046,0.89051,1.00,1.53
2014.09.22 08:06:21.352,0.8904,0.89048,4.87,1.00
2014.09.22 08:06:21.454,0.89041,0.89047,1.15,1.53
2014.09.22 08:06:21.555,0.89038,0.89045,2.51,1.03
2014.09.22 08:06:21.656,0.8904,0.89046,1.19,1.00
2014.09.22 08:06:21.758,0.89042,0.89047,1.24,1.00
2014.09.22 08:06:21.809,0.89042,0.8905,1.83,1.25
2014.09.22 08:06:21.961,0.89044,0.89052,1.08,1.04
2014.09.22 08:06:22.415,0.89049,0.89053,1.10,1.00
2014.09.22 08:06:22.618,0.89049,0.89055,1.00,1.53
2014.09.22 08:06:23.151,0.89048,0.89054,1.00,1.04
2014.09.22 08:06:24.353,0.89047,0.89053,1.00,1.03
2014.09.22 08:06:24.504,0.89045,0.89051,1.50,1.53
2014.09.22 08:06:26.464,0.89045,0.89051,1.50,1.53
2014.09.22 08:06:28.547,0.89045,0.89051,1.50,1.53
2014.09.22 08:06:31.558,0.89045,0.89053,1.50,3.34
2014.09.22 08:06:31.811,0.89046,0.89054,1.32,1.28
2014.09.22 08:06:32.317,0.89046,0.89054,1.10,1.13
2014.09.22 08:06:34.385,0.89045,0.89054,2.51,1.29
2014.09.22 08:06:36.333,0.89045,0.89054,2.51,1.35
2014.09.22 08:06:38.591,0.89045,0.89054,2.25,1.04
2014.09.22 08:06:39.118,0.89045,0.89054,2.25,1.43
2014.09.22 08:06:39.663,0.89045,0.89054,2.32,1.35
2014.09.22 08:06:41.612,0.89046,0.89054,1.19,1.57
2014.09.22 08:06:41.915,0.89051,0.89057,1.00,1.00
2014.09.22 08:06:42.217,0.89054,0.89061,1.00,2.62
2014.09.22 08:06:42.722,0.89054,0.89061,1.00,2.62
2014.09.22 08:06:44.105,0.89054,0.89061,1.00,1.87
2014.09.22 08:06:48.090,0.89053,0.89059,1.00,1.03
2014.09.22 08:06:48.593,0.89054,0.8906,1.00,1.28
2014.09.22 08:06:49.127,0.89054,0.8906,1.00,1.29
2014.09.22 08:06:50.399,0.89054,0.8906,1.00,1.25
2014.09.22 08:06:50.703,0.89052,0.89056,1.00,1.00
2014.09.22 08:06:50.805,0.89048,0.89055,1.07,1.03
2014.09.22 08:06:51.334,0.89048,0.89055,1.00,1.53
2014.09.22 08:06:51.843,0.89047,0.89054,1.25,1.53
2014.09.22 08:06:52.813,0.89047,0.89054,1.25,1.00
2014.09.22 08:06:53.318,0.89047,0.89054,1.25,1.13
2014.09.22 08:06:55.142,0.89047,0.89055,1.25,1.79
2014.09.22 08:06:55.375,0.8905,0.89056,1.00,1.04
2014.09.22 08:06:55.929,0.89051,0.89058,1.50,3.37
2014.09.22 08:06:56.829,0.89048,0.89057,1.25,1.18
2014.09.22 08:06:59.728,0.89048,0.89055,1.00,1.12
2014.09.22 08:07:00.235,0.89047,0.89053,1.50,1.04
2014.09.22 08:07:01.074,0.89047,0.89054,1.50,1.65
2014.09.22 08:07:01.379,0.89047,0.89056,1.57,1.79
2014.09.22 08:07:01.783,0.89053,0.89057,1.00,1.24
2014.09.22 08:07:02.136,0.8905,0.89058,1.25,1.43
2014.09.22 08:07:03.192,0.89049,0.89059,2.14,1.13
2014.09.22 08:07:07.676,0.89055,0.89059,1.50,1.00
2014.09.22 08:07:08.187,0.89055,0.89061,1.50,3.37
2014.09.22 08:07:08.703,0.89055,0.8906,1.50,1.04
2014.09.22 08:07:21.996,0.89055,0.89061,1.50,3.29
2014.09.22 08:07:22.843,0.89055,0.89061,1.50,2.35
2014.09.22 08:07:23.348,0.89055,0.89061,1.50,3.29
2014.09.22 08:07:24.690,0.89056,0.89061,1.00,1.23
2014.09.22 08:07:25.196,0.89056,0.89062,1.00,1.12
2014.09.22 08:07:25.743,0.89056,0.89062,1.00,1.09
2014.09.22 08:07:27.592,0.89056,0.89062,1.00,1.76
2014.09.22 08:07:28.106,0.89056,0.89062,1.00,1.84
2014.09.22 08:07:29.784,0.89056,0.89062,1.00,1.09
2014.09.22 08:07:40.892,0.89056,0.89062,1.00,1.87
2014.09.22 08:07:57.051,0.89055,0.89063,1.00,1.84
2014.09.22 08:08:17.837,0.89055,0.89063,1.00,1.49
2014.09.22 08:08:20.747,0.89055,0.89063,1.50,2.99
2014.09.22 08:08:27.357,0.89055,0.89062,1.50,1.29
2014.09.22 08:08:27.861,0.89055,0.89062,1.50,1.12
2014.09.22 08:08:28.371,0.89055,0.89062,1.50,1.12
2014.09.22 08:08:33.413,0.89055,0.89062,1.50,1.87
2014.09.22 08:08:34.441,0.89055,0.89062,1.50,1.87
2014.09.22 08:08:36.920,0.89055,0.89062,1.50,1.24
2014.09.22 08:08:37.428,0.89055,0.89062,1.50,1.87
2014.09.22 08:08:38.002,0.89055,0.89062,1.50,1.87
2014.09.22 08:08:38.508,0.89055,0.89062,1.50,1.87
2014.09.22 08:08:47.568,0.89055,0.89063,1.50,3.74
2014.09.22 08:08:48.078,0.89055,0.89063,1.50,3.74
2014.09.22 08:08:48.856,0.89055,0.89063,1.50,5.24
2014.09.22 08:08:49.398,0.89055,0.89063,1.50,5.24
2014.09.22 08:08:50.058,0.89055,0.89063,1.50,2.99
2014.09.22 08:08:58.471,0.89055,0.89063,1.50,2.59
2014.09.22 08:08:59.518,0.89055,0.89063,1.57,1.76
2014.09.22 08:09:00.577,0.89055,0.89063,1.57,2.51
2014.09.22 08:09:01.580,0.89055,0.89063,1.57,1.69
2014.09.22 08:09:02.933,0.89055,0.89063,1.57,2.44
2014.09.22 08:09:03.454,0.89056,0.89063,1.50,2.44
2014.09.22 08:09:03.991,0.89056,0.89063,1.00,1.76
2014.09.22 08:09:10.947,0.89055,0.89063,2.44,1.69
2014.09.22 08:09:13.133,0.89055,0.89063,1.50,2.44
2014.09.22 08:09:15.149,0.89056,0.89062,1.00,1.00
2014.09.22 08:09:56.647,0.89056,0.89062,1.00,1.07
2014.09.22 08:09:58.485,0.89056,0.89062,1.00,1.84
2014.09.22 08:09:59.127,0.89056,0.89062,1.00,1.84
2014.09.22 08:10:06.388,0.89056,0.89062,1.00,1.73
2014.09.22 08:10:06.490,0.89054,0.8906,1.00,1.74
2014.09.22 08:10:06.591,0.89054,0.8906,1.00,2.24
2014.09.22 08:10:06.742,0.8905,0.89054,1.00,1.00
2014.09.22 08:10:06.844,0.89047,0.89055,2.40,1.00
2014.09.22 08:10:07.046,0.89048,0.89052,1.20,1.00
2014.09.22 08:10:15.417,0.89049,0.89057,1.20,1.00
2014.09.22 08:10:15.619,0.89052,0.89059,2.32,3.00
2014.09.22 08:10:15.923,0.89057,0.89062,1.00,1.01
2014.09.22 08:10:16.503,0.89056,0.89062,1.00,1.01
2014.09.22 08:10:17.019,0.89056,0.89062,1.00,1.36
2014.09.22 08:10:19.396,0.89056,0.89062,1.00,1.01
2014.09.22 08:10:19.699,0.8905,0.89055,1.00,1.00
2014.09.22 08:10:19.939,0.89048,0.89056,1.10,1.25
2014.09.22 08:10:20.343,0.89048,0.89053,1.00,1.00
2014.09.22 08:10:35.763,0.89049,0.89053,1.00,1.00
2014.09.22 08:10:36.068,0.8906,0.89066,1.00,1.15
2014.09.22 08:10:36.317,0.89058,0.89064,1.00,1.00
2014.09.22 08:10:36.520,0.89056,0.89064,1.50,1.33
2014.09.22 08:10:36.876,0.89056,0.89064,1.50,3.37
2014.09.22 08:10:37.503,0.89056,0.89064,1.50,2.62
2014.09.22 08:10:38.182,0.89056,0.89064,1.50,2.62
2014.09.22 08:10:38.690,0.89056,0.89064,2.62,1.57
2014.09.22 08:10:38.942,0.89058,0.89063,1.00,1.00
2014.09.22 08:10:39.044,0.89056,0.89063,1.50,1.43
2014.09.22 08:10:39.296,0.89055,0.89062,1.50,1.87
2014.09.22 08:10:42.490,0.89055,0.89061,1.00,1.29
2014.09.22 08:10:43.697,0.89055,0.89062,1.00,1.40
2014.09.22 08:10:44.892,0.89055,0.89062,1.00,1.87
2014.09.22 08:10:45.709,0.89055,0.89062,1.00,1.87
2014.09.22 08:10:46.562,0.89056,0.89063,1.00,2.43
2014.09.22 08:10:46.714,0.89056,0.89063,1.00,1.00
2014.09.22 08:10:46.967,0.89056,0.89061,1.50,1.00
2014.09.22 08:10:47.472,0.89055,0.89063,1.00,1.87
2014.09.22 08:10:53.621,0.89055,0.89063,1.00,2.24
2014.09.22 08:10:53.924,0.89055,0.89063,1.25,1.25
2014.09.22 08:10:54.026,0.89057,0.89065,1.10,1.79
2014.09.22 08:10:54.330,0.89055,0.89063,2.25,2.99
2014.09.22 08:10:54.835,0.89055,0.89063,1.00,4.42
2014.09.22 08:10:55.934,0.89055,0.89063,1.00,2.24
2014.09.22 08:10:56.425,0.89055,0.89063,1.00,4.42
2014.09.22 08:10:58.055,0.89055,0.89063,1.00,2.24
2014.09.22 08:10:58.569,0.89055,0.89063,1.00,3.67
2014.09.22 08:11:00.350,0.89055,0.89063,1.00,2.24
2014.09.22 08:11:00.451,0.89055,0.89063,1.00,4.42
2014.09.22 08:11:00.658,0.89055,0.89063,1.00,2.24
2014.09.22 08:11:02.462,0.89055,0.89062,1.00,1.46
2014.09.22 08:11:02.970,0.89055,0.89062,1.00,1.46
2014.09.22 08:11:03.295,0.89055,0.89062,1.00,1.46
2014.09.22 08:11:03.829,0.89055,0.89063,1.00,1.75
2014.09.22 08:11:04.393,0.89055,0.89063,1.00,1.75
2014.09.22 08:11:04.899,0.89055,0.89062,1.00,1.46
2014.09.22 08:11:07.469,0.89055,0.89061,1.00,1.34
2014.09.22 08:11:08.175,0.89055,0.89061,1.00,1.29
2014.09.22 08:11:08.680,0.89055,0.89061,1.00,1.46
2014.09.22 08:11:08.832,0.89053,0.89059,1.00,1.09
2014.09.22 08:11:09.870,0.89053,0.89059,1.00,1.09
2014.09.22 08:11:10.406,0.89053,0.89059,1.00,1.09
2014.09.22 08:11:11.697,0.89053,0.89059,1.00,1.32
2014.09.22 08:11:12.239,0.89053,0.89059,1.00,1.09
2014.09.22 08:11:14.981,0.89051,0.89059,1.00,2.24
2014.09.22 08:11:15.234,0.89051,0.89057,1.00,1.87
2014.09.22 08:11:15.739,0.8905,0.89057,1.00,1.87
2014.09.22 08:11:16.247,0.8905,0.89057,1.00,1.87
2014.09.22 08:11:16.761,0.8905,0.89057,1.00,1.87
2014.09.22 08:11:18.285,0.8905,0.89057,1.00,1.87
2014.09.22 08:11:22.392,0.8905,0.89057,1.00,1.01
2014.09.22 08:11:22.846,0.8905,0.89057,1.00,1.09
2014.09.22 08:11:23.344,0.8905,0.89057,1.00,1.12
2014.09.22 08:11:23.849,0.8905,0.89057,1.00,1.44
2014.09.22 08:11:26.309,0.8905,0.89057,1.00,1.87
2014.09.22 08:11:30.230,0.8905,0.89057,1.00,1.87
2014.09.22 08:11:30.981,0.89048,0.89053,1.10,1.00
2014.09.22 08:11:32.865,0.89047,0.89053,1.00,1.00
2014.09.22 08:11:38.649,0.89048,0.89053,1.50,1.00
2014.09.22 08:11:38.750,0.89049,0.89055,1.00,1.10
2014.09.22 08:11:38.852,0.89051,0.89056,1.00,1.00
2014.09.22 08:11:39.004,0.89053,0.89059,1.00,1.00
2014.09.22 08:11:39.509,0.89054,0.8906,1.00,1.10
2014.09.22 08:11:47.813,0.89054,0.8906,1.00,1.07
2014.09.22 08:11:48.435,0.89054,0.8906,1.00,1.10
2014.09.22 08:11:49.235,0.89054,0.8906,1.00,1.07
2014.09.22 08:11:49.760,0.89054,0.8906,1.00,1.25
2014.09.22 08:12:00.464,0.89054,0.8906,1.00,1.09
2014.09.22 08:12:00.969,0.89052,0.89058,1.00,1.22
2014.09.22 08:12:01.093,0.89051,0.89058,1.50,2.24
2014.09.22 08:12:01.247,0.89048,0.89053,1.00,1.00
2014.09.22 08:12:01.298,0.89048,0.89053,1.00,1.00
2014.09.22 08:12:06.857,0.89047,0.89053,1.69,1.00
2014.09.22 08:12:10.236,0.89046,0.89051,1.50,1.00
2014.09.22 08:12:19.931,0.89044,0.89051,1.50,1.57
2014.09.22 08:12:20.436,0.89045,0.89051,1.00,1.10
2014.09.22 08:12:20.950,0.89046,0.89052,1.50,1.00
2014.09.22 08:12:21.462,0.89046,0.89052,1.57,1.00
2014.09.22 08:12:22.230,0.89046,0.89053,2.51,1.00
2014.09.22 08:12:22.483,0.8905,0.89054,1.00,1.00
2014.09.22 08:12:22.736,0.89052,0.89058,1.50,1.50
2014.09.22 08:12:22.988,0.8905,0.89055,1.00,1.00
2014.09.22 08:12:23.089,0.8905,0.89055,1.00,1.10
2014.09.22 08:12:23.998,0.89048,0.89054,1.00,1.00
2014.09.22 08:12:24.503,0.89047,0.89054,1.76,1.50
2014.09.22 08:12:38.185,0.89048,0.89054,1.00,1.50
2014.09.22 08:12:38.388,0.89052,0.89056,1.00,1.00
2014.09.22 08:12:38.893,0.89051,0.89057,1.00,1.10
2014.09.22 08:12:39.045,0.89048,0.89056,1.01,1.00
2014.09.22 08:12:39.096,0.89049,0.89056,1.19,1.00
2014.09.22 08:12:39.428,0.89052,0.89058,1.00,1.53
2014.09.22 08:12:39.479,0.8905,0.89058,1.00,1.60
2014.09.22 08:12:39.884,0.89048,0.89056,1.69,2.54
2014.09.22 08:12:39.935,0.89048,0.89052,1.69,1.00
2014.09.22 08:12:42.455,0.89047,0.89054,1.00,1.50
2014.09.22 08:12:42.661,0.89048,0.89054,1.95,1.00
2014.09.22 08:12:42.863,0.89048,0.89057,2.14,1.57
2014.09.22 08:12:42.914,0.89052,0.89058,1.00,1.76
2014.09.22 08:12:43.419,0.89052,0.89058,1.00,1.00
2014.09.22 08:12:43.521,0.89048,0.89058,1.31,1.19
2014.09.22 08:12:44.076,0.89048,0.89058,1.31,1.44
2014.09.22 08:12:44.177,0.89047,0.89058,2.06,4.04
2014.09.22 08:12:44.632,0.89047,0.89056,1.00,1.04
2014.09.22 08:12:45.389,0.89047,0.89056,1.00,1.01
2014.09.22 08:12:45.891,0.89047,0.89056,1.25,1.68
2014.09.22 08:12:46.195,0.89048,0.89052,1.00,1.00
2014.09.22 08:12:48.210,0.89047,0.89053,1.00,2.43
2014.09.22 08:12:48.261,0.89045,0.89053,1.00,1.68
2014.09.22 08:12:53.589,0.89045,0.89052,1.00,1.04
2014.09.22 08:12:53.690,0.89045,0.89052,1.00,1.40
2014.09.22 08:12:55.316,0.89045,0.89052,1.00,1.35
2014.09.22 08:12:55.988,0.89045,0.89052,1.00,3.29
2014.09.22 08:12:56.500,0.89044,0.89051,1.50,1.35
2014.09.22 08:12:57.376,0.8904,0.89047,1.15,1.00
2014.09.22 08:12:57.628,0.89041,0.89047,1.00,1.43
2014.09.22 08:12:57.730,0.89039,0.89046,1.00,1.19
2014.09.22 08:12:58.084,0.89037,0.89044,1.00,1.04
2014.09.22 08:12:58.589,0.89037,0.89044,1.00,1.21
2014.09.22 08:12:59.093,0.89037,0.89044,1.00,1.68
2014.09.22 08:12:59.852,0.89037,0.89043,1.00,1.20
2014.09.22 08:13:00.578,0.89036,0.8904,1.00,1.00
2014.09.22 08:13:00.830,0.89032,0.89039,1.69,1.53
2014.09.22 08:13:01.972,0.89032,0.89036,1.50,1.00
2014.09.22 08:13:02.275,0.89026,0.89031,1.00,1.07
2014.09.22 08:13:02.578,0.89024,0.89031,1.50,2.43
2014.09.22 08:13:02.791,0.89022,0.89031,1.67,2.43
2014.09.22 08:13:02.892,0.89022,0.89031,1.67,4.60
2014.09.22 08:13:03.600,0.89022,0.89026,1.48,1.10
2014.09.22 08:13:04.107,0.89021,0.89025,1.00,1.04
2014.09.22 08:13:04.612,0.8902,0.89025,1.00,1.03
2014.09.22 08:13:05.175,0.89021,0.89025,1.00,1.04
2014.09.22 08:13:05.683,0.89022,0.89026,1.00,1.00
2014.09.22 08:13:06.087,0.89021,0.89029,2.51,1.57
2014.09.22 08:13:06.333,0.89024,0.89031,1.00,1.57
2014.09.22 08:13:06.839,0.89027,0.89032,1.00,1.10
2014.09.22 08:13:16.017,0.89027,0.89032,1.00,1.03
2014.09.22 08:13:16.528,0.89025,0.89032,1.00,1.18
2014.09.22 08:13:17.195,0.89027,0.89032,1.00,1.04
2014.09.22 08:13:17.704,0.89027,0.89032,1.00,1.07
2014.09.22 08:13:20.359,0.89025,0.89029,1.00,1.00
2014.09.22 08:13:20.864,0.89025,0.89031,1.00,1.87
2014.09.22 08:13:21.975,0.89025,0.89031,1.00,1.87
2014.09.22 08:13:25.764,0.89025,0.89029,1.00,1.24
2014.09.22 08:13:30.519,0.89024,0.89029,1.00,1.12
2014.09.22 08:13:30.621,0.89023,0.89028,1.00,1.03
2014.09.22 08:13:31.075,0.89022,0.89026,1.00,1.04
2014.09.22 08:13:35.225,0.89022,0.89027,1.00,1.09
2014.09.22 08:13:35.326,0.89022,0.89027,1.00,1.12
2014.09.22 08:13:35.529,0.89021,0.89026,1.00,1.23
2014.09.22 08:13:36.443,0.8902,0.89024,1.00,1.04
2014.09.22 08:13:36.746,0.8902,0.89024,1.00,1.10
2014.09.22 08:13:36.847,0.8902,0.89025,1.00,1.04
2014.09.22 08:13:37.049,0.8902,0.89026,1.00,1.26
2014.09.22 08:13:37.100,0.8902,0.89024,1.00,1.00
2014.09.22 08:13:37.554,0.89017,0.89021,1.10,1.00
2014.09.22 08:13:38.060,0.89017,0.89022,1.10,1.03
2014.09.22 08:13:38.363,0.89017,0.89021,1.00,1.00
2014.09.22 08:13:38.767,0.89014,0.89019,1.50,1.03
2014.09.22 08:13:38.969,0.8901,0.89018,2.21,1.03
2014.09.22 08:13:39.367,0.89014,0.8902,1.50,1.03
2014.09.22 08:13:39.468,0.89014,0.89022,1.84,1.50
2014.09.22 08:13:39.519,0.89017,0.89023,1.00,1.29
2014.09.22 08:13:39.823,0.89012,0.89018,1.07,1.00
2014.09.22 08:13:39.873,0.89012,0.8902,1.50,1.17
2014.09.22 08:13:39.975,0.89015,0.89022,1.00,1.20
2014.09.22 08:13:40.481,0.89015,0.89019,1.50,1.04
2014.09.22 08:13:43.051,0.89015,0.89021,1.50,1.36
2014.09.22 08:13:43.556,0.89016,0.89021,1.00,1.29
2014.09.22 08:13:44.387,0.89014,0.8902,1.00,1.03
2014.09.22 08:13:44.903,0.89014,0.8902,1.00,1.28
2014.09.22 08:13:45.678,0.89014,0.89019,1.00,1.29
2014.09.22 08:13:46.197,0.89014,0.89019,1.00,1.12
2014.09.22 08:13:48.555,0.89015,0.89019,1.00,1.14
2014.09.22 08:13:49.114,0.89007,0.89015,1.00,2.50
2014.09.22 08:13:49.166,0.89006,0.89013,1.10,3.65
2014.09.22 08:13:49.217,0.89,0.89005,2.25,1.12
2014.09.22 08:13:49.369,0.88992,0.88998,3.00,1.00
2014.09.22 08:13:49.420,0.88994,0.88999,1.50,1.13
2014.09.22 08:13:49.622,0.88991,0.88996,1.00,1.10
2014.09.22 08:13:49.724,0.88991,0.88997,3.00,1.17
2014.09.22 08:13:49.876,0.88991,0.89,3.00,1.09
2014.09.22 08:13:49.977,0.88994,0.89001,1.00,2.61
2014.09.22 08:13:50.482,0.88994,0.89001,1.00,1.86
2014.09.22 08:13:50.785,0.88992,0.88998,1.01,1.00
2014.09.22 08:13:51.694,0.88992,0.88998,1.00,1.79
2014.09.22 08:13:51.997,0.88988,0.88995,2.32,1.53
2014.09.22 08:13:52.200,0.88986,0.88994,1.50,1.29
2014.09.22 08:13:52.554,0.88986,0.88993,1.50,1.29
2014.09.22 08:13:52.706,0.88982,0.88991,1.65,1.50
2014.09.22 08:13:52.958,0.88985,0.88992,1.50,1.69
2014.09.22 08:13:53.463,0.88985,0.88992,1.57,2.44
2014.09.22 08:13:54.119,0.88985,0.88992,1.65,1.50
2014.09.22 08:13:54.220,0.88985,0.88992,1.57,1.50
2014.09.22 08:13:54.321,0.88985,0.88992,1.65,1.50
2014.09.22 08:13:54.423,0.88985,0.88992,1.57,1.50
2014.09.22 08:13:54.928,0.88984,0.88989,1.25,1.50
2014.09.22 08:13:55.131,0.88978,0.88987,1.00,1.69
2014.09.22 08:13:55.283,0.88977,0.88982,1.00,1.00
2014.09.22 08:13:55.586,0.88981,0.88987,1.00,1.23
2014.09.22 08:13:55.687,0.88977,0.88984,1.50,2.28
2014.09.22 08:13:56.193,0.88976,0.88982,1.00,1.25
2014.09.22 08:13:56.345,0.88974,0.88982,1.00,1.69
2014.09.22 08:13:56.446,0.88974,0.88979,1.00,1.00
2014.09.22 08:13:56.699,0.88972,0.88979,1.50,1.36
2014.09.22 08:13:56.800,0.8897,0.8898,1.50,3.15
2014.09.22 08:13:56.902,0.8897,0.88975,1.50,1.07
2014.09.22 08:13:57.003,0.88963,0.88972,1.65,1.50
2014.09.22 08:13:57.105,0.88963,0.8897,1.00,1.00
2014.09.22 08:13:57.408,0.88968,0.88972,1.00,1.00
2014.09.22 08:13:57.560,0.88963,0.88971,1.00,1.69
2014.09.22 08:13:57.662,0.88961,0.88972,2.25,1.69
2014.09.22 08:13:58.016,0.88961,0.88969,1.00,3.94
2014.09.22 08:13:58.521,0.88962,0.8897,1.00,1.69
2014.09.22 08:13:59.126,0.88962,0.8897,2.77,1.04
2014.09.22 08:13:59.228,0.88965,0.88974,1.00,1.03
2014.09.22 08:13:59.278,0.88965,0.88972,1.00,1.03
2014.09.22 08:13:59.531,0.88962,0.88967,1.00,1.00
2014.09.22 08:13:59.784,0.88958,0.88964,1.00,1.03
2014.09.22 08:14:00.088,0.88956,0.88963,1.00,1.03
2014.09.22 08:14:00.392,0.88958,0.88965,1.84,1.00
2014.09.22 08:14:00.443,0.88958,0.88966,1.84,1.00
2014.09.22 08:14:00.544,0.88962,0.88969,1.00,1.00
2014.09.22 08:14:00.595,0.88962,0.8897,3.94,1.50
2014.09.22 08:14:00.798,0.88964,0.88974,1.34,1.50
2014.09.22 08:14:01.103,0.88965,0.88971,1.09,1.00
2014.09.22 08:14:01.305,0.88964,0.88971,1.00,1.23
2014.09.22 08:14:01.759,0.88962,0.88968,1.57,1.50
2014.09.22 08:14:02.264,0.88962,0.88968,1.57,1.50
2014.09.22 08:14:02.769,0.88963,0.88969,1.00,1.04
2014.09.22 08:14:03.277,0.88965,0.88971,1.00,1.26
2014.09.22 08:14:03.782,0.88964,0.88972,1.00,1.84
2014.09.22 08:14:04.136,0.88962,0.88971,1.00,2.51
2014.09.22 08:14:04.288,0.88962,0.88969,1.00,2.59
2014.09.22 08:14:04.793,0.88963,0.88969,1.00,1.17
2014.09.22 08:14:04.946,0.88961,0.88967,1.00,1.00
2014.09.22 08:14:05.249,0.8896,0.88965,1.00,1.00
2014.09.22 08:14:05.833,0.8896,0.88964,1.00,1.10
2014.09.22 08:14:06.035,0.88958,0.88964,1.00,1.09
2014.09.22 08:14:06.540,0.8896,0.88964,1.10,1.00
2014.09.22 08:14:06.692,0.8896,0.88969,1.10,1.09
2014.09.22 08:14:06.793,0.88962,0.88969,1.00,1.26
2014.09.22 08:14:07.305,0.88961,0.88967,1.00,1.00
2014.09.22 08:14:07.659,0.88961,0.88966,1.00,1.19
2014.09.22 08:14:07.811,0.88957,0.88964,1.57,1.50
2014.09.22 08:14:08.114,0.88954,0.88962,1.57,1.57
2014.09.22 08:14:08.266,0.88952,0.88961,1.25,1.34
2014.09.22 08:14:09.318,0.88952,0.8896,1.00,1.39
2014.09.22 08:14:09.824,0.88952,0.88958,1.50,2.62
2014.09.22 08:14:10.358,0.88951,0.88957,1.50,1.09
2014.09.22 08:14:10.762,0.88952,0.88959,1.00,1.29
2014.09.22 08:14:10.964,0.88954,0.8896,1.00,2.62
2014.09.22 08:14:11.308,0.88952,0.8896,1.00,1.87
2014.09.22 08:14:11.490,0.88955,0.88961,1.50,3.00
2014.09.22 08:14:11.541,0.88957,0.88965,1.00,1.03
2014.09.22 08:14:11.643,0.88957,0.88964,1.00,1.03
2014.09.22 08:14:12.098,0.88956,0.88963,1.00,1.29
2014.09.22 08:14:12.452,0.88957,0.88966,1.00,1.84
2014.09.22 08:14:12.756,0.88952,0.88958,1.00,1.03
2014.09.22 08:14:13.060,0.88953,0.88959,1.00,2.25
2014.09.22 08:14:13.212,0.88952,0.88961,2.44,1.60
2014.09.22 08:14:13.262,0.88952,0.88961,2.59,1.53
2014.09.22 08:14:13.566,0.88957,0.88962,1.00,1.00
2014.09.22 08:14:13.768,0.88956,0.88966,2.32,2.54
2014.09.22 08:14:14.293,0.88956,0.88966,4.39,2.35
2014.09.22 08:14:14.495,0.8896,0.88966,1.12,1.50
2014.09.22 08:14:14.748,0.88961,0.88968,1.00,1.00
2014.09.22 08:14:14.950,0.8896,0.88968,1.46,1.00
2014.09.22 08:14:15.051,0.8896,0.88968,1.46,1.00
2014.09.22 08:14:15.557,0.8896,0.88968,1.07,1.53
2014.09.22 08:14:15.709,0.8896,0.88967,1.07,1.72
2014.09.22 08:14:15.810,0.88959,0.88967,1.69,1.79
2014.09.22 08:14:16.315,0.88959,0.88967,1.25,1.01
2014.09.22 08:14:16.819,0.88959,0.88967,1.76,1.00
2014.09.22 08:14:17.325,0.88959,0.88966,1.15,1.00
2014.09.22 08:14:17.477,0.88958,0.88963,1.00,1.00
2014.09.22 08:14:17.782,0.88957,0.88965,1.07,1.00
2014.09.22 08:14:18.000,0.88957,0.88963,1.00,1.00
2014.09.22 08:14:18.530,0.88958,0.88962,1.00,1.00
2014.09.22 08:14:20.128,0.88956,0.88963,1.50,3.22
2014.09.22 08:14:20.633,0.88956,0.88961,1.50,1.00
2014.09.22 08:14:20.785,0.88953,0.88961,1.10,3.07
2014.09.22 08:14:21.897,0.88952,0.88961,1.76,3.00
2014.09.22 08:14:22.404,0.88952,0.88961,2.51,1.57
2014.09.22 08:14:23.856,0.88952,0.88961,2.25,1.76
2014.09.22 08:14:24.411,0.88954,0.88961,1.00,1.76
2014.09.22 08:14:24.714,0.88958,0.88964,1.00,1.00
2014.09.22 08:14:24.765,0.88958,0.88966,1.00,1.50
2014.09.22 08:14:25.270,0.88959,0.88967,1.07,1.25
2014.09.22 08:14:25.787,0.88961,0.88967,1.00,1.50
2014.09.22 08:14:27.337,0.88961,0.88965,1.00,1.00
2014.09.22 08:14:27.439,0.88951,0.88958,2.17,4.29
2014.09.22 08:14:27.591,0.88948,0.88956,1.50,2.44
2014.09.22 08:14:27.642,0.88952,0.88956,1.00,2.25
2014.09.22 08:14:27.845,0.88953,0.88958,1.00,1.00
2014.09.22 08:14:27.947,0.88953,0.8896,1.10,1.69
2014.09.22 08:14:28.048,0.88956,0.8896,1.00,1.25
2014.09.22 08:14:28.566,0.88955,0.8896,1.00,1.25
2014.09.22 08:14:31.917,0.88955,0.88959,1.00,1.00
2014.09.22 08:14:32.220,0.88953,0.88957,1.00,1.00
2014.09.22 08:14:32.478,0.88952,0.88956,1.00,1.20
2014.09.22 08:14:32.681,0.8895,0.88956,1.50,1.20
2014.09.22 08:14:32.883,0.88951,0.8896,1.07,2.54
2014.09.22 08:14:32.984,0.8895,0.88959,1.95,1.44
2014.09.22 08:14:33.493,0.88949,0.88957,1.00,1.65
2014.09.22 08:14:34.001,0.88948,0.88957,1.50,4.12
2014.09.22 08:14:34.506,0.88947,0.88955,1.50,1.84
2014.09.22 08:14:35.396,0.88947,0.88955,1.00,1.25
2014.09.22 08:14:35.955,0.88948,0.88955,1.00,1.25
2014.09.22 08:14:36.567,0.88947,0.88955,1.57,1.00
2014.09.22 08:14:37.072,0.88947,0.88953,1.00,1.00
2014.09.22 08:14:37.274,0.88943,0.8895,1.00,1.00
2014.09.22 08:14:37.376,0.88943,0.88948,1.00,1.00
2014.09.22 08:14:37.730,0.88937,0.88949,5.96,1.20
2014.09.22 08:14:38.083,0.88937,0.88949,5.06,3.07
2014.09.22 08:14:38.133,0.88937,0.88949,5.06,3.07
2014.09.22 08:14:38.486,0.88941,0.88949,1.00,3.07
2014.09.22 08:14:38.890,0.88937,0.88947,1.50,3.26
2014.09.22 08:14:39.193,0.88937,0.88944,1.00,1.15
2014.09.22 08:14:39.243,0.88937,0.88945,1.00,5.28
2014.09.22 08:14:39.445,0.88937,0.88945,1.50,3.85
2014.09.22 08:14:40.127,0.88937,0.88943,1.50,1.09
2014.09.22 08:14:40.279,0.88934,0.88942,1.00,1.10
2014.09.22 08:14:40.381,0.88935,0.8894,1.00,1.00
2014.09.22 08:14:40.684,0.88938,0.88942,1.00,1.00
2014.09.22 08:14:40.786,0.88938,0.88944,1.00,1.00
2014.09.22 08:14:41.291,0.88941,0.88945,1.00,1.00
2014.09.22 08:14:41.493,0.88942,0.88948,1.00,1.00
2014.09.22 08:14:42.554,0.88942,0.88947,1.00,1.00
2014.09.22 08:14:42.707,0.88938,0.88946,2.25,2.76
2014.09.22 08:14:42.758,0.88938,0.88942,2.25,1.50
2014.09.22 08:14:43.011,0.88935,0.88942,1.00,1.00
2014.09.22 08:14:43.112,0.88938,0.88943,1.00,1.57
2014.09.22 08:14:43.416,0.8894,0.88944,1.00,1.50
2014.09.22 08:14:43.568,0.88942,0.88948,1.00,1.50
2014.09.22 08:14:44.073,0.8894,0.88948,1.17,1.00
2014.09.22 08:14:45.198,0.88943,0.88947,1.00,1.00
2014.09.22 08:14:47.083,0.88944,0.88948,1.00,1.00
2014.09.22 08:14:47.415,0.88946,0.88951,1.10,1.50
2014.09.22 08:14:47.617,0.88943,0.88951,1.00,1.17
2014.09.22 08:14:47.718,0.88946,0.88952,1.00,2.46
2014.09.22 08:14:48.646,0.88946,0.88952,1.00,1.17
2014.09.22 08:14:49.630,0.88946,0.88952,1.00,2.09
2014.09.22 08:14:49.933,0.8894,0.88945,1.00,1.00
2014.09.22 08:14:50.388,0.88941,0.88948,1.00,1.50
2014.09.22 08:14:50.489,0.88945,0.88949,1.00,1.10
2014.09.22 08:14:51.033,0.88943,0.88948,1.00,1.00
2014.09.22 08:14:52.358,0.88945,0.88949,1.00,1.10
2014.09.22 08:14:52.914,0.88943,0.88949,1.00,1.65
2014.09.22 08:14:53.015,0.8894,0.88948,2.25,1.17
2014.09.22 08:14:53.167,0.8894,0.88946,1.50,1.17
2014.09.22 08:14:53.470,0.88937,0.88945,1.00,1.79
2014.09.22 08:14:54.029,0.88937,0.88944,1.00,1.17
2014.09.22 08:14:54.534,0.88937,0.88943,1.00,1.65
2014.09.22 08:14:55.079,0.88937,0.88943,1.00,1.50
2014.09.22 08:14:55.534,0.88937,0.88941,1.57,1.00
2014.09.22 08:14:55.838,0.88932,0.88937,1.00,1.32
2014.09.22 08:14:56.142,0.88934,0.88938,1.00,1.20
2014.09.22 08:14:56.294,0.88935,0.8894,1.00,1.25
2014.09.22 08:14:56.547,0.88937,0.88942,1.00,1.71
2014.09.22 08:14:57.052,0.88938,0.88942,1.00,1.01
2014.09.22 08:14:57.937,0.88938,0.88943,1.00,1.00
2014.09.22 08:14:58.492,0.88936,0.88943,1.57,1.00
2014.09.22 08:14:58.941,0.88936,0.88941,1.10,1.00
2014.09.22 08:14:59.496,0.88936,0.8894,1.00,1.00
2014.09.22 08:14:59.698,0.88933,0.88938,1.50,1.00
2014.09.22 08:15:00.232,0.88933,0.88937,1.00,2.28
2014.09.22 08:15:00.435,0.88931,0.88936,1.00,2.20
2014.09.22 08:15:00.752,0.88929,0.88936,1.00,1.00
2014.09.22 08:15:01.004,0.88929,0.88934,1.00,1.00
2014.09.22 08:15:01.055,0.88926,0.88933,1.07,1.00
2014.09.22 08:15:01.711,0.88926,0.88933,1.57,1.00
2014.09.22 08:15:02.220,0.88926,0.88932,1.10,1.00
2014.09.22 08:15:02.423,0.88929,0.88933,1.10,1.50
2014.09.22 08:15:02.474,0.88929,0.88935,1.10,1.00
2014.09.22 08:15:02.830,0.88927,0.88935,1.10,1.69
2014.09.22 08:15:03.134,0.88927,0.88935,1.15,1.69
2014.09.22 08:15:03.640,0.88927,0.88935,1.17,1.69
2014.09.22 08:15:03.943,0.88928,0.88935,1.15,1.50
2014.09.22 08:15:04.246,0.88929,0.88938,1.15,1.64
2014.09.22 08:15:04.776,0.8893,0.88938,1.50,2.39
2014.09.22 08:15:05.180,0.8893,0.88936,1.50,1.45
2014.09.22 08:15:05.685,0.88929,0.88938,1.57,5.91
2014.09.22 08:15:06.210,0.88929,0.88938,1.57,3.89
2014.09.22 08:15:07.331,0.88929,0.88938,1.50,4.04
2014.09.22 08:15:07.908,0.88929,0.88935,1.50,1.00
2014.09.22 08:15:08.211,0.88928,0.88932,1.00,1.00
2014.09.22 08:15:08.718,0.88927,0.88934,1.29,1.00
2014.09.22 08:15:09.240,0.88927,0.88935,1.76,1.50
2014.09.22 08:15:09.291,0.88927,0.88932,1.57,1.00
2014.09.22 08:15:09.598,0.88925,0.8893,1.00,1.00
2014.09.22 08:15:09.649,0.88923,0.8893,1.10,1.00
2014.09.22 08:15:09.952,0.88927,0.88932,1.00,1.25
2014.09.22 08:15:10.305,0.88927,0.88934,1.10,1.00
2014.09.22 08:15:11.503,0.88927,0.88935,1.10,1.00
2014.09.22 08:15:11.605,0.88927,0.88932,1.10,1.00
2014.09.22 08:15:11.858,0.88925,0.88931,1.50,1.53
2014.09.22 08:15:14.440,0.88925,0.88931,1.50,1.32
2014.09.22 08:15:14.643,0.88925,0.88932,2.25,1.00
2014.09.22 08:15:15.148,0.88926,0.88932,1.00,1.60
2014.09.22 08:15:15.693,0.88926,0.88931,1.00,2.46
2014.09.22 08:15:15.996,0.88924,0.8893,1.50,1.45
2014.09.22 08:15:19.572,0.88924,0.88931,1.50,3.14
2014.09.22 08:15:23.603,0.88924,0.8893,1.50,1.00
2014.09.22 08:15:23.654,0.88924,0.8893,1.50,1.78
2014.09.22 08:15:23.705,0.88922,0.88928,1.00,1.45
2014.09.22 08:15:24.008,0.88922,0.88927,1.00,3.03
2014.09.22 08:15:24.715,0.88922,0.88927,1.00,2.54
2014.09.22 08:15:25.472,0.88921,0.88927,1.00,1.84
2014.09.22 08:15:25.825,0.88922,0.88927,1.00,1.84
2014.09.22 08:15:29.400,0.88922,0.88929,1.20,1.00
2014.09.22 08:15:29.906,0.88921,0.88929,1.01,1.00
2014.09.22 08:15:30.209,0.88921,0.88927,1.01,1.00
2014.09.22 08:15:32.062,0.88921,0.88929,1.10,1.25
2014.09.22 08:15:32.577,0.88921,0.8893,1.10,2.44
2014.09.22 08:15:33.441,0.88921,0.8893,1.10,1.25
2014.09.22 08:15:35.572,0.88921,0.8893,1.65,2.39
2014.09.22 08:15:36.109,0.88921,0.8893,1.57,1.25
2014.09.22 08:15:36.618,0.88921,0.8893,2.40,1.25
2014.09.22 08:15:37.022,0.88925,0.88929,1.00,1.00
2014.09.22 08:15:40.953,0.88924,0.88929,1.00,1.00
2014.09.22 08:15:41.492,0.88925,0.8893,1.00,1.00
2014.09.22 08:15:42.275,0.88925,0.88932,1.00,2.46
2014.09.22 08:15:42.816,0.88925,0.88932,1.00,1.79
2014.09.22 08:15:43.327,0.88925,0.88932,1.00,1.79
2014.09.22 08:15:43.834,0.88925,0.88932,1.00,1.71
2014.09.22 08:15:45.615,0.88925,0.88932,1.00,2.91
2014.09.22 08:15:46.024,0.88925,0.88932,1.00,2.91
2014.09.22 08:15:46.480,0.88925,0.88929,1.00,1.00
2014.09.22 08:15:47.404,0.88923,0.88929,1.00,1.69
2014.09.22 08:15:47.607,0.8892,0.88927,1.00,3.64
2014.09.22 08:15:47.809,0.88918,0.88925,1.10,1.25
2014.09.22 08:15:48.667,0.88918,0.88924,1.10,3.14
2014.09.22 08:15:49.199,0.88918,0.88922,1.00,1.00
2014.09.22 08:15:49.705,0.88916,0.88922,1.00,3.21
2014.09.22 08:15:50.261,0.88917,0.88922,1.00,3.29
2014.09.22 08:15:50.766,0.88916,0.88922,1.00,3.29
2014.09.22 08:15:51.614,0.88917,0.88922,1.00,3.21
2014.09.22 08:15:52.890,0.88916,0.88922,1.00,4.71
2014.09.22 08:15:53.894,0.88917,0.88922,1.00,1.71
2014.09.22 08:15:54.201,0.88915,0.88921,1.00,1.10
2014.09.22 08:16:00.321,0.88915,0.88921,1.00,1.37
2014.09.22 08:16:04.588,0.88915,0.88919,1.00,1.00
2014.09.22 08:16:04.639,0.8891,0.88918,1.15,1.08
2014.09.22 08:16:04.741,0.88911,0.88916,1.00,1.20
2014.09.22 08:16:04.994,0.88909,0.88916,1.50,1.15
2014.09.22 08:16:05.518,0.88909,0.88916,1.50,1.53
2014.09.22 08:16:05.872,0.88907,0.88916,1.00,2.28
2014.09.22 08:16:06.226,0.88909,0.88915,1.50,1.80
2014.09.22 08:16:06.883,0.88907,0.88914,1.00,1.90
2014.09.22 08:16:07.187,0.88902,0.88906,1.50,1.53
2014.09.22 08:16:08.143,0.889,0.88907,1.00,1.09
2014.09.22 08:16:08.855,0.889,0.88905,1.00,1.00
2014.09.22 08:16:08.957,0.88898,0.88905,1.00,1.15
2014.09.22 08:16:09.159,0.88891,0.88898,1.50,1.07
2014.09.22 08:16:09.210,0.88891,0.88896,1.50,1.07
2014.09.22 08:16:09.261,0.88883,0.88892,1.65,1.25
2014.09.22 08:16:09.514,0.88889,0.88894,1.00,1.00
2014.09.22 08:16:10.019,0.88888,0.88894,1.00,1.00
2014.09.22 08:16:10.798,0.88887,0.88896,1.65,1.00
2014.09.22 08:16:10.950,0.88887,0.88896,1.65,1.00
2014.09.22 08:16:11.380,0.88887,0.88896,1.17,1.45
2014.09.22 08:16:11.582,0.88887,0.88896,1.15,1.45
2014.09.22 08:16:11.849,0.88887,0.88896,1.15,2.20
2014.09.22 08:16:11.950,0.88887,0.88896,1.15,1.00
2014.09.22 08:16:12.052,0.88887,0.88896,1.15,1.00
2014.09.22 08:16:12.153,0.88887,0.88896,1.15,1.00
2014.09.22 08:16:12.668,0.88887,0.88896,1.17,1.00
2014.09.22 08:16:13.219,0.88887,0.88896,1.57,1.03
2014.09.22 08:16:13.724,0.88887,0.88898,1.65,3.59
2014.09.22 08:16:14.029,0.88887,0.88893,1.10,1.10
2014.09.22 08:16:14.535,0.88882,0.88891,1.65,1.50
2014.09.22 08:16:14.738,0.88884,0.88891,1.50,1.00
2014.09.22 08:16:15.041,0.88886,0.88892,1.10,1.00
2014.09.22 08:16:15.344,0.88884,0.88888,1.00,2.20
2014.09.22 08:16:15.446,0.8888,0.88886,1.00,1.70
2014.09.22 08:16:15.547,0.88878,0.88885,1.17,1.00
2014.09.22 08:16:15.851,0.88874,0.8888,2.32,1.00
2014.09.22 08:16:16.963,0.88873,0.88878,1.07,1.00
2014.09.22 08:16:17.572,0.88873,0.8888,2.02,1.00
2014.09.22 08:16:17.976,0.88872,0.88878,3.15,1.50
2014.09.22 08:16:18.584,0.88872,0.88878,3.37,1.50
2014.09.22 08:16:18.989,0.88872,0.88877,1.50,1.15
2014.09.22 08:16:19.040,0.8887,0.88877,1.00,1.65
2014.09.22 08:16:19.586,0.88869,0.88876,1.25,1.10
2014.09.22 08:16:19.789,0.88869,0.88876,1.40,1.00
2014.09.22 08:16:19.890,0.88868,0.88874,1.00,1.45
2014.09.22 08:16:20.042,0.88866,0.88871,1.10,1.00
2014.09.22 08:16:20.295,0.88868,0.88875,1.10,1.00
2014.09.22 08:16:20.396,0.88869,0.88875,1.84,1.00
2014.09.22 08:16:20.808,0.88868,0.88878,1.84,1.69
2014.09.22 08:16:21.010,0.88869,0.88876,1.65,1.00
2014.09.22 08:16:22.122,0.88871,0.88876,1.00,1.00
2014.09.22 08:16:22.224,0.88871,0.88878,1.00,1.50
2014.09.22 08:16:22.691,0.88871,0.88878,1.65,1.50
2014.09.22 08:16:22.792,0.88872,0.88878,1.20,1.50
2014.09.22 08:16:22.894,0.88874,0.88878,1.00,1.50
2014.09.22 08:16:23.197,0.88874,0.88881,1.17,1.25
2014.09.22 08:16:23.703,0.88875,0.88881,1.10,1.25
2014.09.22 08:16:24.741,0.88873,0.88878,1.25,1.50
2014.09.22 08:16:25.550,0.88874,0.88878,1.00,1.50
2014.09.22 08:16:26.007,0.88872,0.88878,3.34,1.50
2014.09.22 08:16:26.058,0.88874,0.88878,1.00,1.50
2014.09.22 08:16:26.417,0.88872,0.88878,1.50,2.02
2014.09.22 08:16:26.518,0.88869,0.88878,2.25,1.34
2014.09.22 08:16:26.923,0.88868,0.88875,1.00,1.29
2014.09.22 08:16:27.126,0.88866,0.88873,1.50,1.00
2014.09.22 08:16:27.634,0.88865,0.88872,2.44,1.50
2014.09.22 08:16:28.347,0.88867,0.88872,1.00,1.50
2014.09.22 08:16:29.156,0.88866,0.88872,2.25,1.00
2014.09.22 08:16:30.717,0.88864,0.8887,1.36,1.00
2014.09.22 08:16:32.736,0.88863,0.8887,2.32,1.00
2014.09.22 08:16:32.902,0.88865,0.8887,1.00,1.00
2014.09.22 08:16:33.004,0.88865,0.88871,1.69,1.00
2014.09.22 08:16:33.106,0.88867,0.88871,1.00,1.00
2014.09.22 08:16:33.359,0.88865,0.88871,1.01,1.00
2014.09.22 08:16:33.662,0.88865,0.88873,1.39,1.00
2014.09.22 08:16:34.167,0.88865,0.88873,2.51,1.50
2014.09.22 08:16:35.095,0.88865,0.88873,1.01,3.89
2014.09.22 08:16:35.196,0.88865,0.88869,1.10,1.00
2014.09.22 08:16:35.247,0.88862,0.88869,3.34,1.50
2014.09.22 08:16:36.308,0.88863,0.88869,1.19,1.50
2014.09.22 08:16:37.058,0.88862,0.88869,2.59,1.50
2014.09.22 08:16:37.681,0.88866,0.88872,1.00,1.47
2014.09.22 08:16:38.186,0.88869,0.88874,1.00,1.57
2014.09.22 08:16:38.287,0.88866,0.88872,1.84,1.00
2014.09.22 08:16:38.388,0.8887,0.88877,2.50,1.00
2014.09.22 08:16:38.541,0.88874,0.88878,1.00,1.50
2014.09.22 08:16:38.592,0.88872,0.88878,1.00,1.10
2014.09.22 08:16:38.892,0.8887,0.88878,3.26,1.50
2014.09.22 08:16:39.397,0.8887,0.88878,3.94,1.50
2014.09.22 08:16:39.903,0.88871,0.88878,1.84,1.50
2014.09.22 08:16:40.418,0.88873,0.88878,1.00,1.50
2014.09.22 08:16:41.590,0.88873,0.8888,1.17,1.25
2014.09.22 08:16:41.741,0.88872,0.88878,1.09,1.50
2014.09.22 08:16:42.260,0.88872,0.88878,1.84,1.50
2014.09.22 08:16:43.304,0.88871,0.88878,1.84,1.50
2014.09.22 08:16:44.112,0.88872,0.88878,1.84,1.50
2014.09.22 08:16:44.618,0.8887,0.88878,2.59,1.50
2014.09.22 08:16:45.123,0.88872,0.88878,1.09,1.50
2014.09.22 08:16:45.522,0.88873,0.88879,1.40,1.00
2014.09.22 08:16:46.027,0.88874,0.88879,1.84,1.00
2014.09.22 08:16:46.583,0.88878,0.88883,1.00,1.00
2014.09.22 08:16:46.786,0.88878,0.88888,1.84,1.45
2014.09.22 08:16:47.493,0.8888,0.88888,1.40,2.20
2014.09.22 08:16:47.998,0.88879,0.88888,1.40,2.20
2014.09.22 08:16:48.655,0.88879,0.88888,1.20,2.39
2014.09.22 08:16:49.306,0.88879,0.88888,1.76,2.46
2014.09.22 08:16:50.265,0.88879,0.88887,1.00,1.70
2014.09.22 08:16:50.568,0.88877,0.88884,1.50,2.46
2014.09.22 08:16:50.973,0.88879,0.88886,1.00,3.89
2014.09.22 08:16:51.175,0.88875,0.88885,1.65,1.90
2014.09.22 08:16:51.561,0.88875,0.88883,2.59,1.00
2014.09.22 08:16:51.865,0.88878,0.88884,1.76,1.00
2014.09.22 08:16:52.269,0.88876,0.88884,1.76,1.45
2014.09.22 08:16:53.190,0.88876,0.88884,1.76,2.20
2014.09.22 08:16:53.817,0.88876,0.88884,2.51,1.00
2014.09.22 08:16:54.324,0.88876,0.88884,2.51,1.00
2014.09.22 08:16:54.947,0.88876,0.88883,1.31,1.00
2014.09.22 08:16:54.998,0.88876,0.88881,1.12,1.00
2014.09.22 08:16:57.178,0.88875,0.88881,2.21,1.00
2014.09.22 08:16:57.381,0.88875,0.88882,1.12,1.00
2014.09.22 08:16:58.756,0.88875,0.88882,1.12,1.95
2014.09.22 08:16:59.011,0.88873,0.8888,1.00,1.84
2014.09.22 08:16:59.114,0.88871,0.88879,1.50,1.03
2014.09.22 08:16:59.317,0.88872,0.88877,1.00,1.00
2014.09.22 08:16:59.931,0.88873,0.88877,1.10,1.00
2014.09.22 08:16:59.983,0.88873,0.8888,1.10,1.69
2014.09.22 08:17:00.487,0.88874,0.8888,1.00,1.00
2014.09.22 08:17:00.998,0.88873,0.8888,1.10,1.00
2014.09.22 08:17:01.502,0.88874,0.8888,1.00,1.00
2014.09.22 08:17:01.705,0.88875,0.8888,1.17,1.00
2014.09.22 08:17:01.756,0.88876,0.88883,1.10,1.69
2014.09.22 08:17:02.684,0.88875,0.88883,1.37,1.84
2014.09.22 08:17:05.157,0.88874,0.88883,1.47,3.14
2014.09.22 08:17:05.359,0.88873,0.88883,1.84,3.51
2014.09.22 08:17:05.687,0.88871,0.88878,1.00,1.07
2014.09.22 08:17:06.141,0.88873,0.88878,1.00,1.00
2014.09.22 08:17:06.445,0.88874,0.8888,1.07,1.00
2014.09.22 08:17:09.323,0.88875,0.88882,2.59,1.00
2014.09.22 08:17:12.048,0.88875,0.88882,1.57,1.00
2014.09.22 08:17:12.301,0.88878,0.88884,1.10,1.00
2014.09.22 08:17:12.806,0.88875,0.88884,3.34,1.00
2014.09.22 08:17:14.045,0.88876,0.88884,1.20,1.10
2014.09.22 08:17:14.247,0.88875,0.88881,1.00,1.00
2014.09.22 08:17:14.753,0.88876,0.88881,1.00,1.50
2014.09.22 08:17:15.107,0.88879,0.88885,1.00,1.01
2014.09.22 08:17:15.259,0.88877,0.88883,1.65,1.50
2014.09.22 08:17:15.461,0.88882,0.88888,1.00,1.87
2014.09.22 08:17:15.714,0.8888,0.88888,1.10,1.37
2014.09.22 08:17:15.815,0.8888,0.88885,1.57,1.00
2014.09.22 08:17:16.320,0.88881,0.88885,1.00,1.00
2014.09.22 08:17:16.472,0.88882,0.88887,1.00,1.00
2014.09.22 08:17:16.990,0.88881,0.88887,1.10,1.00
2014.09.22 08:17:17.912,0.8888,0.88887,1.00,1.00
2014.09.22 08:17:18.317,0.88881,0.88885,1.00,1.00
2014.09.22 08:17:18.367,0.88879,0.88885,1.00,1.50
2014.09.22 08:17:18.519,0.88878,0.88883,2.25,1.00
2014.09.22 08:17:18.721,0.88876,0.88882,1.20,1.50
2014.09.22 08:17:18.772,0.88876,0.8888,1.20,1.50
2014.09.22 08:17:19.026,0.88877,0.88883,1.20,1.50
2014.09.22 08:17:19.162,0.88878,0.88883,1.47,1.50
2014.09.22 08:17:19.670,0.8888,0.88888,1.00,1.69
2014.09.22 08:17:19.973,0.8888,0.88885,1.55,1.00
2014.09.22 08:17:20.326,0.88883,0.88887,1.50,1.00
2014.09.22 08:17:20.844,0.88885,0.88889,1.00,1.00
2014.09.22 08:17:21.387,0.88884,0.88888,1.50,1.50
2014.09.22 08:17:21.892,0.88884,0.88888,1.50,1.50
2014.09.22 08:17:22.397,0.88885,0.88891,1.00,1.17
2014.09.22 08:17:23.660,0.88884,0.88888,1.00,1.50
2014.09.22 08:17:23.812,0.88882,0.88888,3.07,1.50
2014.09.22 08:17:24.171,0.88884,0.88888,1.00,1.50
2014.09.22 08:17:25.496,0.88885,0.88891,1.00,1.15
2014.09.22 08:17:25.597,0.88884,0.88888,1.00,1.50
2014.09.22 08:17:25.699,0.88884,0.88889,1.10,1.00
2014.09.22 08:17:25.923,0.88886,0.88892,1.65,1.00
2014.09.22 08:17:26.429,0.88886,0.88892,1.65,1.00
2014.09.22 08:17:26.480,0.8889,0.88894,1.00,1.00
2014.09.22 08:17:26.835,0.8889,0.88896,1.07,1.00
2014.09.22 08:17:26.936,0.88889,0.88896,1.10,1.50
2014.09.22 08:17:27.037,0.88888,0.88892,1.00,1.00
2014.09.22 08:17:27.189,0.88887,0.88892,2.25,1.00
2014.09.22 08:17:27.391,0.88889,0.88893,1.00,1.10
2014.09.22 08:17:27.493,0.88888,0.88895,1.50,1.00
2014.09.22 08:17:27.997,0.88887,0.88895,1.00,1.50
2014.09.22 08:17:29.840,0.88888,0.88895,1.00,1.01
2014.09.22 08:17:30.194,0.88886,0.88892,1.07,1.00
2014.09.22 08:17:30.497,0.88886,0.8889,1.00,1.00
2014.09.22 08:17:30.933,0.88884,0.88889,1.00,1.17
2014.09.22 08:17:30.984,0.88882,0.88889,2.25,1.07
2014.09.22 08:17:31.338,0.88884,0.88889,1.00,1.00
2014.09.22 08:17:31.742,0.88884,0.88891,1.10,1.00
2014.09.22 08:17:31.944,0.88887,0.88891,1.00,1.00
2014.09.22 08:17:31.994,0.88887,0.88893,1.00,1.57
2014.09.22 08:17:32.460,0.88885,0.88892,1.12,1.25
2014.09.22 08:17:32.511,0.88885,0.88889,1.12,1.00
2014.09.22 08:17:34.442,0.88883,0.88889,1.95,1.00
2014.09.22 08:17:34.948,0.88883,0.88888,1.00,1.09
2014.09.22 08:17:35.049,0.8888,0.88888,1.00,1.09
2014.09.22 08:17:35.656,0.8888,0.88889,2.25,1.84
2014.09.22 08:17:35.808,0.88881,0.8889,1.50,3.34
2014.09.22 08:17:36.161,0.88881,0.88888,1.50,1.00
2014.09.22 08:17:37.331,0.88882,0.88888,1.12,1.00
2014.09.22 08:17:37.382,0.88882,0.8889,1.12,1.25
2014.09.22 08:17:37.887,0.88883,0.8889,1.12,1.00
2014.09.22 08:17:40.188,0.88882,0.8889,1.87,1.00
2014.09.22 08:17:41.026,0.88882,0.8889,1.87,1.69
2014.09.22 08:17:41.854,0.88883,0.8889,1.00,1.00
2014.09.22 08:17:41.905,0.88886,0.8889,1.50,1.00
2014.09.22 08:17:42.007,0.88887,0.88894,1.50,1.01
2014.09.22 08:17:42.058,0.88887,0.88893,1.50,2.44
2014.09.22 08:17:42.108,0.88885,0.88892,1.00,1.19
2014.09.22 08:17:42.311,0.88884,0.88889,1.12,1.00
2014.09.22 08:17:43.296,0.88883,0.88892,5.32,1.19
2014.09.22 08:17:44.150,0.88883,0.88893,5.32,2.51
2014.09.22 08:17:44.813,0.88883,0.88893,5.77,2.44
2014.09.22 08:17:45.120,0.88885,0.88893,1.17,1.69
2014.09.22 08:17:45.652,0.88885,0.88893,1.00,1.69
2014.09.22 08:17:46.158,0.88886,0.88893,1.95,1.00
2014.09.22 08:17:46.462,0.88885,0.88891,1.10,1.00
2014.09.22 08:17:46.766,0.88886,0.88893,1.15,1.69
2014.09.22 08:17:47.924,0.88886,0.88893,1.00,1.50
2014.09.22 08:17:48.744,0.88887,0.88893,2.25,1.50
2014.09.22 08:17:48.845,0.88889,0.88893,1.00,1.50
2014.09.22 08:17:49.149,0.88886,0.88894,3.34,1.00
2014.09.22 08:17:49.300,0.88889,0.88894,1.00,1.10
2014.09.22 08:17:49.806,0.88887,0.88894,1.50,1.00
2014.09.22 08:17:50.008,0.88886,0.88895,1.17,1.00
2014.09.22 08:17:50.261,0.88885,0.88895,1.57,1.53
2014.09.22 08:17:51.061,0.88885,0.88895,1.17,2.58
2014.09.22 08:17:51.683,0.88885,0.88895,1.20,2.91
2014.09.22 08:17:52.229,0.88885,0.88895,1.15,2.76
2014.09.22 08:17:52.739,0.88885,0.88895,1.15,2.76
2014.09.22 08:17:54.267,0.88885,0.88895,1.10,1.71
2014.09.22 08:17:54.901,0.88886,0.88895,1.00,1.53
2014.09.22 08:17:56.423,0.88885,0.88895,2.32,1.10
2014.09.22 08:17:56.944,0.88885,0.88895,2.40,1.19
2014.09.22 08:17:58.466,0.88887,0.88895,1.00,1.19
2014.09.22 08:17:59.000,0.88887,0.88895,1.00,1.00
2014.09.22 08:18:00.360,0.88886,0.88895,1.57,1.00
2014.09.22 08:18:02.987,0.88885,0.88895,2.32,1.46
2014.09.22 08:18:03.291,0.88886,0.88895,1.65,1.25
2014.09.22 08:18:03.862,0.88886,0.88895,1.65,1.25
2014.09.22 08:18:04.974,0.88886,0.88895,1.65,1.87
2014.09.22 08:18:05.076,0.88885,0.88895,1.20,4.21
2014.09.22 08:18:05.177,0.88885,0.88894,1.07,2.51
2014.09.22 08:18:05.329,0.88882,0.88891,1.50,2.46
2014.09.22 08:18:05.481,0.88884,0.8889,1.00,1.57
2014.09.22 08:18:06.087,0.88884,0.8889,1.65,1.00
2014.09.22 08:18:06.290,0.88883,0.88891,1.65,1.00
2014.09.22 08:18:06.744,0.88882,0.88887,1.65,1.00
2014.09.22 08:18:07.099,0.88883,0.88889,1.00,1.03
2014.09.22 08:18:07.200,0.88882,0.88889,1.00,1.60
2014.09.22 08:18:07.504,0.8888,0.88885,1.15,1.00
2014.09.22 08:18:07.706,0.88879,0.88884,1.20,1.00
2014.09.22 08:18:08.967,0.88877,0.88885,1.10,1.00
2014.09.22 08:18:09.272,0.88879,0.88885,1.00,1.12
2014.09.22 08:18:09.777,0.8888,0.88885,1.00,1.00
2014.09.22 08:18:10.251,0.88879,0.88888,2.25,1.20
2014.09.22 08:18:10.757,0.8888,0.88888,1.10,1.10
2014.09.22 08:18:11.693,0.88882,0.88888,1.50,1.00
2014.09.22 08:18:12.198,0.88881,0.88887,1.57,1.00
2014.09.22 08:18:12.703,0.88882,0.88887,2.25,1.00
2014.09.22 08:18:13.192,0.88884,0.88888,1.00,1.00
2014.09.22 08:18:13.911,0.88883,0.88887,1.00,1.00
2014.09.22 08:18:14.741,0.88884,0.88888,1.00,1.00
2014.09.22 08:18:15.044,0.88887,0.88893,1.00,1.00
2014.09.22 08:18:15.246,0.88887,0.88891,1.50,1.00
2014.09.22 08:18:15.367,0.88889,0.88893,1.00,1.00
2014.09.22 08:18:15.621,0.88886,0.88893,1.10,1.00
2014.09.22 08:18:16.128,0.88886,0.88893,1.00,1.07
2014.09.22 08:18:16.835,0.88886,0.88893,1.00,1.10
2014.09.22 08:18:17.341,0.88886,0.88892,1.00,1.00
2014.09.22 08:18:17.543,0.88886,0.8889,1.00,1.00
2014.09.22 08:18:18.149,0.88885,0.8889,1.10,1.00
2014.09.22 08:18:18.838,0.88887,0.88891,1.00,1.50
2014.09.22 08:18:19.629,0.88886,0.8889,1.00,1.50
2014.09.22 08:18:20.144,0.88883,0.8889,2.40,1.50
2014.09.22 08:18:20.447,0.88886,0.8889,1.00,1.50
2014.09.22 08:18:21.838,0.88884,0.8889,1.00,1.50
2014.09.22 08:18:22.570,0.88883,0.8889,1.57,1.50
2014.09.22 08:18:22.874,0.88887,0.88893,1.00,1.57
2014.09.22 08:18:23.076,0.88885,0.8889,1.10,1.00
2014.09.22 08:18:23.581,0.88884,0.88889,1.25,1.00
2014.09.22 08:18:25.046,0.88884,0.8889,1.10,1.00
2014.09.22 08:18:25.550,0.88885,0.8889,1.00,1.00
2014.09.22 08:18:27.994,0.88886,0.8889,1.00,1.00
2014.09.22 08:18:29.096,0.88887,0.88891,1.00,1.00
2014.09.22 08:18:29.298,0.88887,0.88893,1.50,1.50
2014.09.22 08:18:30.270,0.8889,0.88895,1.00,1.10
2014.09.22 08:18:30.573,0.88889,0.88895,1.50,1.50
2014.09.22 08:18:31.078,0.88889,0.88894,1.00,1.00
2014.09.22 08:18:32.821,0.88887,0.88894,1.00,1.00
2014.09.22 08:18:32.922,0.88889,0.88894,1.00,1.00
2014.09.22 08:18:33.024,0.88886,0.88894,1.00,2.57
2014.09.22 08:18:33.226,0.88888,0.88894,1.50,2.50
2014.09.22 08:18:33.730,0.88886,0.88893,1.00,1.50
2014.09.22 08:18:33.933,0.88888,0.88893,1.00,1.00
2014.09.22 08:18:34.034,0.88889,0.88893,1.00,1.50
2014.09.22 08:18:35.927,0.88888,0.88893,1.00,1.50
2014.09.22 08:18:36.447,0.88889,0.88893,1.00,1.50
2014.09.22 08:18:37.215,0.88887,0.88893,1.00,1.50
2014.09.22 08:18:37.739,0.88886,0.88893,1.20,1.50
2014.09.22 08:18:47.346,0.88885,0.88893,2.25,1.65
2014.09.22 08:18:47.878,0.88884,0.88893,3.26,1.27
2014.09.22 08:18:48.383,0.88884,0.88893,1.50,1.90
2014.09.22 08:18:48.484,0.88884,0.88893,1.50,1.98
2014.09.22 08:18:52.070,0.88884,0.88893,1.57,2.09
2014.09.22 08:18:53.177,0.88885,0.88893,1.10,1.20
2014.09.22 08:18:53.848,0.88885,0.8889,1.00,1.00
2014.09.22 08:18:54.050,0.88883,0.8889,1.00,1.00
2014.09.22 08:18:54.252,0.88882,0.88888,3.15,1.00
2014.09.22 08:18:54.707,0.8888,0.88887,1.00,1.00
2014.09.22 08:18:55.565,0.8888,0.88886,1.00,1.25
2014.09.22 08:18:55.616,0.88878,0.88884,1.10,1.00
2014.09.22 08:18:56.122,0.88877,0.88885,1.17,1.12
2014.09.22 08:18:56.627,0.88877,0.88884,1.17,1.00
2014.09.22 08:18:57.499,0.88876,0.88884,1.65,1.10
2014.09.22 08:18:58.032,0.88876,0.88884,1.50,1.00
2014.09.22 08:18:58.677,0.88876,0.88881,1.00,1.00
2014.09.22 08:18:58.778,0.88874,0.88881,1.00,1.50
2014.09.22 08:18:59.132,0.88876,0.88883,1.00,1.10
2014.09.22 08:19:07.853,0.88877,0.88883,1.00,1.00
2014.09.22 08:19:08.358,0.88877,0.88884,1.17,1.00
2014.09.22 08:19:08.862,0.88877,0.88884,1.00,1.53
2014.09.22 08:19:09.266,0.88875,0.88882,1.00,1.17
2014.09.22 08:19:09.772,0.88876,0.8888,1.00,1.00
2014.09.22 08:19:10.025,0.88876,0.88884,2.32,1.00
2014.09.22 08:19:10.228,0.88876,0.88881,1.00,1.00
2014.09.22 08:19:10.733,0.88875,0.88883,1.57,1.29
2014.09.22 08:19:11.238,0.88876,0.88883,1.10,1.00
2014.09.22 08:19:16.559,0.88877,0.88883,1.00,1.00
2014.09.22 08:19:17.064,0.88876,0.88884,1.50,1.37
2014.09.22 08:19:17.367,0.88876,0.8888,1.00,1.00
2014.09.22 08:19:17.469,0.88875,0.88883,1.50,2.51
2014.09.22 08:19:20.471,0.88875,0.88883,1.50,2.51
2014.09.22 08:19:21.428,0.88874,0.88883,3.07,2.89
2014.09.22 08:19:21.782,0.88874,0.8888,2.32,1.00
2014.09.22 08:19:22.096,0.88876,0.8888,1.00,1.00
2014.09.22 08:19:22.601,0.88875,0.88881,1.00,1.00
2014.09.22 08:19:27.790,0.88878,0.88882,1.00,1.50
2014.09.22 08:19:28.043,0.88877,0.88883,1.57,1.50
2014.09.22 08:19:29.010,0.88876,0.88883,1.00,1.10
2014.09.22 08:19:33.319,0.88877,0.88883,1.00,1.00
2014.09.22 08:19:33.920,0.88879,0.88883,1.50,1.00
2014.09.22 08:19:34.425,0.8888,0.88884,1.00,1.00
2014.09.22 08:19:35.534,0.88876,0.88884,1.27,1.00
2014.09.22 08:19:35.737,0.88883,0.88887,1.00,1.00
2014.09.22 08:19:36.092,0.88884,0.88889,1.50,1.10
2014.09.22 08:19:36.612,0.88885,0.88889,1.00,1.00
2014.09.22 08:19:37.144,0.88884,0.88889,1.00,1.00
2014.09.22 08:19:38.709,0.88885,0.88889,1.00,1.00
2014.09.22 08:19:39.749,0.88886,0.8889,1.00,1.00
2014.09.22 08:19:39.850,0.88883,0.88889,1.00,1.00
2014.09.22 08:19:39.951,0.88885,0.88889,1.00,1.20
2014.09.22 08:19:40.052,0.88883,0.88889,1.57,1.00
2014.09.22 08:19:40.254,0.8888,0.88885,2.40,1.00
2014.09.22 08:19:41.681,0.88881,0.88885,1.00,1.00
2014.09.22 08:19:42.637,0.8888,0.88885,2.51,1.00
2014.09.22 08:19:42.890,0.88883,0.88887,1.00,1.00
2014.09.22 08:19:44.683,0.88882,0.88887,1.10,1.00
2014.09.22 08:19:46.775,0.88882,0.88886,1.00,1.00
2014.09.22 08:19:47.281,0.88881,0.88885,1.10,1.00
2014.09.22 08:19:54.341,0.88881,0.88886,1.17,1.00
2014.09.22 08:19:54.442,0.88879,0.88888,1.10,1.57
2014.09.22 08:19:54.744,0.88879,0.88888,1.50,3.66
2014.09.22 08:19:54.795,0.88877,0.88885,2.32,1.57
2014.09.22 08:19:55.099,0.88879,0.88885,1.00,1.57
2014.09.22 08:19:57.575,0.8888,0.88885,1.00,1.50
2014.09.22 08:19:57.778,0.88881,0.88888,1.50,1.00
2014.09.22 08:19:57.982,0.88878,0.88887,1.57,1.11
2014.09.22 08:19:58.678,0.88879,0.88886,1.00,1.57
2014.09.22 08:19:59.211,0.88878,0.88886,1.10,1.57
2014.09.22 08:20:00.321,0.88879,0.88886,1.00,1.57
2014.09.22 08:20:00.423,0.88881,0.88886,1.00,1.57
2014.09.22 08:20:00.939,0.88882,0.88887,1.00,1.00
2014.09.22 08:20:01.398,0.88884,0.88889,1.00,1.10
2014.09.22 08:20:01.922,0.88884,0.88888,1.00,1.00
2014.09.22 08:20:02.428,0.88884,0.8889,1.07,1.00
2014.09.22 08:20:04.664,0.88884,0.88889,1.07,1.00
2014.09.22 08:20:05.171,0.88884,0.88889,1.50,1.00
2014.09.22 08:20:05.222,0.88884,0.88891,1.00,1.50
2014.09.22 08:20:05.424,0.88886,0.88891,1.00,1.50
2014.09.22 08:20:08.235,0.88885,0.88891,1.10,1.50
2014.09.22 08:20:12.943,0.88886,0.88893,1.00,1.65
2014.09.22 08:20:13.449,0.88886,0.88893,1.50,1.50
2014.09.22 08:20:13.967,0.88885,0.88893,3.00,1.57
2014.09.22 08:20:14.478,0.88885,0.88893,1.10,1.10
2014.09.22 08:20:15.641,0.88884,0.88892,1.76,1.00
2014.09.22 08:20:16.146,0.88884,0.88892,1.00,1.00
2014.09.22 08:20:16.449,0.88884,0.88892,1.00,1.15
2014.09.22 08:20:17.903,0.88884,0.88889,1.00,1.03
2014.09.22 08:20:18.105,0.88881,0.88889,1.00,1.36
2014.09.22 08:20:18.633,0.88882,0.88888,1.00,1.50
2014.09.22 08:20:19.188,0.88884,0.88888,1.00,1.00
2014.09.22 08:20:19.340,0.88884,0.88891,1.17,1.50
2014.09.22 08:20:19.846,0.88885,0.8889,1.01,1.00
2014.09.22 08:20:19.998,0.88887,0.88893,1.50,1.00
2014.09.22 08:20:22.104,0.88886,0.88893,1.00,1.00
2014.09.22 08:20:22.558,0.88886,0.88893,1.00,1.37
2014.09.22 08:20:22.760,0.88886,0.88893,1.00,2.20
2014.09.22 08:20:23.535,0.88886,0.88893,1.00,1.07
2014.09.22 08:20:24.445,0.88886,0.88893,1.00,2.28
2014.09.22 08:20:25.231,0.88886,0.88893,1.00,2.28
2014.09.22 08:20:25.807,0.88886,0.88893,1.00,2.28
2014.09.22 08:20:27.315,0.88886,0.88892,1.00,1.15
2014.09.22 08:20:27.366,0.88885,0.88891,1.00,1.83
2014.09.22 08:20:27.770,0.88883,0.88888,1.00,1.45
2014.09.22 08:20:28.730,0.88883,0.88887,1.00,1.13
2014.09.22 08:20:29.234,0.88883,0.88888,1.00,1.10
2014.09.22 08:20:29.740,0.88882,0.88888,1.00,2.54
2014.09.22 08:20:29.891,0.88881,0.88887,1.00,1.04
2014.09.22 08:20:30.455,0.8888,0.88886,1.00,2.32
2014.09.22 08:20:30.657,0.8888,0.88887,1.00,1.60
2014.09.22 08:20:30.960,0.88877,0.88883,1.50,1.11
2014.09.22 08:20:31.501,0.88874,0.88884,1.00,5.65
2014.09.22 08:20:33.069,0.88878,0.88884,1.00,3.82
2014.09.22 08:20:33.171,0.88877,0.88884,3.00,1.57
2014.09.22 08:20:33.424,0.88876,0.88883,1.00,1.57
2014.09.22 08:20:33.525,0.88876,0.88882,1.00,1.98
2014.09.22 08:20:33.727,0.88873,0.88881,1.00,1.60
2014.09.22 08:20:34.232,0.88872,0.88879,2.25,1.13
2014.09.22 08:20:34.554,0.88875,0.88881,1.10,3.07
2014.09.22 08:20:34.656,0.88874,0.88881,1.27,1.50
2014.09.22 08:20:34.707,0.88878,0.88885,1.00,3.29
2014.09.22 08:20:35.011,0.88874,0.8888,1.07,1.00
2014.09.22 08:20:35.163,0.88873,0.88881,1.00,1.10
2014.09.22 08:20:35.265,0.88876,0.88881,1.00,1.00
2014.09.22 08:20:35.770,0.88876,0.88881,1.00,2.35
2014.09.22 08:20:36.276,0.88872,0.8888,1.10,1.80
2014.09.22 08:20:37.443,0.88872,0.8888,1.17,1.70
2014.09.22 08:20:38.895,0.88872,0.8888,1.07,1.00
2014.09.22 08:20:39.435,0.88872,0.88881,1.50,1.28
2014.09.22 08:20:41.381,0.88872,0.88881,1.25,1.80
2014.09.22 08:20:41.482,0.88872,0.88877,1.25,1.00
2014.09.22 08:20:41.986,0.88873,0.88877,1.00,1.00
2014.09.22 08:20:42.290,0.88871,0.88877,1.00,1.90
2014.09.22 08:20:42.542,0.88866,0.8887,1.00,1.00
2014.09.22 08:20:42.744,0.88863,0.8887,1.00,1.20
2014.09.22 08:20:43.602,0.88863,0.8887,1.37,1.00
2014.09.22 08:20:44.208,0.88862,0.8887,3.52,1.50
2014.09.22 08:20:45.027,0.88864,0.8887,1.00,1.00
2014.09.22 08:20:45.550,0.88864,0.88872,1.50,1.57
2014.09.22 08:20:45.782,0.88863,0.88872,1.00,2.40
2014.09.22 08:20:46.724,0.88862,0.88871,3.19,3.15
2014.09.22 08:20:47.553,0.88863,0.8887,1.00,1.15
2014.09.22 08:20:48.094,0.88863,0.8887,1.00,1.10
2014.09.22 08:20:48.562,0.88866,0.8887,1.00,1.10
2014.09.22 08:20:48.816,0.88868,0.88873,3.00,1.00
2014.09.22 08:20:49.018,0.88866,0.88872,1.00,1.57
2014.09.22 08:20:49.674,0.88865,0.88872,1.01,1.00
2014.09.22 08:20:50.868,0.88865,0.88871,1.00,1.00
2014.09.22 08:20:51.576,0.88866,0.88872,1.00,1.07
2014.09.22 08:20:51.980,0.88864,0.88871,1.00,1.57
2014.09.22 08:20:52.305,0.88862,0.88871,1.69,1.65
2014.09.22 08:20:52.814,0.88862,0.88871,1.69,1.57
2014.09.22 08:20:52.915,0.88863,0.8887,1.47,1.00
2014.09.22 08:20:53.219,0.88866,0.88873,1.50,3.34
2014.09.22 08:20:55.729,0.88866,0.88873,1.50,4.04
2014.09.22 08:20:56.956,0.88862,0.88871,1.00,1.60
2014.09.22 08:20:57.260,0.8886,0.88869,1.00,1.15
2014.09.22 08:20:57.462,0.88862,0.88867,1.00,1.40
2014.09.22 08:20:57.866,0.88861,0.88869,1.00,3.29
2014.09.22 08:20:58.219,0.88861,0.88868,1.00,1.71
2014.09.22 08:20:58.754,0.88861,0.88866,1.00,1.26
2014.09.22 08:20:59.461,0.8886,0.88864,1.00,1.00
2014.09.22 08:20:59.563,0.88857,0.88864,1.10,1.25
2014.09.22 08:20:59.614,0.88857,0.88864,1.10,1.95
2014.09.22 08:20:59.816,0.88853,0.8886,1.00,1.69
2014.09.22 08:21:00.019,0.88853,0.88857,1.00,1.00
2014.09.22 08:21:00.120,0.88851,0.88857,1.00,1.25
2014.09.22 08:21:00.626,0.88853,0.88858,1.00,1.00
2014.09.22 08:21:01.030,0.88853,0.8886,1.20,1.00
2014.09.22 08:21:01.535,0.88852,0.88861,1.87,2.40
2014.09.22 08:21:01.991,0.88856,0.88862,1.00,1.45
2014.09.22 08:21:02.194,0.88853,0.88861,1.12,1.13
2014.09.22 08:21:02.245,0.88853,0.88863,1.47,4.04
2014.09.22 08:21:02.752,0.88853,0.88863,1.95,2.54
2014.09.22 08:21:03.303,0.88853,0.88863,1.95,1.60
2014.09.22 08:21:03.354,0.88853,0.88863,1.57,1.60
2014.09.22 08:21:03.658,0.88856,0.88863,1.00,1.53
2014.09.22 08:21:04.590,0.88856,0.88861,1.00,1.60
2014.09.22 08:21:04.894,0.88856,0.8886,1.00,1.13
2014.09.22 08:21:05.096,0.88848,0.88855,1.57,1.03
2014.09.22 08:21:05.198,0.88847,0.88853,1.00,1.45
2014.09.22 08:21:05.299,0.88847,0.88853,1.00,1.53
2014.09.22 08:21:05.655,0.88847,0.88853,1.00,2.28
2014.09.22 08:21:07.564,0.88847,0.88852,1.00,1.80
2014.09.22 08:21:07.716,0.88843,0.8885,1.00,2.95
2014.09.22 08:21:08.072,0.88842,0.8885,1.50,4.45
2014.09.22 08:21:08.578,0.88842,0.88849,1.50,1.95
2014.09.22 08:21:09.082,0.88842,0.88849,1.57,1.64
2014.09.22 08:21:09.436,0.88842,0.88847,1.50,1.00
2014.09.22 08:21:09.588,0.88842,0.88849,1.50,1.01
2014.09.22 08:21:10.114,0.88842,0.8885,1.50,4.04
2014.09.22 08:21:10.687,0.88842,0.88849,1.50,1.36
2014.09.22 08:21:11.211,0.88844,0.8885,1.00,2.54
2014.09.22 08:21:11.826,0.88844,0.8885,1.00,1.17
2014.09.22 08:21:11.927,0.88845,0.88852,1.50,1.07
2014.09.22 08:21:11.978,0.88845,0.88852,1.87,1.00
2014.09.22 08:21:12.029,0.88848,0.88854,1.00,1.53
2014.09.22 08:21:12.332,0.88842,0.8885,1.00,1.15
2014.09.22 08:21:12.990,0.88842,0.8885,1.00,1.28
2014.09.22 08:21:13.192,0.88845,0.88851,1.50,4.04
2014.09.22 08:21:13.445,0.88845,0.88852,1.47,1.25
2014.09.22 08:21:13.951,0.88845,0.88853,1.12,1.79
2014.09.22 08:21:14.495,0.88845,0.88853,1.12,1.79
2014.09.22 08:21:15.055,0.88845,0.88853,1.87,1.40
2014.09.22 08:21:15.156,0.88845,0.88853,1.87,1.09
2014.09.22 08:21:15.207,0.88847,0.88853,1.00,1.09
2014.09.22 08:21:15.819,0.88847,0.88853,1.00,1.15
2014.09.22 08:21:17.029,0.88847,0.88852,1.00,2.17
2014.09.22 08:21:17.181,0.88843,0.88851,1.50,1.98
2014.09.22 08:21:17.383,0.88842,0.88847,1.50,1.00
2014.09.22 08:21:17.635,0.88839,0.88846,1.50,1.07
2014.09.22 08:21:17.736,0.88839,0.88849,2.32,1.10
2014.09.22 08:21:17.838,0.88839,0.88845,1.84,1.00
2014.09.22 08:21:17.939,0.88843,0.88848,1.00,1.00
2014.09.22 08:21:19.690,0.88841,0.88848,1.00,2.28
2014.09.22 08:21:19.791,0.88841,0.88847,1.00,1.78
2014.09.22 08:21:19.943,0.88838,0.88842,1.00,1.00
2014.09.22 08:21:21.037,0.88837,0.88845,1.87,1.00
2014.09.22 08:21:21.542,0.88838,0.88845,1.00,1.20
2014.09.22 08:21:22.010,0.88841,0.88847,1.00,1.11
2014.09.22 08:21:22.314,0.88833,0.88841,1.00,1.70
2014.09.22 08:21:22.467,0.88832,0.88837,1.00,1.80
2014.09.22 08:21:22.568,0.8883,0.88837,1.50,1.40
2014.09.22 08:21:22.619,0.88827,0.88836,1.00,3.03
2014.09.22 08:21:22.670,0.88827,0.88832,1.00,1.10
2014.09.22 08:21:22.720,0.88825,0.88832,1.50,1.07
2014.09.22 08:21:23.024,0.88821,0.88827,3.00,1.07
2014.09.22 08:21:23.226,0.8882,0.88828,1.50,2.40
2014.09.22 08:21:23.328,0.8882,0.88825,1.50,1.70
2014.09.22 08:21:23.429,0.88816,0.88823,1.57,1.07
2014.09.22 08:21:23.531,0.88813,0.88822,3.19,1.53
2014.09.22 08:21:23.633,0.88814,0.88819,2.32,1.00
2014.09.22 08:21:24.138,0.88814,0.88818,1.10,1.00
2014.09.22 08:21:24.290,0.88812,0.88817,1.20,1.00
2014.09.22 08:21:24.745,0.8881,0.88816,1.00,1.00
2014.09.22 08:21:25.250,0.88812,0.88817,1.10,1.00
2014.09.22 08:21:25.402,0.88814,0.8882,2.32,1.00
2014.09.22 08:21:25.655,0.88818,0.88823,1.00,1.50
2014.09.22 08:21:25.958,0.88823,0.88828,1.10,1.00
2014.09.22 08:21:26.413,0.88821,0.88827,1.25,1.00
2014.09.22 08:21:26.666,0.88824,0.88829,1.00,1.00
2014.09.22 08:21:26.818,0.88823,0.8883,1.00,1.00
2014.09.22 08:21:26.970,0.88825,0.8883,1.00,1.00
2014.09.22 08:21:27.487,0.88825,0.8883,1.00,1.37
2014.09.22 08:21:27.690,0.88818,0.88824,1.50,1.65
2014.09.22 08:21:27.892,0.88815,0.88823,1.00,1.25
2014.09.22 08:21:28.045,0.88815,0.88821,1.00,1.00
2014.09.22 08:21:28.399,0.88818,0.88822,1.00,1.00
2014.09.22 08:21:28.702,0.8882,0.88825,1.76,1.00
2014.09.22 08:21:28.905,0.88823,0.88829,1.10,1.00
2014.09.22 08:21:29.410,0.88824,0.88831,1.20,1.49
2014.09.22 08:21:29.915,0.88824,0.8883,1.69,1.10
2014.09.22 08:21:30.067,0.88825,0.88833,1.00,1.00
2014.09.22 08:21:30.572,0.88825,0.88832,1.00,1.00
2014.09.22 08:21:30.674,0.88825,0.88832,1.00,1.78
2014.09.22 08:21:30.977,0.88816,0.8882,1.00,2.20
2014.09.22 08:21:31.129,0.8881,0.88819,1.50,3.26
2014.09.22 08:21:31.231,0.88809,0.88819,1.00,4.01
2014.09.22 08:21:31.332,0.88809,0.88819,1.00,1.84
2014.09.22 08:21:31.858,0.88809,0.88816,1.00,1.00
2014.09.22 08:21:32.371,0.8881,0.88817,1.50,1.00
2014.09.22 08:21:32.674,0.88813,0.88817,1.00,1.00
2014.09.22 08:21:32.860,0.88815,0.8882,1.00,1.00
2014.09.22 08:21:33.062,0.88812,0.88819,1.50,1.95
2014.09.22 08:21:33.365,0.88811,0.88818,1.07,1.01
2014.09.22 08:21:33.517,0.88815,0.88819,1.00,1.00
2014.09.22 08:21:33.720,0.88814,0.88821,1.57,1.50
2014.09.22 08:21:34.074,0.88814,0.88823,1.65,1.50
2014.09.22 08:21:34.831,0.88814,0.88823,1.57,1.50
2014.09.22 08:21:34.983,0.88814,0.88821,1.10,1.37
2014.09.22 08:21:35.185,0.88809,0.88818,1.57,1.62
2014.09.22 08:21:35.693,0.88809,0.88816,1.57,1.50
2014.09.22 08:21:35.994,0.88811,0.88816,1.10,1.50
2014.09.22 08:21:36.297,0.88817,0.88822,1.00,1.00
2014.09.22 08:21:36.806,0.88817,0.88821,1.00,1.00
2014.09.22 08:21:38.149,0.88815,0.8882,1.00,1.00
2014.09.22 08:21:38.251,0.88813,0.88819,1.10,1.50
2014.09.22 08:21:38.756,0.88812,0.88818,1.10,2.25
2014.09.22 08:21:39.305,0.88811,0.88819,1.20,1.50
2014.09.22 08:21:39.661,0.88811,0.88817,1.00,1.00
2014.09.22 08:21:39.967,0.88808,0.88813,1.00,1.50
2014.09.22 08:21:40.018,0.88808,0.88813,1.00,2.25
2014.09.22 08:21:40.069,0.88803,0.88811,1.34,1.50
2014.09.22 08:21:40.576,0.88803,0.8881,1.84,1.50
2014.09.22 08:21:41.032,0.88807,0.88813,1.00,1.00
2014.09.22 08:21:41.185,0.88808,0.88813,1.00,1.50
2014.09.22 08:21:41.236,0.8881,0.88814,1.00,1.00
2014.09.22 08:21:41.489,0.88808,0.88814,1.20,1.00
2014.09.22 08:21:41.742,0.88808,0.88816,1.00,2.25
2014.09.22 08:21:41.843,0.8881,0.88816,1.50,2.25
2014.09.22 08:21:42.147,0.88812,0.88816,1.00,1.57
2014.09.22 08:21:42.652,0.88813,0.88819,2.51,1.00
2014.09.22 08:21:43.158,0.88815,0.88819,3.19,1.00
2014.09.22 08:21:43.310,0.88815,0.88823,4.01,1.50
2014.09.22 08:21:43.713,0.88815,0.88821,3.07,1.00
2014.09.22 08:21:44.219,0.88813,0.8882,1.84,1.00
2014.09.22 08:21:44.850,0.88814,0.8882,1.32,1.00
2014.09.22 08:21:45.103,0.88818,0.88823,1.00,1.50
2014.09.22 08:21:45.407,0.88823,0.88828,1.00,1.00
2014.09.22 08:21:45.811,0.88825,0.88829,1.50,1.50
2014.09.22 08:21:45.913,0.88822,0.88828,1.84,1.00
2014.09.22 08:21:46.014,0.88825,0.88829,1.25,1.00
2014.09.22 08:21:46.419,0.88827,0.88834,1.00,1.10
2014.09.22 08:21:46.470,0.88826,0.88831,1.07,1.00
2014.09.22 08:21:46.622,0.88831,0.88835,1.00,1.50
2014.09.22 08:21:46.724,0.88831,0.88835,1.25,1.00
2014.09.22 08:21:46.775,0.88832,0.88836,1.50,1.10
2014.09.22 08:21:47.029,0.88833,0.88838,1.76,1.00
2014.09.22 08:21:47.533,0.88833,0.88838,2.44,1.00
2014.09.22 08:21:48.039,0.88834,0.88838,1.69,1.00
2014.09.22 08:21:48.242,0.88827,0.88835,2.17,1.95
2014.09.22 08:21:48.293,0.88827,0.88835,1.19,1.65
2014.09.22 08:21:48.395,0.88829,0.88836,1.00,1.27
2014.09.22 08:21:49.001,0.88828,0.88834,1.00,1.00
2014.09.22 08:21:49.506,0.88828,0.88833,1.00,1.00
2014.09.22 08:21:49.759,0.88826,0.88831,1.00,1.00
2014.09.22 08:21:49.810,0.88824,0.88831,1.40,1.50
2014.09.22 08:21:50.333,0.88824,0.88829,1.40,1.00
2014.09.22 08:21:52.025,0.88822,0.88829,1.15,1.00
2014.09.22 08:21:53.465,0.88823,0.88829,1.84,1.00
2014.09.22 08:21:53.981,0.88823,0.88829,1.84,1.00
2014.09.22 08:21:54.911,0.88823,0.88829,1.95,1.00
2014.09.22 08:21:55.226,0.88823,0.8883,2.02,1.50
2014.09.22 08:21:55.632,0.88825,0.88832,2.32,2.25
2014.09.22 08:21:56.275,0.88827,0.88833,1.00,2.25
2014.09.22 08:21:56.428,0.88831,0.88835,1.00,1.00
2014.09.22 08:21:56.732,0.88832,0.88838,1.65,1.00
2014.09.22 08:21:56.834,0.88834,0.88838,1.10,1.00
2014.09.22 08:21:57.126,0.88835,0.88839,1.10,1.00
2014.09.22 08:21:57.659,0.88833,0.8884,1.15,1.00
2014.09.22 08:21:58.535,0.88834,0.8884,1.01,1.00
2014.09.22 08:21:58.586,0.88834,0.8884,2.01,1.00
2014.09.22 08:21:58.738,0.88834,0.88841,2.01,1.00
2014.09.22 08:21:58.839,0.88834,0.88841,3.26,1.00
2014.09.22 08:21:59.041,0.88834,0.88839,3.26,1.00
2014.09.22 08:21:59.344,0.88833,0.88839,1.76,2.25
2014.09.22 08:21:59.849,0.88831,0.88839,1.57,2.25
2014.09.22 08:22:01.340,0.8883,0.88839,1.50,2.73
2014.09.22 08:22:01.845,0.8883,0.88836,1.50,2.25
2014.09.22 08:22:02.149,0.88828,0.88832,1.00,1.00
2014.09.22 08:22:02.452,0.88826,0.88833,1.76,1.00
2014.09.22 08:22:02.755,0.88823,0.8883,1.09,1.00
2014.09.22 08:22:03.136,0.88823,0.8883,1.84,1.00
2014.09.22 08:22:03.673,0.88823,0.8883,1.84,1.00
2014.09.22 08:22:04.201,0.88824,0.8883,1.07,1.00
2014.09.22 08:22:04.731,0.88826,0.88832,1.10,1.00
2014.09.22 08:22:06.079,0.88828,0.88832,1.00,1.00
2014.09.22 08:22:06.282,0.8883,0.88835,1.76,1.00
2014.09.22 08:22:06.484,0.88833,0.88837,1.00,1.00
2014.09.22 08:22:06.535,0.88833,0.88838,1.00,1.00
2014.09.22 08:22:06.839,0.88834,0.8884,1.07,1.00
2014.09.22 08:22:07.344,0.88832,0.88837,1.32,1.00
2014.09.22 08:22:07.849,0.88834,0.88839,1.10,1.00
2014.09.22 08:22:08.354,0.88835,0.8884,1.00,1.00
2014.09.22 08:22:08.808,0.88837,0.88842,1.00,1.00
2014.09.22 08:22:09.263,0.88834,0.88839,1.25,1.50
2014.09.22 08:22:09.785,0.88833,0.88839,1.84,1.50
2014.09.22 08:22:10.309,0.88834,0.8884,1.10,1.00
2014.09.22 08:22:11.200,0.88834,0.8884,1.69,1.00
2014.09.22 08:22:11.707,0.88834,0.88839,1.69,1.00
2014.09.22 08:22:11.909,0.88832,0.88839,1.69,1.00
2014.09.22 08:22:12.431,0.88833,0.88839,1.00,1.00
2014.09.22 08:22:15.600,0.88833,0.88839,2.21,1.00
2014.09.22 08:22:19.092,0.88835,0.88839,1.00,1.50
2014.09.22 08:22:19.823,0.88834,0.88839,1.20,1.50
2014.09.22 08:22:20.837,0.88835,0.8884,1.00,1.00
2014.09.22 08:22:21.141,0.88837,0.88841,1.00,1.00
2014.09.22 08:22:21.445,0.88839,0.88843,1.00,1.00
2014.09.22 08:22:21.495,0.88841,0.88845,1.00,1.00
2014.09.22 08:22:21.749,0.88839,0.88846,1.50,2.32
2014.09.22 08:22:21.800,0.88837,0.88845,1.00,1.65
2014.09.22 08:22:21.901,0.88837,0.88842,1.00,1.00
2014.09.22 08:22:22.508,0.88836,0.88842,1.10,1.00
2014.09.22 08:22:23.016,0.88836,0.88842,1.07,1.00
2014.09.22 08:22:23.674,0.88836,0.88842,1.00,1.00
2014.09.22 08:22:25.881,0.88835,0.88843,1.12,1.79
2014.09.22 08:22:26.235,0.88837,0.88843,1.00,1.17
2014.09.22 08:22:26.488,0.88834,0.88843,2.62,1.20
2014.09.22 08:22:26.994,0.88834,0.88843,3.37,1.65
2014.09.22 08:22:27.806,0.88834,0.88843,3.45,1.50
2014.09.22 08:22:28.429,0.88834,0.88843,3.45,1.57
2014.09.22 08:22:28.933,0.88834,0.88843,3.37,1.57
2014.09.22 08:22:29.438,0.88835,0.88843,1.00,1.50
2014.09.22 08:22:30.021,0.88835,0.88843,1.17,1.50
2014.09.22 08:22:31.638,0.88837,0.88843,1.00,1.50
2014.09.22 08:22:32.093,0.88835,0.88843,3.37,1.50
2014.09.22 08:22:33.194,0.88835,0.88843,2.62,1.57
2014.09.22 08:22:36.740,0.88835,0.88843,2.25,1.65
2014.09.22 08:22:38.909,0.88835,0.88843,2.25,2.35
2014.09.22 08:22:39.414,0.88835,0.88843,3.00,1.65
2014.09.22 08:22:40.204,0.88835,0.88843,3.00,1.65
2014.09.22 08:22:40.708,0.88835,0.88839,1.00,1.00
2014.09.22 08:22:41.617,0.88834,0.88841,1.00,1.00
2014.09.22 08:22:42.608,0.88835,0.88841,1.00,1.25
2014.09.22 08:22:43.071,0.88838,0.88843,1.50,1.71
2014.09.22 08:22:43.273,0.8884,0.88847,1.00,1.98
2014.09.22 08:22:43.475,0.88838,0.88843,1.00,1.00
2014.09.22 08:22:43.980,0.88837,0.88843,1.10,1.00
2014.09.22 08:22:46.347,0.88836,0.88843,1.50,1.07
2014.09.22 08:22:47.816,0.88835,0.88843,2.25,1.07
2014.09.22 08:22:49.305,0.88834,0.8884,1.00,1.00
2014.09.22 08:22:50.515,0.88835,0.8884,1.00,1.10
2014.09.22 08:22:51.026,0.88835,0.8884,1.00,1.17
2014.09.22 08:22:51.636,0.88835,0.8884,1.00,1.71
2014.09.22 08:22:52.752,0.88835,0.8884,1.00,1.10
2014.09.22 08:22:53.055,0.88824,0.88829,1.00,1.60
2014.09.22 08:22:53.106,0.88824,0.88829,1.00,1.79
2014.09.22 08:22:53.157,0.88821,0.88829,3.00,1.18
2014.09.22 08:22:53.258,0.88821,0.88825,3.00,1.00
2014.09.22 08:22:53.763,0.8882,0.88824,1.00,1.00
2014.09.22 08:22:53.915,0.88817,0.88824,1.17,1.00
2014.09.22 08:22:54.420,0.88817,0.88823,1.00,1.83
2014.09.22 08:22:56.582,0.88817,0.88824,1.00,2.28
2014.09.22 08:22:57.089,0.8882,0.88824,1.00,1.10
2014.09.22 08:22:57.241,0.88821,0.88828,1.00,1.00
2014.09.22 08:22:57.292,0.88823,0.88828,1.00,1.00
2014.09.22 08:22:57.544,0.88824,0.88831,1.00,1.50
2014.09.22 08:22:57.999,0.88822,0.88828,1.46,1.00
2014.09.22 08:22:58.302,0.88823,0.8883,1.17,1.50
2014.09.22 08:22:58.807,0.88822,0.88831,1.69,2.28
2014.09.22 08:22:59.009,0.88823,0.88828,1.00,1.00
2014.09.22 08:23:00.183,0.88823,0.88828,1.17,1.00
2014.09.22 08:23:03.246,0.88824,0.8883,1.65,1.00
2014.09.22 08:23:03.763,0.88824,0.88831,2.40,1.50
2014.09.22 08:23:04.270,0.88824,0.88831,2.32,1.50
2014.09.22 08:23:04.887,0.88824,0.88831,2.32,1.50
2014.09.22 08:23:08.296,0.88824,0.88831,2.32,2.28
2014.09.22 08:23:08.599,0.88822,0.88831,1.69,4.53
2014.09.22 08:23:11.495,0.88824,0.88831,2.25,1.65
2014.09.22 08:23:12.473,0.88822,0.88831,1.25,3.82
2014.09.22 08:23:13.187,0.88824,0.88831,2.25,1.65
2014.09.22 08:23:13.698,0.88824,0.88831,2.25,1.65
2014.09.22 08:23:15.015,0.88821,0.88831,2.06,4.01
2014.09.22 08:23:15.418,0.88824,0.88831,2.25,1.84
2014.09.22 08:23:16.320,0.88825,0.8883,1.00,1.40
2014.09.22 08:23:17.083,0.88824,0.8883,1.00,1.40
2014.09.22 08:23:17.184,0.88825,0.8883,1.00,1.20
2014.09.22 08:23:17.728,0.88825,0.88831,1.00,1.60
2014.09.22 08:23:19.332,0.88825,0.88831,1.00,1.33
2014.09.22 08:23:19.535,0.88824,0.88831,1.00,1.33
2014.09.22 08:23:19.787,0.88824,0.8883,1.50,1.65
2014.09.22 08:23:19.890,0.88824,0.8883,1.50,2.54
2014.09.22 08:23:19.991,0.88822,0.8883,1.50,1.40
2014.09.22 08:23:20.750,0.88821,0.88827,1.50,1.00
2014.09.22 08:23:21.255,0.88822,0.88827,1.00,1.00
2014.09.22 08:23:21.761,0.88821,0.88827,1.00,1.00
2014.09.22 08:23:23.594,0.88821,0.88825,1.00,1.08
2014.09.22 08:23:23.898,0.88813,0.88823,3.19,1.84
2014.09.22 08:23:24.419,0.88817,0.88823,1.50,1.84
2014.09.22 08:23:24.771,0.88811,0.88822,4.01,1.33
2014.09.22 08:23:25.276,0.88816,0.88821,1.50,2.09
2014.09.22 08:23:25.781,0.88815,0.8882,1.00,1.17
2014.09.22 08:23:26.034,0.88817,0.88822,1.00,4.04
2014.09.22 08:23:26.539,0.88817,0.88821,1.00,1.12
2014.09.22 08:23:27.044,0.88816,0.88821,1.00,1.90
2014.09.22 08:23:27.704,0.88816,0.8882,1.00,1.71
2014.09.22 08:23:28.210,0.88815,0.8882,1.00,1.64
2014.09.22 08:23:28.725,0.88814,0.88819,1.00,1.25
2014.09.22 08:23:31.562,0.88813,0.88819,1.00,1.32
2014.09.22 08:23:32.234,0.88815,0.88819,1.00,1.00
2014.09.22 08:23:32.766,0.88814,0.8882,1.50,1.18
2014.09.22 08:23:37.976,0.88812,0.88819,1.00,1.60
2014.09.22 08:23:38.078,0.88814,0.8882,1.50,1.15
2014.09.22 08:23:38.714,0.88814,0.88822,1.57,2.84
2014.09.22 08:23:39.750,0.88814,0.88822,1.50,2.91
2014.09.22 08:23:40.276,0.88817,0.88822,1.00,1.32
2014.09.22 08:23:40.378,0.88817,0.88823,1.00,1.65
2014.09.22 08:23:40.682,0.88818,0.88824,1.00,3.21
2014.09.22 08:23:41.187,0.88815,0.88822,1.00,1.60
2014.09.22 08:23:41.911,0.88817,0.88822,1.00,1.60
2014.09.22 08:23:43.324,0.88817,0.88822,1.00,1.17
2014.09.22 08:23:43.526,0.8882,0.88827,1.50,1.15
2014.09.22 08:23:44.060,0.88821,0.88828,1.00,3.64
2014.09.22 08:23:44.565,0.8882,0.88828,2.25,2.32
2014.09.22 08:23:45.809,0.88817,0.88823,1.50,1.13
2014.09.22 08:23:45.860,0.88817,0.88823,1.00,1.60
2014.09.22 08:23:46.166,0.88816,0.88823,1.00,1.41
2014.09.22 08:23:46.671,0.88816,0.88823,1.00,1.41
2014.09.22 08:23:47.529,0.88819,0.88824,1.12,2.32
2014.09.22 08:23:47.833,0.88828,0.88833,1.00,1.53
2014.09.22 08:23:47.884,0.88828,0.88832,1.00,1.50
2014.09.22 08:23:48.035,0.88823,0.88831,1.00,2.35
2014.09.22 08:23:48.086,0.88823,0.88831,1.00,2.35
2014.09.22 08:23:48.440,0.88823,0.88831,1.10,1.10
2014.09.22 08:23:48.541,0.88823,0.88831,1.50,1.17
2014.09.22 08:23:48.794,0.88828,0.88835,1.10,1.50
2014.09.22 08:23:49.248,0.88826,0.88835,2.32,2.46
2014.09.22 08:23:49.753,0.88825,0.88834,1.69,1.60
2014.09.22 08:23:50.626,0.88825,0.88834,1.50,1.36
2014.09.22 08:23:53.286,0.88825,0.88834,1.00,2.91
2014.09.22 08:23:53.589,0.88825,0.88833,1.00,4.71
2014.09.22 08:23:55.641,0.88825,0.88833,1.00,2.54
2014.09.22 08:24:01.108,0.88825,0.88834,1.00,2.59
2014.09.22 08:24:01.620,0.88826,0.88835,1.50,4.46
2014.09.22 08:24:01.774,0.88828,0.88835,1.00,4.46
2014.09.22 08:24:01.976,0.88828,0.88835,1.00,1.57
2014.09.22 08:24:02.230,0.88828,0.88832,1.00,1.00
2014.09.22 08:24:02.796,0.88826,0.88833,1.00,1.00
2014.09.22 08:24:08.113,0.88827,0.88833,1.00,1.00
2014.09.22 08:24:08.418,0.88829,0.88834,1.00,1.00
2014.09.22 08:24:08.826,0.88829,0.88836,1.10,1.87
2014.09.22 08:24:08.927,0.88828,0.88833,2.25,1.00
2014.09.22 08:24:10.239,0.88828,0.88834,1.50,1.00
2014.09.22 08:24:13.117,0.88829,0.88834,1.00,1.00
2014.09.22 08:24:13.609,0.88832,0.88837,1.00,1.07
2014.09.22 08:24:13.761,0.88833,0.88839,1.00,1.00
2014.09.22 08:24:15.302,0.88831,0.8884,1.10,1.32
2014.09.22 08:24:15.810,0.88831,0.8884,1.00,1.09
2014.09.22 08:24:16.822,0.88831,0.8884,1.50,1.65
2014.09.22 08:24:17.125,0.88831,0.88835,1.12,1.00
2014.09.22 08:24:17.630,0.8883,0.88837,2.62,1.00
2014.09.22 08:24:17.732,0.8883,0.88838,2.62,1.10
2014.09.22 08:24:17.934,0.88831,0.88838,1.00,1.10
2014.09.22 08:24:18.287,0.88833,0.88839,1.00,1.07
2014.09.22 08:24:18.489,0.88831,0.8884,1.50,3.15
2014.09.22 08:24:19.953,0.88832,0.88838,1.00,1.50
2014.09.22 08:24:20.206,0.88833,0.8884,1.00,1.20
2014.09.22 08:24:20.560,0.88837,0.88841,1.00,1.10
2014.09.22 08:24:20.661,0.88835,0.8884,2.06,1.00
2014.09.22 08:24:20.712,0.88835,0.88844,2.06,1.03
2014.09.22 08:24:21.025,0.88836,0.88842,1.00,1.00
2014.09.22 08:24:27.382,0.88837,0.88842,1.00,1.00
2014.09.22 08:24:27.534,0.88837,0.88844,1.00,1.10
2014.09.22 08:24:28.059,0.88836,0.88844,1.00,2.54
2014.09.22 08:24:28.829,0.88836,0.88844,1.00,2.54
2014.09.22 08:24:31.032,0.88836,0.88843,1.00,1.19
2014.09.22 08:24:31.578,0.88836,0.88843,1.00,1.36
2014.09.22 08:24:32.206,0.88836,0.88843,1.00,1.39
2014.09.22 08:24:34.439,0.88836,0.88843,1.00,1.71
2014.09.22 08:24:34.975,0.88836,0.88843,1.00,1.79
2014.09.22 08:24:35.482,0.88836,0.88843,1.00,2.54
2014.09.22 08:24:39.008,0.88836,0.88844,1.00,4.04
2014.09.22 08:24:39.301,0.88836,0.88844,1.00,3.29
2014.09.22 08:24:39.810,0.88836,0.88844,1.00,2.59
2014.09.22 08:24:40.321,0.88836,0.88844,1.00,2.59
2014.09.22 08:24:40.473,0.88836,0.88844,1.00,2.59
2014.09.22 08:24:41.206,0.88836,0.88844,1.00,2.59
2014.09.22 08:24:41.806,0.88836,0.88844,1.00,3.29
2014.09.22 08:24:46.422,0.88836,0.88844,1.95,1.00
2014.09.22 08:24:46.675,0.88838,0.88845,1.00,1.00
2014.09.22 08:24:47.185,0.88838,0.88846,1.00,1.10
2014.09.22 08:24:52.986,0.8884,0.88846,1.00,1.10
2014.09.22 08:24:53.268,0.88843,0.8885,1.00,2.25
2014.09.22 08:24:53.471,0.88845,0.8885,1.00,1.00
2014.09.22 08:24:53.926,0.88847,0.88852,1.00,1.20
2014.09.22 08:24:56.091,0.88848,0.88852,1.00,1.00
2014.09.22 08:24:56.243,0.88848,0.88855,1.00,1.50
2014.09.22 08:24:56.446,0.88846,0.88855,1.10,1.10
2014.09.22 08:24:56.598,0.88846,0.88855,1.00,1.90
2014.09.22 08:24:57.353,0.88846,0.88853,1.00,1.33
2014.09.22 08:24:57.658,0.88844,0.8885,1.50,1.00
2014.09.22 08:25:01.117,0.88844,0.8885,1.00,1.00
2014.09.22 08:25:02.229,0.88844,0.8885,1.50,1.00
2014.09.22 08:25:06.349,0.88846,0.8885,1.00,1.00
2014.09.22 08:25:06.450,0.88849,0.88855,1.00,1.50
2014.09.22 08:25:06.653,0.88847,0.88855,1.50,1.50
2014.09.22 08:25:07.160,0.88847,0.88855,2.25,1.07
2014.09.22 08:25:08.291,0.88847,0.88855,1.50,1.00
2014.09.22 08:25:10.072,0.88848,0.88855,1.12,1.10
2014.09.22 08:25:10.173,0.88851,0.88855,1.00,1.00
2014.09.22 08:25:10.426,0.88852,0.88858,1.50,1.00
2014.09.22 08:25:10.629,0.88852,0.8886,2.32,1.50
2014.09.22 08:25:11.135,0.88853,0.88861,1.20,1.00
2014.09.22 08:25:11.640,0.88854,0.88861,1.00,1.00
2014.09.22 08:25:13.083,0.88856,0.88861,1.50,1.00
2014.09.22 08:25:13.285,0.88857,0.88864,1.65,1.00
2014.09.22 08:25:13.740,0.88859,0.88864,1.00,1.00
2014.09.22 08:25:13.992,0.88857,0.88864,1.50,1.10
2014.09.22 08:25:14.144,0.88856,0.88866,1.57,1.01
2014.09.22 08:25:14.397,0.88857,0.88866,1.00,3.03
2014.09.22 08:25:14.701,0.88858,0.88866,1.00,1.57
2014.09.22 08:25:15.110,0.88857,0.88866,2.25,1.27
2014.09.22 08:25:15.509,0.88857,0.88866,1.65,1.45
2014.09.22 08:25:16.956,0.88857,0.88866,1.00,1.10
2014.09.22 08:25:17.662,0.88857,0.88863,1.00,1.00
2014.09.22 08:25:18.117,0.88856,0.88866,2.32,2.46
2014.09.22 08:25:18.218,0.88856,0.88863,2.25,2.20
2014.09.22 08:25:18.835,0.88856,0.88863,1.50,2.20
2014.09.22 08:25:19.492,0.88856,0.88861,1.00,1.00
2014.09.22 08:25:19.996,0.88856,0.88862,1.00,2.28
2014.09.22 08:25:22.070,0.88856,0.88862,1.07,2.20
2014.09.22 08:25:22.171,0.88855,0.88864,2.02,1.00
2014.09.22 08:25:22.469,0.88855,0.88864,1.57,1.45
2014.09.22 08:25:25.578,0.88855,0.88864,1.00,1.17
2014.09.22 08:25:25.849,0.88855,0.88864,1.00,1.20
2014.09.22 08:25:29.656,0.88855,0.88865,1.17,2.46
2014.09.22 08:25:29.858,0.88855,0.88865,1.10,2.46
2014.09.22 08:25:30.882,0.88856,0.88865,1.07,1.76
2014.09.22 08:25:31.185,0.88859,0.88864,1.12,1.00
2014.09.22 08:25:31.489,0.88859,0.88866,1.27,1.00
2014.09.22 08:25:31.792,0.88859,0.88865,1.27,1.00
2014.09.22 08:25:31.893,0.88859,0.88867,1.46,1.00
2014.09.22 08:25:32.399,0.88861,0.88868,1.10,1.50
2014.09.22 08:25:32.651,0.88864,0.88868,1.00,1.00
2014.09.22 08:25:33.196,0.88863,0.88868,1.00,1.00
2014.09.22 08:25:35.549,0.88865,0.8887,1.00,1.00
2014.09.22 08:25:35.600,0.88865,0.8887,1.50,1.50
2014.09.22 08:25:35.702,0.88866,0.88871,1.07,1.00
2014.09.22 08:25:36.055,0.88868,0.88876,1.00,2.28
2014.09.22 08:25:36.661,0.8887,0.88876,1.50,1.00
2014.09.22 08:25:36.965,0.88873,0.88878,1.17,1.00
2014.09.22 08:25:37.066,0.88874,0.88881,1.10,1.00
2014.09.22 08:25:37.290,0.88874,0.88883,2.40,1.45
2014.09.22 08:25:37.392,0.88874,0.88883,2.25,2.28
2014.09.22 08:25:37.796,0.88871,0.88881,1.00,3.78
2014.09.22 08:25:38.049,0.88869,0.88876,3.00,1.00
2014.09.22 08:25:38.150,0.88868,0.88873,1.10,1.00
2014.09.22 08:25:38.201,0.88868,0.88873,1.00,1.45
2014.09.22 08:25:38.454,0.88866,0.88874,1.00,1.70
2014.09.22 08:25:39.312,0.88866,0.88873,1.00,1.90
2014.09.22 08:25:39.818,0.88866,0.8887,1.00,1.00
2014.09.22 08:25:41.445,0.88862,0.88871,1.00,3.21
2014.09.22 08:25:41.495,0.88862,0.88871,1.00,3.29
2014.09.22 08:25:42.902,0.88863,0.88871,1.00,1.53
2014.09.22 08:25:43.729,0.88865,0.88871,1.50,1.50
2014.09.22 08:25:49.806,0.88865,0.88871,3.00,1.65
2014.09.22 08:25:50.311,0.88865,0.88871,1.50,1.57
2014.09.22 08:25:53.011,0.88865,0.88871,1.50,1.65
2014.09.22 08:25:53.314,0.88866,0.88872,1.00,1.00
2014.09.22 08:25:54.223,0.88867,0.88873,1.00,1.00
2014.09.22 08:25:54.728,0.88867,0.88874,1.50,1.57
2014.09.22 08:25:54.930,0.88867,0.88874,1.50,3.48
2014.09.22 08:25:55.233,0.88866,0.88873,1.00,1.03
2014.09.22 08:25:55.936,0.88866,0.88873,1.00,1.11
2014.09.22 08:25:58.087,0.88866,0.88873,1.00,1.03
2014.09.22 08:25:58.455,0.88866,0.88873,1.00,1.11
2014.09.22 08:25:58.859,0.88866,0.88873,1.00,1.15
2014.09.22 08:25:59.365,0.88866,0.88873,1.00,1.23
2014.09.22 08:26:00.118,0.88865,0.88871,1.00,1.20
2014.09.22 08:26:00.623,0.88865,0.8887,1.00,1.45
2014.09.22 08:26:01.665,0.88865,0.88871,1.00,2.14
2014.09.22 08:26:02.618,0.88865,0.8887,1.00,1.00
2014.09.22 08:26:03.151,0.88865,0.88871,1.00,2.14
2014.09.22 08:26:03.658,0.88866,0.88872,1.00,1.60
2014.09.22 08:26:04.328,0.88866,0.88872,1.00,1.60
2014.09.22 08:26:08.851,0.88864,0.88869,1.00,1.70
2014.09.22 08:26:08.952,0.88861,0.88867,1.00,1.85
2014.09.22 08:26:09.255,0.88858,0.88865,1.87,1.71
2014.09.22 08:26:09.508,0.88858,0.88862,1.00,1.00
2014.09.22 08:26:09.964,0.88856,0.88862,1.00,1.45
2014.09.22 08:26:10.469,0.88856,0.88862,1.00,2.20
2014.09.22 08:26:10.974,0.88856,0.88862,1.00,1.00
2014.09.22 08:26:14.403,0.88856,0.88862,1.00,1.80
2014.09.22 08:26:15.599,0.88856,0.88862,1.00,2.46
2014.09.22 08:26:16.119,0.88856,0.88862,1.00,1.71
2014.09.22 08:26:20.265,0.88856,0.88862,1.00,1.25
2014.09.22 08:26:28.686,0.88856,0.88862,1.17,1.00
2014.09.22 08:26:29.851,0.88856,0.88863,1.17,1.00
2014.09.22 08:26:30.714,0.88856,0.88863,1.10,1.00
2014.09.22 08:26:31.223,0.88856,0.88863,1.17,1.00
2014.09.22 08:26:31.737,0.88856,0.88863,1.20,1.00
2014.09.22 08:26:32.276,0.88856,0.88863,1.15,1.00
2014.09.22 08:26:32.682,0.88858,0.88865,1.27,1.69
2014.09.22 08:26:32.935,0.8886,0.88866,1.17,1.50
2014.09.22 08:26:33.036,0.8886,0.88868,2.40,1.25
2014.09.22 08:26:33.339,0.88861,0.88868,4.39,1.00
2014.09.22 08:26:33.592,0.88863,0.8887,1.65,1.00
2014.09.22 08:26:34.596,0.88864,0.88869,1.00,1.10
2014.09.22 08:26:34.798,0.88861,0.88867,1.10,1.00
2014.09.22 08:26:35.303,0.8886,0.88867,1.65,1.50
2014.09.22 08:26:35.606,0.8886,0.88871,6.07,1.64
2014.09.22 08:26:35.757,0.88863,0.88871,1.15,1.50
2014.09.22 08:26:37.775,0.88862,0.88867,1.50,1.70
2014.09.22 08:26:37.977,0.88861,0.88865,1.00,1.50
2014.09.22 08:26:38.028,0.88859,0.88865,1.50,1.50
2014.09.22 08:26:38.533,0.88859,0.88864,1.10,1.00
2014.09.22 08:26:39.039,0.88857,0.88865,1.65,1.00
2014.09.22 08:26:39.444,0.88857,0.88865,1.20,1.50
2014.09.22 08:26:39.948,0.88857,0.88865,1.07,1.50
2014.09.22 08:26:40.453,0.88857,0.88865,1.00,1.50
2014.09.22 08:26:40.967,0.88857,0.88865,1.15,1.50
2014.09.22 08:26:41.470,0.88857,0.88865,1.10,1.50
2014.09.22 08:26:41.824,0.88857,0.88865,1.00,2.35
2014.09.22 08:26:42.128,0.88862,0.88866,1.00,1.00
2014.09.22 08:26:42.432,0.88864,0.8887,1.50,1.50
2014.09.22 08:26:43.240,0.88864,0.88873,1.00,2.16
2014.09.22 08:26:43.745,0.88864,0.88873,1.50,1.79
2014.09.22 08:26:49.350,0.88865,0.88873,1.00,1.27
2014.09.22 08:26:49.914,0.88864,0.88873,1.50,1.98
2014.09.22 08:26:50.831,0.88864,0.88873,1.57,1.31
2014.09.22 08:26:51.349,0.88864,0.88873,1.57,1.17
2014.09.22 08:26:51.882,0.88864,0.88873,1.17,1.10
2014.09.22 08:26:52.387,0.88864,0.88872,1.10,1.03
2014.09.22 08:26:52.890,0.88864,0.88873,1.50,1.71
2014.09.22 08:26:55.750,0.88864,0.88873,1.65,1.25
2014.09.22 08:26:58.401,0.88865,0.88873,1.10,1.00
2014.09.22 08:26:58.704,0.88867,0.88872,1.00,1.00
2014.09.22 08:26:59.415,0.88868,0.88872,1.00,1.00
2014.09.22 08:26:59.718,0.8887,0.88874,1.12,1.00
2014.09.22 08:26:59.769,0.8887,0.88877,1.27,1.50
2014.09.22 08:27:00.275,0.88871,0.88877,1.15,1.50
2014.09.22 08:27:01.566,0.8887,0.88876,1.40,1.00
2014.09.22 08:27:01.667,0.88868,0.88877,1.00,1.57
2014.09.22 08:27:01.869,0.88869,0.88877,1.65,1.50
2014.09.22 08:27:02.172,0.88871,0.88877,1.65,1.00
2014.09.22 08:27:02.707,0.88872,0.88878,1.07,1.00
2014.09.22 08:27:04.784,0.88874,0.88878,1.00,1.00
2014.09.22 08:27:05.087,0.88873,0.88878,1.57,1.00
2014.09.22 08:27:05.138,0.88873,0.88878,1.57,1.00
2014.09.22 08:27:05.240,0.88874,0.8888,1.57,1.00
2014.09.22 08:27:05.391,0.88876,0.8888,1.00,1.00
2014.09.22 08:27:05.493,0.88879,0.88883,1.00,1.50
2014.09.22 08:27:05.545,0.88881,0.88885,1.00,1.00
2014.09.22 08:27:05.697,0.88882,0.88888,1.00,1.29
2014.09.22 08:27:06.152,0.88878,0.88885,1.00,1.00
2014.09.22 08:27:06.254,0.88878,0.88882,1.00,1.00
2014.09.22 08:27:06.810,0.88877,0.88882,1.00,1.00
2014.09.22 08:27:09.642,0.88879,0.88884,1.00,1.09
2014.09.22 08:27:09.945,0.88882,0.88886,1.00,1.00
2014.09.22 08:27:09.996,0.88882,0.88887,1.00,1.00
2014.09.22 08:27:10.501,0.88883,0.88888,1.00,1.00
2014.09.22 08:27:11.423,0.88884,0.88888,1.00,1.00
2014.09.22 08:27:11.928,0.88883,0.88888,2.25,1.00
2014.09.22 08:27:12.378,0.88883,0.88888,1.50,1.00
2014.09.22 08:27:12.530,0.88879,0.88885,1.00,3.96
2014.09.22 08:27:12.631,0.88876,0.88882,1.00,1.03
2014.09.22 08:27:13.143,0.88876,0.88881,1.00,2.20
2014.09.22 08:27:13.647,0.88875,0.88881,1.10,1.50
2014.09.22 08:27:14.292,0.88875,0.88882,1.00,1.00
2014.09.22 08:27:14.494,0.88877,0.88882,1.00,1.00
2014.09.22 08:27:15.807,0.88877,0.88885,1.10,1.76
2014.09.22 08:27:16.319,0.88876,0.88884,1.50,1.28
2014.09.22 08:27:25.611,0.88878,0.88885,1.00,1.65
2014.09.22 08:27:26.015,0.88876,0.88885,3.07,1.50
2014.09.22 08:27:26.338,0.88878,0.88885,1.00,1.50
2014.09.22 08:27:26.864,0.88879,0.88885,1.00,1.00
2014.09.22 08:27:27.377,0.88878,0.88885,3.26,1.00
2014.09.22 08:27:27.680,0.8888,0.88886,1.00,1.50
2014.09.22 08:27:28.203,0.88878,0.88886,2.25,1.69
2014.09.22 08:27:28.355,0.88878,0.88883,1.00,1.00
2014.09.22 08:27:28.809,0.88879,0.88883,1.00,1.00
2014.09.22 08:27:28.911,0.8888,0.88887,1.00,1.70
2014.09.22 08:27:29.215,0.88878,0.88883,1.00,1.50
2014.09.22 08:27:29.721,0.88877,0.88882,1.00,1.10
2014.09.22 08:27:32.686,0.88877,0.88882,1.00,1.07
2014.09.22 08:27:33.191,0.88876,0.88881,1.00,1.03
2014.09.22 08:27:42.880,0.88876,0.88882,1.00,1.10
2014.09.22 08:27:47.999,0.88876,0.88882,1.00,1.80
2014.09.22 08:27:48.874,0.88875,0.88881,1.00,1.70
2014.09.22 08:27:49.279,0.88874,0.88879,1.00,1.03
2014.09.22 08:27:58.983,0.88874,0.88879,1.00,1.11
2014.09.22 08:27:59.500,0.88874,0.88879,1.00,1.03
2014.09.22 08:28:02.304,0.88874,0.88879,1.00,1.11
2014.09.22 08:28:02.831,0.88874,0.8888,1.00,2.35
2014.09.22 08:28:06.036,0.88874,0.8888,1.00,1.45
2014.09.22 08:28:07.271,0.88873,0.88879,1.00,1.00
2014.09.22 08:28:08.333,0.88877,0.88881,1.00,1.00
2014.09.22 08:28:08.485,0.88878,0.88884,1.00,1.03
2014.09.22 08:28:08.638,0.88878,0.88883,1.00,1.80
2014.09.22 08:28:08.739,0.88876,0.88881,1.00,1.45
2014.09.22 08:28:09.255,0.88875,0.88883,1.50,3.48
2014.09.22 08:28:13.525,0.88876,0.88883,1.00,2.77
2014.09.22 08:28:14.131,0.88876,0.88881,1.00,1.03
2014.09.22 08:28:14.635,0.88875,0.88881,1.00,1.03
2014.09.22 08:28:16.316,0.88875,0.88883,1.07,2.20
2014.09.22 08:28:16.827,0.88875,0.88883,1.17,1.00
2014.09.22 08:28:18.337,0.88875,0.88883,1.17,1.00
2014.09.22 08:28:19.650,0.88877,0.88883,1.12,1.00
2014.09.22 08:28:19.754,0.88878,0.88883,1.27,1.00
2014.09.22 08:28:20.061,0.88878,0.88885,2.02,1.00
2014.09.22 08:28:20.568,0.88878,0.88885,1.20,1.00
2014.09.22 08:28:20.720,0.88879,0.88885,1.57,1.00
2014.09.22 08:28:21.336,0.88879,0.88885,1.00,1.10
2014.09.22 08:28:21.387,0.88877,0.88885,1.00,1.10
2014.09.22 08:28:21.589,0.88879,0.88886,1.50,1.57
2014.09.22 08:28:21.893,0.88881,0.88887,1.00,1.00
2014.09.22 08:28:22.432,0.88881,0.88887,1.65,1.00
2014.09.22 08:28:28.456,0.88879,0.88887,3.71,1.00
2014.09.22 08:28:28.982,0.88882,0.88887,1.10,1.00
2014.09.22 08:28:32.480,0.88882,0.88888,1.10,1.50
2014.09.22 08:28:32.989,0.88883,0.88888,1.00,1.00
2014.09.22 08:28:33.494,0.88883,0.88888,1.69,1.00
2014.09.22 08:28:33.984,0.88884,0.8889,1.25,1.50
2014.09.22 08:28:34.486,0.88884,0.88891,1.25,1.00
2014.09.22 08:28:38.307,0.88883,0.88891,1.57,1.57
2014.09.22 08:28:39.065,0.88882,0.8889,1.65,1.70
2014.09.22 08:28:39.167,0.88882,0.8889,1.65,1.45
2014.09.22 08:28:39.672,0.88882,0.88889,2.02,1.50
2014.09.22 08:28:40.191,0.88882,0.8889,1.09,1.00
2014.09.22 08:28:42.066,0.88885,0.8889,1.00,1.00
2014.09.22 08:28:43.153,0.88884,0.8889,1.00,1.45
2014.09.22 08:28:51.057,0.88884,0.8889,1.07,1.00
2014.09.22 08:28:51.195,0.88885,0.88892,1.00,1.45
2014.09.22 08:28:51.397,0.88886,0.88892,1.00,2.20
2014.09.22 08:28:51.701,0.88878,0.88886,3.07,1.70
2014.09.22 08:28:52.054,0.88877,0.88882,1.00,1.00
2014.09.22 08:28:54.103,0.88877,0.88882,1.00,1.17
2014.09.22 08:28:56.922,0.88877,0.88882,1.50,1.00
2014.09.22 08:28:57.023,0.88877,0.88884,1.57,1.00
2014.09.22 08:28:57.125,0.88879,0.88885,1.00,2.39
2014.09.22 08:28:57.327,0.88876,0.88883,1.00,1.00
2014.09.22 08:29:07.951,0.88876,0.88883,1.00,2.28
2014.09.22 08:29:11.580,0.88877,0.88883,1.00,1.90
2014.09.22 08:29:11.732,0.88877,0.88885,3.00,1.00
2014.09.22 08:29:12.238,0.88876,0.88884,1.00,2.28
2014.09.22 08:29:14.028,0.88876,0.88884,1.00,2.46
2014.09.22 08:29:14.483,0.88876,0.8888,1.00,1.00
2014.09.22 08:29:14.736,0.88877,0.88885,1.00,1.00
2014.09.22 08:29:15.039,0.88877,0.88886,1.50,3.10
2014.09.22 08:29:15.577,0.88877,0.88882,1.00,1.00
2014.09.22 08:29:17.473,0.88876,0.88885,2.40,2.39
2014.09.22 08:29:17.575,0.88879,0.88884,1.00,1.00
2014.09.22 08:29:17.828,0.88877,0.88884,1.00,1.60
2014.09.22 08:29:18.332,0.88876,0.88884,1.00,1.45
2014.09.22 08:29:22.823,0.88876,0.88884,1.00,3.14
2014.09.22 08:29:22.975,0.88875,0.88881,1.00,1.10
2014.09.22 08:29:27.380,0.88875,0.88881,1.50,1.17
2014.09.22 08:29:30.360,0.88874,0.88879,1.00,1.08
2014.09.22 08:29:30.562,0.88871,0.88876,1.50,1.80
2014.09.22 08:29:30.714,0.8887,0.88876,1.00,2.28
2014.09.22 08:29:31.226,0.8887,0.88876,1.00,2.28
2014.09.22 08:29:32.393,0.8887,0.88876,1.50,2.28
2014.09.22 08:29:33.943,0.88869,0.88876,3.00,2.28
2014.09.22 08:29:35.097,0.88869,0.88875,1.00,1.70
2014.09.22 08:29:36.017,0.88871,0.88878,1.00,3.21
2014.09.22 08:29:36.169,0.88871,0.88878,1.15,1.00
2014.09.22 08:29:36.674,0.88873,0.8888,1.00,2.20
2014.09.22 08:29:37.186,0.88872,0.88881,1.10,2.20
2014.09.22 08:29:37.489,0.88874,0.88881,1.00,2.20
2014.09.22 08:29:42.962,0.88873,0.88877,1.00,1.03
2014.09.22 08:29:43.114,0.88871,0.88876,1.00,1.00
2014.09.22 08:29:43.418,0.8887,0.88878,1.57,1.10
2014.09.22 08:29:43.771,0.88873,0.8888,1.50,2.20
2014.09.22 08:29:44.618,0.88873,0.8888,1.50,2.20
2014.09.22 08:29:44.872,0.8887,0.88878,1.00,1.80
2014.09.22 08:29:45.074,0.8887,0.88875,1.00,1.00
2014.09.22 08:29:45.327,0.88868,0.88875,1.50,1.00
2014.09.22 08:29:58.193,0.88868,0.88874,1.00,1.03
2014.09.22 08:29:58.294,0.88867,0.88872,1.00,1.00
2014.09.22 08:29:58.814,0.88866,0.88872,1.00,1.10
2014.09.22 08:30:00.632,0.88866,0.88872,1.00,2.35
2014.09.22 08:30:01.137,0.88866,0.88872,1.00,2.46
2014.09.22 08:30:02.098,0.88866,0.88872,1.00,2.46
2014.09.22 08:30:02.604,0.88866,0.88872,1.00,2.54
2014.09.22 08:30:04.419,0.88866,0.88872,1.00,2.54
2014.09.22 08:30:04.838,0.88866,0.88872,1.00,1.71
2014.09.22 08:30:14.466,0.88869,0.88874,1.00,1.50
2014.09.22 08:30:14.668,0.88869,0.88874,1.07,1.50
2014.09.22 08:30:14.770,0.88868,0.88876,2.02,1.69
2014.09.22 08:30:14.871,0.88868,0.88876,2.02,1.69
2014.09.22 08:30:15.275,0.88869,0.88876,1.17,1.69
2014.09.22 08:30:15.377,0.88866,0.88876,1.17,3.14
2014.09.22 08:30:15.680,0.88865,0.88874,1.57,1.64
2014.09.22 08:30:15.781,0.88865,0.88873,1.00,1.04
2014.09.22 08:30:16.392,0.88865,0.88872,1.00,1.11
2014.09.22 08:30:17.569,0.88865,0.88871,1.00,1.11
2014.09.22 08:30:18.197,0.88865,0.88873,1.65,1.69
2014.09.22 08:30:20.161,0.88865,0.88873,1.65,1.00
2014.09.22 08:30:22.390,0.88865,0.88873,1.10,1.18
2014.09.22 08:30:22.693,0.88865,0.88874,1.17,1.69
2014.09.22 08:30:23.295,0.88865,0.88874,1.17,1.69
2014.09.22 08:30:23.826,0.88865,0.88873,1.10,1.64
2014.09.22 08:30:24.334,0.88865,0.88873,1.10,1.45
2014.09.22 08:30:25.101,0.88865,0.88874,1.07,2.46
2014.09.22 08:30:25.606,0.88865,0.88874,2.40,1.00
2014.09.22 08:30:26.434,0.88867,0.88874,1.00,1.00
2014.09.22 08:30:26.485,0.88869,0.88874,1.00,1.00
2014.09.22 08:30:26.788,0.88869,0.88877,1.65,2.25
2014.09.22 08:30:33.255,0.88871,0.88877,1.00,1.50
2014.09.22 08:30:36.503,0.8887,0.88877,1.10,1.50
2014.09.22 08:30:36.884,0.88869,0.88874,2.32,1.50
