2011.04.06 17:00:00.215,1.04239,1.04255,1.13,1.50
2011.04.06 17:00:03.440,1.04238,1.04256,1.50,2.25
2011.04.06 17:00:03.551,1.04239,1.04256,1.13,1.50
2011.04.06 17:00:03.880,1.04238,1.04256,1.69,1.50
2011.04.06 17:00:04.319,1.0424,1.04256,1.13,1.50
2011.04.06 17:00:04.980,1.0424,1.04256,1.13,1.50
2011.04.06 17:00:05.529,1.04241,1.04257,1.50,5.47
2011.04.06 17:00:06.079,1.04241,1.04257,1.50,5.47
2011.04.06 17:00:08.060,1.04241,1.04257,2.25,3.22
2011.04.06 17:00:09.179,1.04241,1.04257,3.00,3.75
2011.04.06 17:00:09.771,1.04243,1.0426,1.50,1.10
2011.04.06 17:00:10.320,1.04242,1.0426,1.50,1.85
2011.04.06 17:00:11.643,1.04242,1.04261,1.50,1.72
2011.04.06 17:00:23.150,1.04242,1.04258,1.50,1.50
2011.04.06 17:00:33.930,1.04242,1.0426,1.50,1.72
2011.04.06 17:00:34.259,1.04243,1.04261,1.50,2.47
2011.04.06 17:00:34.919,1.04242,1.04261,3.75,2.47
2011.04.06 17:00:35.864,1.04241,1.04261,4.42,1.72
2011.04.06 17:00:37.741,1.04241,1.0426,5.17,2.47
2011.04.06 17:00:38.292,1.04242,1.0426,1.50,2.47
2011.04.06 17:00:38.840,1.04242,1.0426,1.50,2.47
2011.04.06 17:00:39.401,1.04241,1.0426,4.50,2.47
2011.04.06 17:00:40.250,1.04242,1.0426,1.50,2.47
2011.04.06 17:00:41.722,1.04241,1.0426,5.17,2.47
2011.04.06 17:00:46.220,1.04241,1.04261,5.17,3.22
2011.04.06 17:00:48.439,1.04241,1.04261,3.00,3.22
2011.04.06 17:00:52.171,1.04241,1.04261,3.00,2.47
2011.04.06 17:00:52.719,1.04241,1.04261,3.75,3.22
2011.04.06 17:00:57.710,1.04241,1.04256,3.67,1.50
2011.04.06 17:00:58.040,1.0424,1.04252,1.50,1.50
2011.04.06 17:00:58.931,1.04241,1.04252,2.25,1.50
2011.04.06 17:00:59.151,1.04241,1.0426,1.50,4.65
2011.04.06 17:00:59.370,1.04241,1.0426,2.25,1.72
2011.04.06 17:01:04.830,1.04242,1.04261,1.50,3.22
2011.04.06 17:01:05.381,1.04241,1.04261,3.00,3.22
2011.04.06 17:01:06.360,1.04242,1.04261,2.25,3.22
2011.04.06 17:01:09.850,1.04242,1.04261,1.50,2.47
2011.04.06 17:01:10.400,1.04242,1.04261,2.25,2.47
2011.04.06 17:01:10.979,1.04242,1.04261,2.25,3.22
2011.04.06 17:01:14.229,1.04242,1.04261,1.50,3.22
2011.04.06 17:01:23.649,1.04242,1.04261,1.50,3.22
2011.04.06 17:01:28.959,1.04242,1.0426,1.50,1.50
2011.04.06 17:01:30.787,1.04243,1.04262,2.25,5.47
2011.04.06 17:01:30.904,1.04244,1.04262,2.25,5.25
2011.04.06 17:01:31.136,1.04244,1.04263,3.75,1.88
2011.04.06 17:01:31.472,1.04244,1.04263,3.75,2.25
2011.04.06 17:01:31.914,1.04243,1.04261,4.04,1.50
2011.04.06 17:01:32.249,1.04244,1.04261,1.50,2.25
2011.04.06 17:01:33.349,1.04244,1.04261,1.50,2.25
2011.04.06 17:01:34.123,1.04244,1.04261,1.50,2.25
2011.04.06 17:01:34.679,1.04244,1.04261,1.50,1.50
2011.04.06 17:01:39.328,1.04244,1.04261,1.50,2.25
2011.04.06 17:01:42.280,1.04244,1.04261,1.50,1.50
2011.04.06 17:01:42.609,1.04244,1.04261,1.50,1.50
2011.04.06 17:01:43.540,1.04244,1.04261,1.50,1.50
2011.04.06 17:01:46.579,1.04244,1.04261,1.50,1.50
2011.04.06 17:01:47.629,1.04244,1.04261,1.50,1.50
2011.04.06 17:01:48.492,1.04244,1.04262,1.50,6.00
2011.04.06 17:01:48.833,1.04244,1.04262,4.13,3.00
2011.04.06 17:01:49.392,1.04244,1.04263,2.63,1.50
2011.04.06 17:01:49.722,1.04244,1.04261,1.88,2.25
2011.04.06 17:01:50.211,1.04244,1.04261,1.50,2.25
2011.04.06 17:01:50.870,1.04244,1.04261,1.50,2.25
2011.04.06 17:01:52.320,1.04244,1.04261,1.50,2.25
2011.04.06 17:01:52.870,1.04244,1.04261,1.50,2.25
2011.04.06 17:01:54.411,1.04244,1.04261,1.50,1.50
2011.04.06 17:01:55.600,1.04244,1.04261,1.50,2.25
2011.04.06 17:01:56.213,1.04244,1.04261,1.50,2.25
2011.04.06 17:01:57.470,1.04244,1.04261,1.50,2.25
2011.04.06 17:01:58.259,1.04244,1.04261,1.50,3.00
2011.04.06 17:02:02.159,1.04244,1.04261,1.50,2.25
2011.04.06 17:02:02.420,1.04244,1.04261,1.50,2.25
2011.04.06 17:02:03.149,1.04244,1.04261,1.50,2.25
2011.04.06 17:02:04.008,1.04244,1.04261,1.50,2.25
2011.04.06 17:02:07.221,1.04244,1.04261,1.50,2.25
2011.04.06 17:02:08.649,1.04244,1.04261,1.50,2.25
2011.04.06 17:02:09.419,1.04244,1.04261,1.50,2.25
2011.04.06 17:02:11.779,1.04244,1.04261,1.50,2.25
2011.04.06 17:02:16.473,1.04244,1.04261,1.50,2.25
2011.04.06 17:02:17.360,1.04244,1.04261,1.50,2.25
2011.04.06 17:02:18.360,1.04244,1.04261,1.50,2.25
2011.04.06 17:02:20.259,1.04244,1.04261,1.50,2.25
2011.04.06 17:02:23.490,1.04244,1.04261,1.50,3.00
2011.04.06 17:02:25.341,1.04244,1.04261,1.50,2.25
2011.04.06 17:02:27.067,1.04244,1.04261,1.50,2.25
2011.04.06 17:02:29.113,1.04244,1.04261,1.50,2.25
2011.04.06 17:02:31.300,1.04244,1.04261,1.50,2.25
2011.04.06 17:02:32.469,1.04244,1.04261,1.50,2.25
2011.04.06 17:02:33.019,1.04244,1.04261,1.50,2.25
2011.04.06 17:02:33.552,1.04244,1.04261,1.50,2.25
2011.04.06 17:02:38.511,1.04244,1.04261,1.50,2.25
2011.04.06 17:02:42.949,1.04244,1.04261,1.50,4.50
2011.04.06 17:02:43.390,1.04244,1.04261,1.50,4.50
2011.04.06 17:02:47.989,1.04244,1.04261,1.50,2.25
2011.04.06 17:02:48.539,1.04244,1.04261,1.50,1.50
2011.04.06 17:02:53.250,1.04244,1.04262,1.50,3.00
2011.04.06 17:02:57.472,1.04244,1.04254,1.50,5.25
2011.04.06 17:02:57.583,1.04243,1.04253,1.50,3.00
2011.04.06 17:02:57.813,1.04235,1.04251,3.00,1.50
2011.04.06 17:03:08.859,1.04238,1.04253,2.25,1.50
2011.04.06 17:03:08.974,1.04239,1.04258,2.48,3.97
2011.04.06 17:03:09.310,1.04242,1.04259,1.50,2.25
2011.04.06 17:03:13.851,1.04242,1.04257,1.50,1.88
2011.04.06 17:03:14.071,1.04241,1.04256,1.50,2.63
2011.04.06 17:03:14.618,1.0424,1.04256,2.25,2.63
2011.04.06 17:03:15.170,1.0424,1.04256,2.25,2.63
2011.04.06 17:03:16.439,1.0424,1.04256,2.25,2.63
2011.04.06 17:03:17.259,1.0424,1.04256,2.25,2.63
2011.04.06 17:03:19.256,1.0424,1.04256,2.25,2.63
2011.04.06 17:03:20.831,1.0424,1.04256,2.25,1.88
2011.04.06 17:03:21.380,1.04239,1.04253,1.50,1.50
2011.04.06 17:03:21.710,1.04232,1.0425,1.50,1.72
2011.04.06 17:03:21.822,1.04232,1.0425,1.50,1.72
2011.04.06 17:03:30.830,1.04231,1.04244,1.50,1.50
2011.04.06 17:03:31.052,1.04227,1.04241,3.38,3.00
2011.04.06 17:03:31.160,1.04222,1.04241,2.25,3.00
2011.04.06 17:03:31.379,1.04222,1.04241,2.25,3.00
2011.04.06 17:03:31.930,1.04222,1.04241,1.50,2.25
2011.04.06 17:03:32.155,1.04229,1.04241,1.88,1.50
2011.04.06 17:03:32.602,1.04231,1.04247,2.25,1.50
2011.04.06 17:03:32.711,1.04232,1.04249,1.50,2.84
2011.04.06 17:03:33.216,1.04232,1.0425,2.25,1.72
2011.04.06 17:03:33.771,1.04232,1.0425,1.50,1.72
2011.04.06 17:03:37.700,1.04232,1.04251,1.50,4.88
2011.04.06 17:03:38.029,1.04232,1.04251,1.50,4.88
2011.04.06 17:03:38.139,1.04232,1.04251,1.50,4.88
2011.04.06 17:03:38.509,1.04232,1.04251,1.50,4.88
2011.04.06 17:03:39.227,1.04232,1.04251,2.25,4.13
2011.04.06 17:03:40.459,1.04232,1.04251,2.25,4.13
2011.04.06 17:03:41.009,1.04232,1.04251,2.25,4.13
2011.04.06 17:03:41.450,1.04235,1.04253,1.50,3.22
2011.04.06 17:03:43.523,1.04234,1.04251,1.50,1.50
2011.04.06 17:03:44.016,1.04232,1.04246,3.75,1.50
2011.04.06 17:03:44.342,1.04226,1.04242,2.25,1.88
2011.04.06 17:03:44.462,1.04227,1.04242,1.50,1.13
2011.04.06 17:03:45.009,1.04226,1.04242,1.50,1.88
2011.04.06 17:03:47.050,1.04226,1.04242,1.50,2.63
2011.04.06 17:03:47.269,1.04226,1.04242,1.50,2.63
2011.04.06 17:03:48.741,1.04226,1.04242,1.50,3.38
2011.04.06 17:03:49.179,1.04226,1.04242,1.50,3.38
2011.04.06 17:03:49.510,1.04225,1.04241,1.50,1.50
2011.04.06 17:03:51.162,1.04225,1.04241,1.50,3.00
2011.04.06 17:03:51.391,1.04221,1.0424,3.75,1.50
2011.04.06 17:03:52.159,1.04221,1.0424,4.13,1.50
2011.04.06 17:03:52.719,1.04221,1.0424,2.63,1.50
2011.04.06 17:03:53.790,1.04221,1.04239,2.63,1.50
2011.04.06 17:03:54.449,1.04221,1.04239,2.63,1.50
2011.04.06 17:04:05.919,1.04222,1.04239,1.50,1.50
2011.04.06 17:04:06.947,1.04222,1.04239,1.50,1.50
2011.04.06 17:04:07.170,1.04222,1.04234,1.50,1.13
2011.04.06 17:04:07.390,1.04219,1.04234,1.50,1.50
2011.04.06 17:04:07.502,1.0422,1.04235,1.13,1.50
2011.04.06 17:04:07.610,1.04221,1.04237,1.88,2.93
2011.04.06 17:04:07.719,1.0422,1.04239,2.63,1.87
2011.04.06 17:04:08.271,1.04221,1.0424,1.50,2.47
2011.04.06 17:04:11.961,1.04227,1.04241,1.13,1.72
2011.04.06 17:04:12.193,1.0423,1.04246,1.88,3.75
2011.04.06 17:04:13.660,1.04231,1.04249,3.38,1.72
2011.04.06 17:04:14.970,1.04231,1.04249,1.50,1.72
2011.04.06 17:04:23.341,1.04231,1.04249,2.63,1.72
2011.04.06 17:04:23.919,1.04231,1.04249,2.63,1.72
2011.04.06 17:04:31.859,1.04231,1.04249,2.63,1.72
2011.04.06 17:04:33.399,1.04231,1.04251,3.75,1.72
2011.04.06 17:04:34.049,1.04231,1.04251,2.25,3.22
2011.04.06 17:04:34.601,1.04231,1.0425,1.50,1.72
2011.04.06 17:04:36.650,1.04231,1.04249,1.50,1.72
2011.04.06 17:04:37.200,1.04231,1.0425,2.63,1.72
2011.04.06 17:04:39.512,1.04231,1.0425,1.50,1.72
2011.04.06 17:04:40.220,1.04231,1.04251,3.38,2.47
2011.04.06 17:04:40.787,1.04231,1.04251,1.50,2.47
2011.04.06 17:05:00.480,1.04231,1.0425,3.00,1.72
2011.04.06 17:05:01.942,1.04231,1.0425,2.63,1.72
2011.04.06 17:05:03.260,1.04231,1.0425,1.50,1.72
2011.04.06 17:05:08.172,1.04231,1.0425,4.13,1.72
2011.04.06 17:05:12.907,1.04231,1.0425,1.50,1.72
2011.04.06 17:05:13.240,1.04231,1.0425,2.63,2.32
2011.04.06 17:05:13.350,1.04231,1.04248,2.63,1.50
2011.04.06 17:05:13.898,1.04231,1.04249,2.63,1.72
2011.04.06 17:05:14.449,1.04231,1.04249,1.50,1.72
2011.04.06 17:05:16.859,1.04231,1.04249,2.63,1.72
2011.04.06 17:05:18.428,1.04231,1.04249,1.50,1.72
2011.04.06 17:05:28.979,1.04231,1.04249,1.50,1.72
2011.04.06 17:05:32.138,1.04231,1.0425,2.63,1.72
2011.04.06 17:05:43.270,1.04231,1.04249,1.50,1.72
2011.04.06 17:05:44.300,1.04231,1.04249,2.63,1.72
2011.04.06 17:05:44.630,1.04231,1.04249,2.63,1.72
2011.04.06 17:05:45.179,1.04231,1.04249,2.63,1.72
2011.04.06 17:05:52.879,1.04231,1.0425,3.38,1.72
2011.04.06 17:05:53.570,1.04231,1.04251,2.25,2.47
2011.04.06 17:06:00.192,1.04232,1.04251,2.25,3.22
2011.04.06 17:06:00.740,1.04232,1.04252,2.25,3.59
2011.04.06 17:06:02.109,1.04231,1.04251,3.75,1.72
2011.04.06 17:06:02.769,1.04232,1.04251,2.25,1.72
2011.04.06 17:06:02.988,1.04232,1.04251,2.25,1.72
2011.04.06 17:06:04.570,1.04235,1.04252,3.00,1.72
2011.04.06 17:06:05.119,1.04235,1.04251,3.00,1.72
2011.04.06 17:06:05.339,1.04233,1.04251,1.50,1.72
2011.04.06 17:06:05.670,1.04235,1.04251,3.00,1.72
2011.04.06 17:06:05.999,1.04235,1.04251,3.00,1.72
2011.04.06 17:06:06.570,1.04235,1.04252,3.00,2.47
2011.04.06 17:06:07.159,1.04235,1.04252,3.00,1.72
2011.04.06 17:06:13.352,1.04232,1.04251,1.50,3.97
2011.04.06 17:06:21.490,1.04231,1.04251,1.50,5.47
2011.04.06 17:06:22.589,1.04231,1.0425,2.63,3.22
2011.04.06 17:06:24.481,1.04231,1.04251,1.50,3.97
2011.04.06 17:06:29.449,1.04231,1.04251,2.63,4.72
2011.04.06 17:06:30.011,1.04231,1.04251,2.63,4.72
2011.04.06 17:06:30.559,1.04231,1.04251,2.63,4.72
2011.04.06 17:06:40.359,1.04231,1.04251,2.63,5.47
2011.04.06 17:06:42.183,1.04231,1.04251,1.50,3.22
2011.04.06 17:06:49.189,1.04231,1.04251,2.63,4.72
2011.04.06 17:06:59.270,1.04231,1.04251,3.38,6.22
2011.04.06 17:06:59.765,1.04231,1.04251,2.25,4.72
2011.04.06 17:07:02.293,1.04231,1.0425,1.50,2.47
2011.04.06 17:07:03.400,1.04231,1.0425,1.50,2.47
2011.04.06 17:07:04.189,1.04231,1.0425,1.50,2.47
2011.04.06 17:07:04.850,1.04231,1.04251,2.63,3.22
2011.04.06 17:07:05.399,1.04231,1.0425,2.25,1.72
2011.04.06 17:07:09.760,1.04231,1.0425,2.25,1.72
2011.04.06 17:07:13.011,1.04231,1.04249,2.63,1.72
2011.04.06 17:07:15.162,1.04231,1.04249,2.63,1.72
2011.04.06 17:07:15.709,1.04231,1.04249,1.50,1.72
2011.04.06 17:07:16.260,1.04231,1.0425,1.50,1.72
2011.04.06 17:07:21.601,1.04231,1.0425,2.63,1.72
2011.04.06 17:07:22.699,1.04231,1.0425,1.50,1.72
2011.04.06 17:07:23.264,1.04231,1.0425,3.67,1.72
2011.04.06 17:07:23.839,1.04231,1.0425,1.50,1.72
2011.04.06 17:07:24.279,1.04231,1.04249,1.50,1.72
2011.04.06 17:07:24.499,1.04231,1.04251,2.63,2.47
2011.04.06 17:07:28.581,1.04231,1.04251,1.50,2.47
2011.04.06 17:07:33.878,1.04231,1.04251,2.63,4.72
2011.04.06 17:07:36.390,1.04231,1.04251,1.50,4.72
2011.04.06 17:07:42.185,1.04244,1.04251,1.88,2.25
2011.04.06 17:07:42.413,1.04245,1.04258,3.00,1.49
2011.04.06 17:07:42.534,1.04245,1.04261,3.00,3.59
2011.04.06 17:07:42.655,1.04241,1.04259,1.13,1.72
2011.04.06 17:07:42.774,1.0424,1.04256,3.75,1.50
2011.04.06 17:07:43.112,1.04239,1.04256,3.00,1.72
2011.04.06 17:07:43.339,1.04239,1.04255,3.00,5.47
2011.04.06 17:07:43.450,1.04239,1.04252,2.25,2.25
2011.04.06 17:07:43.669,1.04235,1.04251,1.50,1.72
2011.04.06 17:07:43.888,1.04233,1.04251,2.25,1.72
2011.04.06 17:07:47.334,1.04234,1.04252,1.50,5.09
2011.04.06 17:07:47.668,1.04234,1.04251,1.50,1.72
2011.04.06 17:07:47.779,1.04234,1.04252,1.50,5.09
2011.04.06 17:07:48.670,1.04234,1.04251,1.50,1.72
2011.04.06 17:07:49.220,1.04234,1.04251,1.50,1.72
2011.04.06 17:07:49.551,1.04234,1.04251,1.50,1.72
2011.04.06 17:07:49.879,1.04234,1.04251,1.50,1.72
2011.04.06 17:07:50.319,1.04233,1.04251,1.50,1.72
2011.04.06 17:07:53.841,1.04235,1.04252,1.50,2.47
2011.04.06 17:07:54.388,1.04235,1.04251,1.50,1.72
2011.04.06 17:07:54.940,1.04238,1.04252,1.88,1.72
2011.04.06 17:07:55.269,1.04241,1.04259,2.25,1.50
2011.04.06 17:07:55.489,1.04241,1.04261,2.25,2.47
2011.04.06 17:07:56.039,1.0424,1.0426,3.00,1.72
2011.04.06 17:07:56.588,1.04241,1.04261,2.92,1.34
2011.04.06 17:07:56.700,1.0424,1.04261,4.42,2.09
2011.04.06 17:07:57.618,1.04241,1.04261,2.92,2.09
2011.04.06 17:08:02.118,1.04241,1.04261,2.92,2.84
2011.04.06 17:08:11.529,1.04241,1.04261,2.25,2.47
2011.04.06 17:08:16.824,1.0424,1.04261,4.50,2.47
2011.04.06 17:08:17.380,1.04241,1.04261,2.25,3.22
2011.04.06 17:08:19.300,1.04241,1.04261,2.25,3.22
2011.04.06 17:08:20.078,1.0424,1.04261,3.75,3.22
2011.04.06 17:08:20.628,1.04241,1.04261,2.25,3.22
2011.04.06 17:08:21.619,1.04241,1.04261,2.25,3.22
2011.04.06 17:08:50.219,1.0424,1.04261,3.75,2.47
2011.04.06 17:08:56.573,1.04241,1.04261,2.25,2.84
2011.04.06 17:08:57.559,1.0424,1.04261,3.75,2.09
2011.04.06 17:08:58.709,1.04241,1.04261,2.25,2.09
2011.04.06 17:08:59.818,1.0424,1.04261,5.17,2.09
2011.04.06 17:09:00.258,1.0424,1.04261,5.17,2.84
2011.04.06 17:09:00.811,1.04241,1.04261,2.92,1.34
2011.04.06 17:09:01.031,1.04248,1.04262,1.13,3.22
2011.04.06 17:09:01.361,1.04245,1.04261,1.02,1.50
2011.04.06 17:09:01.581,1.04244,1.04262,2.25,2.09
2011.04.06 17:09:02.019,1.04244,1.04261,1.50,1.50
2011.04.06 17:09:03.178,1.04244,1.04261,3.00,1.50
2011.04.06 17:09:03.509,1.04244,1.04261,1.50,1.50
2011.04.06 17:09:03.839,1.04244,1.04261,1.50,1.50
2011.04.06 17:09:04.168,1.04244,1.04261,1.50,1.50
2011.04.06 17:09:05.100,1.04244,1.04261,1.50,2.25
2011.04.06 17:09:05.648,1.04244,1.04261,1.50,2.25
2011.04.06 17:09:07.929,1.04244,1.04257,1.50,1.88
2011.04.06 17:09:08.041,1.04242,1.04256,3.75,1.50
2011.04.06 17:09:08.260,1.04241,1.04257,2.25,1.50
2011.04.06 17:09:08.370,1.04241,1.04259,2.25,1.34
2011.04.06 17:09:08.479,1.04241,1.04261,4.04,2.10
2011.04.06 17:09:09.029,1.04241,1.04261,4.04,2.10
2011.04.06 17:09:15.919,1.04242,1.04261,2.25,2.10
2011.04.06 17:09:16.813,1.04242,1.04261,2.25,2.10
2011.04.06 17:09:18.080,1.04242,1.04261,3.75,2.10
2011.04.06 17:09:19.809,1.04242,1.04261,2.25,2.10
2011.04.06 17:09:21.228,1.04242,1.04261,2.25,2.10
2011.04.06 17:09:22.999,1.04242,1.04261,3.75,1.50
2011.04.06 17:09:25.198,1.04243,1.04261,1.58,2.25
2011.04.06 17:09:29.581,1.04243,1.04261,1.50,1.50
2011.04.06 17:09:30.129,1.04243,1.0426,1.50,1.72
2011.04.06 17:09:30.790,1.04243,1.04261,1.50,2.47
2011.04.06 17:09:37.900,1.04244,1.04262,1.50,3.59
2011.04.06 17:09:38.014,1.04244,1.04263,2.40,3.22
2011.04.06 17:09:38.129,1.04245,1.04262,3.15,2.25
2011.04.06 17:09:38.240,1.04245,1.04261,3.15,2.63
2011.04.06 17:09:38.350,1.04244,1.04261,3.15,2.63
2011.04.06 17:09:39.430,1.04244,1.04261,1.50,2.63
2011.04.06 17:09:40.981,1.04244,1.04262,2.25,1.50
2011.04.06 17:09:41.309,1.04245,1.04261,3.75,1.50
2011.04.06 17:09:41.641,1.04245,1.04264,2.70,1.72
2011.04.06 17:09:42.188,1.04245,1.04265,3.15,2.47
2011.04.06 17:09:47.342,1.04249,1.04266,3.38,2.47
2011.04.06 17:09:47.569,1.04249,1.04268,3.38,4.34
2011.04.06 17:09:52.670,1.04251,1.04268,1.50,2.47
2011.04.06 17:09:57.949,1.04251,1.04267,1.50,1.72
2011.04.06 17:09:58.060,1.04249,1.04265,3.75,1.50
2011.04.06 17:09:58.608,1.04251,1.04266,1.13,1.88
2011.04.06 17:10:01.170,1.04251,1.04267,1.50,3.59
2011.04.06 17:10:01.589,1.04254,1.04267,3.38,1.50
2011.04.06 17:10:01.701,1.04254,1.04271,3.38,2.47
2011.04.06 17:10:01.809,1.04254,1.04271,3.38,2.47
2011.04.06 17:10:02.853,1.04254,1.04271,3.38,3.22
2011.04.06 17:10:03.078,1.04254,1.04269,2.63,1.50
2011.04.06 17:10:03.411,1.04251,1.04265,1.13,1.50
2011.04.06 17:10:03.520,1.04251,1.04267,1.50,1.88
2011.04.06 17:10:04.068,1.0425,1.04267,1.50,4.13
2011.04.06 17:10:04.401,1.04249,1.04262,1.50,1.13
2011.04.06 17:10:04.731,1.04247,1.04261,1.50,1.50
2011.04.06 17:10:06.559,1.04245,1.04261,1.50,1.50
2011.04.06 17:10:17.677,1.0425,1.04264,1.13,2.47
2011.04.06 17:10:18.340,1.0425,1.04264,1.50,2.47
2011.04.06 17:10:18.889,1.0425,1.04265,1.13,2.47
2011.04.06 17:10:19.439,1.0425,1.04265,1.13,2.47
2011.04.06 17:10:20.021,1.0425,1.04265,1.13,3.22
2011.04.06 17:10:20.861,1.04251,1.04264,1.13,1.50
2011.04.06 17:10:21.419,1.0425,1.04265,1.13,2.47
2011.04.06 17:10:21.972,1.0425,1.04264,1.50,1.50
2011.04.06 17:10:23.849,1.0425,1.04265,1.13,2.84
2011.04.06 17:10:24.399,1.0425,1.04264,1.50,1.50
2011.04.06 17:10:25.050,1.0425,1.04265,1.50,1.34
2011.04.06 17:10:25.602,1.0425,1.04266,1.13,2.47
2011.04.06 17:10:25.719,1.0425,1.04266,1.13,2.47
2011.04.06 17:10:26.159,1.04251,1.04267,1.13,1.87
2011.04.06 17:10:26.382,1.04251,1.04268,1.13,3.97
2011.04.06 17:10:27.150,1.04256,1.04269,1.50,1.72
2011.04.06 17:10:27.261,1.04256,1.04271,1.50,2.09
2011.04.06 17:10:27.382,1.04256,1.04274,1.73,3.22
2011.04.06 17:10:27.719,1.04259,1.04274,1.13,1.72
2011.04.06 17:10:28.269,1.04259,1.04274,1.13,1.72
2011.04.06 17:10:28.835,1.04259,1.04274,1.50,1.72
2011.04.06 17:10:29.359,1.04259,1.04275,1.13,3.22
2011.04.06 17:10:29.692,1.04254,1.04272,1.64,3.59
2011.04.06 17:10:30.249,1.04254,1.04272,1.64,3.22
2011.04.06 17:10:30.691,1.04254,1.04272,1.50,3.97
2011.04.06 17:10:31.239,1.04252,1.04271,2.25,2.25
2011.04.06 17:10:32.609,1.04252,1.04271,2.25,2.25
2011.04.06 17:10:32.940,1.04252,1.0427,2.25,2.25
2011.04.06 17:10:33.269,1.04252,1.04271,1.50,3.22
2011.04.06 17:10:34.709,1.04252,1.04271,1.50,2.47
2011.04.06 17:10:34.820,1.04252,1.04271,1.50,1.72
2011.04.06 17:10:35.361,1.04252,1.04271,1.50,1.72
2011.04.06 17:10:41.409,1.04251,1.0427,1.13,1.72
2011.04.06 17:10:42.241,1.0425,1.0427,1.88,3.22
2011.04.06 17:10:42.461,1.04251,1.04268,1.13,1.50
2011.04.06 17:10:42.680,1.0425,1.04266,1.13,3.00
2011.04.06 17:10:43.230,1.0425,1.04266,1.13,3.75
2011.04.06 17:10:43.778,1.0425,1.04265,1.13,2.25
2011.04.06 17:10:44.416,1.0425,1.04265,1.13,2.25
2011.04.06 17:10:45.299,1.0425,1.04264,1.13,2.25
2011.04.06 17:10:45.959,1.0425,1.04264,1.13,2.25
2011.04.06 17:10:46.839,1.04248,1.04264,1.50,1.50
2011.04.06 17:10:47.499,1.0425,1.04264,1.13,1.50
2011.04.06 17:10:47.721,1.0425,1.04266,1.13,1.72
2011.04.06 17:10:48.328,1.04251,1.04267,1.13,2.47
2011.04.06 17:10:49.278,1.04251,1.04267,1.13,2.47
2011.04.06 17:10:51.259,1.0425,1.04267,1.13,2.47
2011.04.06 17:10:56.640,1.0425,1.04267,1.13,1.72
2011.04.06 17:10:57.208,1.04251,1.04267,1.13,2.47
2011.04.06 17:10:57.874,1.0425,1.04267,1.13,1.72
2011.04.06 17:11:08.178,1.04251,1.04267,1.13,1.72
2011.04.06 17:11:08.509,1.04251,1.04269,1.13,1.72
2011.04.06 17:11:09.058,1.04251,1.04267,1.13,1.50
2011.04.06 17:11:10.069,1.0425,1.04267,1.13,1.50
2011.04.06 17:11:10.622,1.04251,1.04267,1.13,1.50
2011.04.06 17:11:10.978,1.0425,1.04267,1.13,1.50
2011.04.06 17:11:11.528,1.04251,1.0427,1.13,3.97
2011.04.06 17:11:14.579,1.04251,1.0427,2.63,2.25
2011.04.06 17:11:16.801,1.04254,1.04271,1.50,3.22
2011.04.06 17:11:16.912,1.04256,1.04271,1.88,1.72
2011.04.06 17:11:17.033,1.04254,1.04272,2.55,6.97
2011.04.06 17:11:17.151,1.04254,1.04272,2.25,4.34
2011.04.06 17:11:17.371,1.04254,1.04271,2.25,1.88
2011.04.06 17:11:18.140,1.04254,1.04271,1.50,2.84
2011.04.06 17:11:21.639,1.04254,1.04271,1.50,2.84
2011.04.06 17:11:22.300,1.04253,1.04271,1.50,3.59
2011.04.06 17:11:23.409,1.04253,1.04271,1.50,2.84
2011.04.06 17:11:23.959,1.04253,1.04271,1.50,3.59
2011.04.06 17:11:24.612,1.04253,1.04271,1.50,2.84
2011.04.06 17:11:25.210,1.04253,1.04271,1.50,3.59
2011.04.06 17:11:25.759,1.04253,1.04271,1.50,3.59
2011.04.06 17:11:26.309,1.04253,1.04271,3.00,2.84
2011.04.06 17:11:27.839,1.04253,1.04271,1.50,2.84
2011.04.06 17:11:28.729,1.04253,1.04271,1.50,3.59
2011.04.06 17:11:29.309,1.04253,1.04271,1.50,2.84
2011.04.06 17:11:36.439,1.04253,1.04271,1.50,2.84
2011.04.06 17:11:38.559,1.04253,1.04271,1.50,2.84
2011.04.06 17:11:39.200,1.04253,1.04271,1.50,2.84
2011.04.06 17:11:43.308,1.04252,1.04271,1.50,3.59
2011.04.06 17:11:44.849,1.04252,1.04271,1.50,2.84
2011.04.06 17:11:45.402,1.04252,1.04271,1.50,3.59
2011.04.06 17:11:49.820,1.04252,1.04271,1.50,2.09
2011.04.06 17:11:51.969,1.04253,1.04271,2.25,2.09
2011.04.06 17:11:52.526,1.04253,1.04271,1.50,2.09
2011.04.06 17:11:55.059,1.04254,1.04271,1.50,1.34
2011.04.06 17:11:57.419,1.04254,1.04271,1.80,1.34
2011.04.06 17:11:57.639,1.04254,1.04271,1.50,1.34
2011.04.06 17:11:58.160,1.04253,1.04271,2.25,1.34
2011.04.06 17:11:58.708,1.04252,1.04271,1.50,2.09
2011.04.06 17:12:00.349,1.04251,1.04271,3.98,2.84
2011.04.06 17:12:13.599,1.04251,1.04271,2.25,5.09
2011.04.06 17:12:13.710,1.04251,1.04266,1.13,1.50
2011.04.06 17:12:14.039,1.04251,1.04266,1.88,1.13
2011.04.06 17:12:14.369,1.04251,1.04266,1.88,1.13
2011.04.06 17:12:14.482,1.04251,1.04269,1.88,1.97
2011.04.06 17:12:14.819,1.04251,1.04272,1.50,5.47
2011.04.06 17:12:15.368,1.04251,1.04271,1.88,1.72
2011.04.06 17:12:25.969,1.04253,1.04271,1.50,1.34
2011.04.06 17:12:27.199,1.04251,1.04266,1.88,1.50
2011.04.06 17:12:27.640,1.04251,1.04267,2.63,1.13
2011.04.06 17:12:27.969,1.04251,1.04271,4.88,2.09
2011.04.06 17:12:29.179,1.04251,1.04271,4.50,2.09
2011.04.06 17:12:29.770,1.04252,1.04271,2.25,2.84
2011.04.06 17:12:34.299,1.04252,1.04271,1.50,2.84
2011.04.06 17:12:35.299,1.04252,1.04271,3.00,2.84
2011.04.06 17:12:35.849,1.04252,1.04271,3.00,2.84
2011.04.06 17:12:36.179,1.04252,1.04271,1.50,2.84
2011.04.06 17:12:37.309,1.04252,1.04271,1.50,2.84
2011.04.06 17:12:37.860,1.04255,1.04273,3.00,2.09
2011.04.06 17:12:39.389,1.04255,1.04273,3.00,2.09
2011.04.06 17:12:40.929,1.04255,1.04272,3.00,1.72
2011.04.06 17:12:41.259,1.04255,1.04272,3.00,1.72
2011.04.06 17:12:42.358,1.04255,1.04273,3.00,2.84
2011.04.06 17:12:42.579,1.04255,1.04273,3.00,3.59
2011.04.06 17:12:43.129,1.04255,1.04272,3.00,1.72
2011.04.06 17:12:43.899,1.04255,1.04272,3.00,2.47
2011.04.06 17:12:44.669,1.04255,1.04272,3.00,2.47
2011.04.06 17:12:46.233,1.04255,1.04267,2.25,1.88
2011.04.06 17:12:46.349,1.04251,1.04267,1.13,1.88
2011.04.06 17:12:46.461,1.04251,1.04269,2.25,1.88
2011.04.06 17:12:46.571,1.04251,1.04269,2.25,1.88
2011.04.06 17:12:47.010,1.04251,1.04267,1.50,1.88
2011.04.06 17:12:48.651,1.04251,1.04267,1.50,1.13
2011.04.06 17:12:49.089,1.04251,1.04267,3.38,1.13
2011.04.06 17:12:49.422,1.04252,1.04271,1.50,1.72
2011.04.06 17:12:49.649,1.04252,1.04271,1.50,1.72
2011.04.06 17:12:51.460,1.04252,1.04271,1.50,1.72
2011.04.06 17:12:54.279,1.04252,1.04271,1.50,1.72
2011.04.06 17:12:56.489,1.04252,1.04271,1.50,1.72
2011.04.06 17:12:57.173,1.04252,1.04271,1.50,1.72
2011.04.06 17:13:07.801,1.04252,1.04271,2.25,1.72
2011.04.06 17:13:08.569,1.04252,1.04271,2.25,1.72
2011.04.06 17:13:09.118,1.04252,1.04271,2.25,1.72
2011.04.06 17:13:09.888,1.04252,1.04271,2.25,1.72
2011.04.06 17:13:10.439,1.04252,1.04271,2.25,1.72
2011.04.06 17:13:12.568,1.04252,1.04271,2.25,1.72
2011.04.06 17:13:13.119,1.04252,1.04271,2.25,1.72
2011.04.06 17:13:13.340,1.04252,1.04271,2.25,1.72
2011.04.06 17:13:17.970,1.04253,1.04272,1.50,3.59
2011.04.06 17:13:18.519,1.04253,1.04272,1.50,3.59
2011.04.06 17:13:18.629,1.04253,1.04272,1.50,3.59
2011.04.06 17:13:19.240,1.04253,1.04272,1.50,3.59
2011.04.06 17:13:20.401,1.04253,1.04272,1.50,3.59
2011.04.06 17:13:21.249,1.04253,1.04271,1.50,1.72
2011.04.06 17:13:21.690,1.04253,1.04271,1.50,1.72
2011.04.06 17:13:22.018,1.04253,1.04271,1.50,1.72
2011.04.06 17:13:25.619,1.04253,1.04271,1.50,1.72
2011.04.06 17:13:26.170,1.04256,1.04272,1.50,2.84
2011.04.06 17:13:26.280,1.04256,1.04272,2.25,2.63
2011.04.06 17:13:37.370,1.04256,1.04271,2.25,1.50
2011.04.06 17:13:39.230,1.04256,1.04271,1.50,1.50
2011.04.06 17:13:41.159,1.04256,1.04271,1.50,2.25
2011.04.06 17:13:41.709,1.04256,1.04271,1.50,1.50
2011.04.06 17:13:44.180,1.04256,1.04271,1.50,1.50
2011.04.06 17:13:46.661,1.04256,1.04271,1.50,1.50
2011.04.06 17:13:52.729,1.04256,1.04271,1.50,1.50
2011.04.06 17:13:53.339,1.04256,1.04271,1.50,1.50
2011.04.06 17:13:53.890,1.04256,1.04272,2.63,1.88
2011.04.06 17:13:54.333,1.04259,1.04273,2.25,1.50
2011.04.06 17:13:54.759,1.04257,1.04271,2.25,2.63
2011.04.06 17:13:59.070,1.04257,1.04271,1.50,2.63
2011.04.06 17:13:59.180,1.04254,1.0427,1.50,1.50
2011.04.06 17:13:59.619,1.04253,1.0427,2.25,1.50
2011.04.06 17:14:03.440,1.04253,1.04271,2.25,1.88
2011.04.06 17:14:03.770,1.04255,1.04271,1.50,2.63
2011.04.06 17:14:03.880,1.04257,1.04271,1.50,2.63
2011.04.06 17:14:04.100,1.04255,1.04271,1.50,2.63
2011.04.06 17:14:04.320,1.04254,1.04271,1.50,2.63
2011.04.06 17:14:14.119,1.04254,1.04271,1.50,1.88
2011.04.06 17:14:15.109,1.04254,1.04271,1.50,1.88
2011.04.06 17:14:15.668,1.04254,1.04271,1.50,1.88
2011.04.06 17:14:16.220,1.04254,1.04271,1.50,1.88
2011.04.06 17:14:33.171,1.04255,1.04271,1.50,1.88
2011.04.06 17:14:34.560,1.04254,1.04271,1.50,1.88
2011.04.06 17:14:51.161,1.04254,1.04271,1.50,3.38
2011.04.06 17:14:54.010,1.04254,1.04271,1.50,3.38
2011.04.06 17:14:56.911,1.04257,1.04271,1.80,1.13
2011.04.06 17:14:57.133,1.04258,1.04273,1.05,1.13
2011.04.06 17:14:57.471,1.04257,1.04272,1.80,1.88
2011.04.06 17:14:58.022,1.04258,1.04272,1.05,2.63
2011.04.06 17:14:58.910,1.04256,1.04272,1.05,2.63
2011.04.06 17:15:00.940,1.04256,1.04272,1.05,2.63
2011.04.06 17:15:01.159,1.04257,1.04272,1.05,2.63
2011.04.06 17:15:01.379,1.04256,1.04272,1.50,2.63
2011.04.06 17:15:01.619,1.04256,1.04272,1.13,2.63
2011.04.06 17:15:02.190,1.04255,1.04272,2.78,2.63
2011.04.06 17:15:02.519,1.04256,1.04272,1.05,2.63
2011.04.06 17:15:08.390,1.04258,1.04272,1.05,2.63
2011.04.06 17:15:10.089,1.04255,1.04272,2.48,2.63
2011.04.06 17:15:10.309,1.04257,1.04272,1.50,2.63
2011.04.06 17:15:11.589,1.04255,1.04272,1.80,2.63
2011.04.06 17:15:11.809,1.04255,1.04272,1.05,2.63
2011.04.06 17:15:12.029,1.04253,1.04272,2.25,2.63
2011.04.06 17:15:12.249,1.04253,1.04272,3.00,2.63
2011.04.06 17:15:12.790,1.04254,1.04272,1.50,2.63
2011.04.06 17:15:14.089,1.04254,1.04272,1.50,3.38
2011.04.06 17:15:14.419,1.04254,1.04272,1.50,3.38
2011.04.06 17:15:15.659,1.04253,1.04272,1.50,2.63
2011.04.06 17:15:16.469,1.04253,1.04272,2.25,2.63
2011.04.06 17:15:17.130,1.04253,1.04272,1.50,2.63
2011.04.06 17:15:18.022,1.04253,1.04272,3.00,2.63
2011.04.06 17:15:18.573,1.04254,1.04272,2.25,2.63
2011.04.06 17:15:19.130,1.04255,1.04272,1.50,2.63
2011.04.06 17:15:19.349,1.04254,1.04272,2.25,2.63
2011.04.06 17:15:19.790,1.04255,1.04272,1.50,2.63
2011.04.06 17:15:20.339,1.04255,1.04272,1.50,2.63
2011.04.06 17:15:21.099,1.04254,1.04272,1.50,2.63
2011.04.06 17:15:22.199,1.04255,1.04272,1.50,2.63
2011.04.06 17:15:22.549,1.04254,1.04272,2.25,2.63
2011.04.06 17:15:23.099,1.04255,1.04272,1.50,2.63
2011.04.06 17:15:24.459,1.04254,1.04272,1.50,2.63
2011.04.06 17:15:25.009,1.04253,1.04272,2.25,3.38
2011.04.06 17:15:28.351,1.04253,1.04272,1.50,3.38
2011.04.06 17:15:29.888,1.04253,1.04272,2.25,3.38
2011.04.06 17:15:30.430,1.04253,1.04272,2.25,3.38
2011.04.06 17:15:31.420,1.04254,1.04271,1.50,1.50
2011.04.06 17:15:36.938,1.04253,1.04272,2.25,3.38
2011.04.06 17:15:37.268,1.04253,1.04272,2.25,3.38
2011.04.06 17:15:38.529,1.04253,1.04272,2.25,3.38
2011.04.06 17:15:41.739,1.04253,1.04272,2.25,3.38
2011.04.06 17:15:43.829,1.04257,1.04272,1.50,3.38
2011.04.06 17:15:45.520,1.04257,1.04272,1.50,3.38
2011.04.06 17:15:47.321,1.04257,1.04272,1.50,2.63
2011.04.06 17:15:47.871,1.04257,1.04272,1.50,2.63
2011.04.06 17:15:56.299,1.04257,1.04271,1.50,1.50
2011.04.06 17:15:56.628,1.04257,1.04271,1.50,1.50
2011.04.06 17:15:56.964,1.04259,1.04271,1.88,1.50
2011.04.06 17:15:57.412,1.04261,1.04275,1.13,1.50
2011.04.06 17:15:57.631,1.04261,1.04278,2.25,1.13
2011.04.06 17:15:58.179,1.04262,1.0428,1.50,2.25
2011.04.06 17:15:59.841,1.04262,1.0428,1.50,2.25
2011.04.06 17:16:02.451,1.04262,1.04279,3.00,2.25
2011.04.06 17:16:02.670,1.04262,1.04279,3.00,2.25
2011.04.06 17:16:04.161,1.04265,1.0428,1.88,2.25
2011.04.06 17:16:04.492,1.04267,1.04284,2.55,2.25
2011.04.06 17:16:04.821,1.04265,1.04282,1.73,4.13
2011.04.06 17:16:04.931,1.04265,1.04282,1.73,4.13
2011.04.06 17:16:05.479,1.04265,1.04282,1.50,4.13
2011.04.06 17:16:07.544,1.04265,1.04282,1.50,3.38
2011.04.06 17:16:09.851,1.04264,1.04282,2.25,3.38
2011.04.06 17:16:10.072,1.04265,1.04282,1.50,3.38
2011.04.06 17:16:11.310,1.04264,1.04282,1.50,3.38
2011.04.06 17:16:11.859,1.04265,1.04282,1.50,3.38
2011.04.06 17:16:15.152,1.04265,1.04282,1.50,2.63
2011.04.06 17:16:15.259,1.04265,1.04282,1.50,2.63
2011.04.06 17:16:16.140,1.04265,1.04282,1.50,2.63
2011.04.06 17:16:16.690,1.04265,1.04282,1.50,1.88
2011.04.06 17:16:17.020,1.04265,1.04282,1.50,2.63
2011.04.06 17:16:17.129,1.04265,1.04282,1.50,1.88
2011.04.06 17:16:17.460,1.04265,1.04282,1.50,2.63
2011.04.06 17:16:17.789,1.04265,1.04282,1.50,2.63
2011.04.06 17:16:18.121,1.04265,1.04282,1.50,2.63
2011.04.06 17:16:18.341,1.04265,1.04282,1.50,2.63
2011.04.06 17:16:18.451,1.04265,1.04282,1.50,2.63
2011.04.06 17:16:18.999,1.04265,1.04282,1.50,2.63
2011.04.06 17:16:19.440,1.04265,1.04282,1.82,2.63
2011.04.06 17:16:19.771,1.04265,1.04282,1.50,2.63
2011.04.06 17:16:20.099,1.04265,1.04281,1.50,3.00
2011.04.06 17:16:21.021,1.04263,1.04276,1.50,1.50
2011.04.06 17:16:21.461,1.04263,1.04281,1.50,3.75
2011.04.06 17:16:22.562,1.04263,1.04282,3.00,5.09
2011.04.06 17:16:23.991,1.04262,1.04281,3.00,1.50
2011.04.06 17:16:24.662,1.04263,1.04281,2.25,3.75
2011.04.06 17:16:24.770,1.04263,1.04281,2.25,3.75
2011.04.06 17:16:28.691,1.04264,1.04281,1.50,2.25
2011.04.06 17:16:28.801,1.04264,1.04281,3.27,1.50
2011.04.06 17:16:29.349,1.04265,1.04282,3.75,2.25
2011.04.06 17:16:30.890,1.04265,1.04283,3.00,1.50
2011.04.06 17:16:32.549,1.04265,1.04283,3.75,1.50
2011.04.06 17:16:33.670,1.04265,1.04283,4.02,1.50
2011.04.06 17:16:34.220,1.04267,1.04283,2.25,1.50
2011.04.06 17:16:36.860,1.04267,1.04283,1.50,1.50
2011.04.06 17:16:38.661,1.04268,1.04283,1.13,1.50
2011.04.06 17:16:38.881,1.0427,1.04285,2.25,1.50
2011.04.06 17:16:38.991,1.0427,1.04287,2.25,2.47
2011.04.06 17:16:39.430,1.0427,1.04288,3.75,3.00
2011.04.06 17:16:39.979,1.04271,1.04289,2.25,2.25
2011.04.06 17:16:40.529,1.04271,1.04289,1.50,2.25
2011.04.06 17:16:40.861,1.04281,1.04293,1.50,1.50
2011.04.06 17:16:42.475,1.04282,1.04287,2.63,1.13
2011.04.06 17:16:42.700,1.0427,1.04286,2.63,2.25
2011.04.06 17:16:42.810,1.0427,1.04286,1.13,3.75
2011.04.06 17:16:44.900,1.04269,1.04283,1.50,2.25
2011.04.06 17:16:45.700,1.04269,1.04286,3.38,4.12
2011.04.06 17:16:45.811,1.04273,1.04286,1.50,2.62
2011.04.06 17:16:45.922,1.04274,1.04288,1.50,1.72
2011.04.06 17:16:47.240,1.04274,1.0429,1.50,2.47
2011.04.06 17:16:47.350,1.04274,1.0429,1.50,2.47
2011.04.06 17:16:48.231,1.04272,1.04289,5.17,2.25
2011.04.06 17:16:50.209,1.04272,1.04291,3.75,3.22
2011.04.06 17:16:50.650,1.04271,1.04287,2.25,1.50
2011.04.06 17:16:50.871,1.04271,1.04287,1.50,2.63
2011.04.06 17:16:51.420,1.0427,1.04287,1.50,4.34
2011.04.06 17:16:53.521,1.0427,1.04287,1.50,4.34
2011.04.06 17:16:54.472,1.0427,1.04277,1.50,1.13
2011.04.06 17:16:54.802,1.04264,1.04279,1.50,1.13
2011.04.06 17:16:55.021,1.04264,1.04281,3.00,1.88
2011.04.06 17:16:57.690,1.04264,1.04281,1.50,3.59
2011.04.06 17:17:00.330,1.04264,1.04281,1.50,3.59
2011.04.06 17:17:01.099,1.04264,1.04281,1.50,3.59
2011.04.06 17:17:01.321,1.04264,1.04281,2.25,2.63
2011.04.06 17:17:03.382,1.0427,1.04281,1.20,1.13
2011.04.06 17:17:03.492,1.0427,1.04283,1.20,1.88
2011.04.06 17:17:04.091,1.0427,1.04286,1.58,2.25
2011.04.06 17:17:04.535,1.0427,1.04286,3.08,2.63
2011.04.06 17:17:04.651,1.04271,1.04286,1.13,1.88
2011.04.06 17:17:04.873,1.0427,1.04286,1.88,1.50
2011.04.06 17:17:05.210,1.0427,1.04286,1.88,2.25
2011.04.06 17:17:05.980,1.0427,1.04286,3.00,2.25
2011.04.06 17:17:06.531,1.0427,1.04286,1.88,2.25
2011.04.06 17:17:07.080,1.0427,1.04286,3.00,2.25
2011.04.06 17:17:07.679,1.0427,1.04286,1.88,2.25
2011.04.06 17:17:08.350,1.0427,1.04286,3.00,1.50
2011.04.06 17:17:08.920,1.0427,1.04286,1.88,1.50
2011.04.06 17:17:09.141,1.04271,1.04287,1.13,3.22
2011.04.06 17:17:13.981,1.04273,1.04287,1.50,2.09
2011.04.06 17:17:14.092,1.04273,1.04288,1.88,1.72
2011.04.06 17:17:14.202,1.04274,1.0429,1.50,2.25
2011.04.06 17:17:14.531,1.04274,1.04291,2.25,1.13
2011.04.06 17:17:14.641,1.04274,1.04292,2.55,2.25
2011.04.06 17:17:14.754,1.04277,1.04293,1.88,1.50
2011.04.06 17:17:14.981,1.0428,1.04295,1.13,2.25
2011.04.06 17:17:15.202,1.04281,1.04295,1.88,1.50
2011.04.06 17:17:15.421,1.04281,1.04298,1.50,2.25
2011.04.06 17:17:15.641,1.0428,1.04294,1.13,1.50
2011.04.06 17:17:15.753,1.04279,1.0429,3.75,1.50
2011.04.06 17:17:16.165,1.04272,1.04289,1.50,2.25
2011.04.06 17:17:16.720,1.04272,1.04288,1.50,2.25
2011.04.06 17:17:17.497,1.04274,1.04291,3.15,3.97
2011.04.06 17:17:17.832,1.04278,1.04291,3.38,1.50
2011.04.06 17:17:17.942,1.04279,1.04294,3.75,1.50
2011.04.06 17:17:18.931,1.04279,1.04292,3.00,2.25
2011.04.06 17:17:19.150,1.04276,1.04292,1.50,2.25
2011.04.06 17:17:22.640,1.04275,1.0429,3.94,4.50
2011.04.06 17:17:22.973,1.04278,1.04288,1.13,1.50
2011.04.06 17:17:23.312,1.04285,1.04301,4.35,3.30
2011.04.06 17:17:23.641,1.0429,1.04303,3.38,1.72
2011.04.06 17:17:23.757,1.04291,1.04308,1.50,2.47
2011.04.06 17:17:24.091,1.04292,1.04308,1.50,1.72
2011.04.06 17:17:24.640,1.04292,1.04308,2.25,1.72
2011.04.06 17:17:28.853,1.04296,1.04311,2.25,1.72
2011.04.06 17:17:29.193,1.0431,1.0432,3.98,1.50
2011.04.06 17:17:29.422,1.04312,1.04327,2.25,1.50
2011.04.06 17:17:29.970,1.04312,1.04327,1.50,1.50
2011.04.06 17:17:30.481,1.04312,1.04327,1.50,1.50
2011.04.06 17:17:30.595,1.04314,1.04331,2.25,3.59
2011.04.06 17:17:30.714,1.04314,1.04327,1.50,1.88
2011.04.06 17:17:30.835,1.04312,1.04327,1.50,1.88
2011.04.06 17:17:31.392,1.04311,1.04326,1.88,1.50
2011.04.06 17:17:31.722,1.04303,1.04317,1.13,3.00
2011.04.06 17:17:31.834,1.04304,1.04318,4.13,1.50
2011.04.06 17:17:32.389,1.04305,1.04318,1.50,1.50
2011.04.06 17:17:39.049,1.04305,1.0432,1.50,2.47
2011.04.06 17:17:41.631,1.04306,1.04322,1.13,1.72
2011.04.06 17:17:41.962,1.0431,1.04325,3.75,1.50
2011.04.06 17:17:42.191,1.04309,1.04327,1.50,2.47
2011.04.06 17:17:42.300,1.04309,1.04327,5.25,2.47
2011.04.06 17:17:42.850,1.04309,1.04327,6.75,2.47
2011.04.06 17:17:43.400,1.0431,1.04329,1.50,2.47
2011.04.06 17:17:43.950,1.0431,1.04329,4.42,2.47
2011.04.06 17:17:44.499,1.04311,1.0433,1.50,3.22
2011.04.06 17:17:45.050,1.04311,1.0433,3.00,2.47
2011.04.06 17:17:51.790,1.04312,1.04329,1.50,2.47
2011.04.06 17:17:52.340,1.04312,1.04329,1.50,2.47
2011.04.06 17:17:52.892,1.04313,1.04329,2.25,2.47
2011.04.06 17:17:53.439,1.04313,1.0433,3.75,2.47
2011.04.06 17:17:53.991,1.04314,1.0433,1.50,2.47
2011.04.06 17:17:54.760,1.04313,1.0433,1.50,2.47
2011.04.06 17:17:54.870,1.04312,1.0433,3.75,2.47
2011.04.06 17:17:55.639,1.04311,1.04328,3.00,2.25
2011.04.06 17:17:56.590,1.04312,1.04328,1.50,2.25
2011.04.06 17:17:57.190,1.04313,1.04328,1.50,2.25
2011.04.06 17:17:57.750,1.04312,1.04328,1.50,2.25
2011.04.06 17:17:58.081,1.0431,1.04325,1.13,3.00
2011.04.06 17:17:58.630,1.04308,1.04325,1.50,2.84
2011.04.06 17:17:59.450,1.04312,1.04326,1.50,1.34
2011.04.06 17:17:59.671,1.04312,1.04328,2.25,2.25
2011.04.06 17:18:00.000,1.04313,1.04328,1.50,2.25
2011.04.06 17:18:00.810,1.04313,1.0433,1.50,2.47
2011.04.06 17:18:01.450,1.04313,1.04329,2.25,2.47
2011.04.06 17:18:01.782,1.04315,1.04331,1.50,1.72
2011.04.06 17:18:01.890,1.04315,1.04331,1.50,1.72
2011.04.06 17:18:04.711,1.04315,1.04332,1.50,3.22
2011.04.06 17:18:05.370,1.04314,1.04332,4.88,3.22
2011.04.06 17:18:07.921,1.04315,1.04332,1.50,3.22
2011.04.06 17:18:08.579,1.04315,1.04332,1.50,3.22
2011.04.06 17:18:12.702,1.04315,1.04332,3.23,3.22
2011.04.06 17:18:13.030,1.04315,1.04332,2.48,3.22
2011.04.06 17:18:13.855,1.04316,1.0433,2.25,1.72
2011.04.06 17:18:14.412,1.04316,1.0433,1.50,1.72
2011.04.06 17:18:15.180,1.04317,1.0433,1.50,1.72
2011.04.06 17:18:15.851,1.04316,1.0433,1.50,1.72
2011.04.06 17:18:16.071,1.04315,1.0433,2.55,1.72
2011.04.06 17:18:16.513,1.04321,1.04333,1.50,2.47
2011.04.06 17:18:16.740,1.04324,1.04338,1.50,3.00
2011.04.06 17:18:17.659,1.04323,1.04338,2.25,2.25
2011.04.06 17:18:18.210,1.04323,1.04338,2.25,2.25
2011.04.06 17:18:18.761,1.04319,1.04331,3.75,1.13
2011.04.06 17:18:18.985,1.04317,1.04332,2.25,3.00
2011.04.06 17:18:19.542,1.04316,1.04333,2.25,2.25
2011.04.06 17:18:19.656,1.04316,1.04332,1.50,1.65
2011.04.06 17:18:19.886,1.04314,1.04329,3.00,2.78
2011.04.06 17:18:20.113,1.0431,1.04326,2.25,1.65
2011.04.06 17:18:20.235,1.04307,1.04321,3.00,1.13
2011.04.06 17:18:20.466,1.04304,1.04321,3.00,1.13
2011.04.06 17:18:21.242,1.04307,1.04323,3.00,1.50
2011.04.06 17:18:21.351,1.04309,1.04325,1.13,3.00
2011.04.06 17:18:21.901,1.04309,1.04328,1.50,3.97
2011.04.06 17:18:22.340,1.04309,1.04327,1.50,1.72
2011.04.06 17:18:23.360,1.04309,1.04327,1.50,1.72
2011.04.06 17:18:23.909,1.04309,1.04325,1.50,1.65
2011.04.06 17:18:27.167,1.04308,1.04325,1.50,1.65
2011.04.06 17:18:28.100,1.04307,1.04325,2.25,1.50
2011.04.06 17:18:30.880,1.04308,1.04326,1.50,1.87
2011.04.06 17:18:31.215,1.0431,1.04327,1.58,3.59
2011.04.06 17:18:31.553,1.04314,1.04331,1.58,3.59
2011.04.06 17:18:31.999,1.04312,1.04331,4.43,4.34
2011.04.06 17:18:32.332,1.04312,1.04331,2.93,4.34
2011.04.06 17:18:32.661,1.04311,1.04329,2.25,1.50
2011.04.06 17:18:32.770,1.04312,1.04329,1.50,1.50
2011.04.06 17:18:33.102,1.0431,1.04329,2.25,1.72
2011.04.06 17:18:33.321,1.04312,1.04329,1.50,1.72
2011.04.06 17:18:33.653,1.0431,1.04329,2.25,3.22
2011.04.06 17:18:35.471,1.04313,1.0433,2.25,2.25
2011.04.06 17:18:35.802,1.04313,1.04326,1.50,1.13
2011.04.06 17:18:36.320,1.04315,1.04328,1.50,2.63
2011.04.06 17:18:36.440,1.04313,1.0433,3.00,1.50
2011.04.06 17:18:36.993,1.04313,1.04331,2.25,4.50
2011.04.06 17:18:37.769,1.04313,1.04331,2.25,3.15
2011.04.06 17:18:38.102,1.04313,1.04326,1.50,1.05
2011.04.06 17:18:38.210,1.0431,1.04326,3.00,1.05
2011.04.06 17:18:38.539,1.0431,1.04326,3.00,1.80
2011.04.06 17:18:39.201,1.04312,1.04326,2.25,1.50
2011.04.06 17:18:39.530,1.04314,1.0433,1.50,2.47
2011.04.06 17:18:39.750,1.04314,1.0433,1.50,2.47
2011.04.06 17:18:41.120,1.04314,1.0433,2.25,2.25
2011.04.06 17:18:41.669,1.04314,1.0433,2.25,2.25
2011.04.06 17:18:42.221,1.04314,1.0433,3.83,1.50
2011.04.06 17:18:42.552,1.0432,1.04334,1.50,4.72
2011.04.06 17:18:42.993,1.0432,1.04333,1.50,1.50
2011.04.06 17:18:43.553,1.04318,1.04334,2.25,3.75
2011.04.06 17:18:44.109,1.04318,1.04334,2.33,3.00
2011.04.06 17:18:45.040,1.04318,1.04334,2.33,3.00
2011.04.06 17:18:45.482,1.04318,1.04332,1.50,1.13
2011.04.06 17:18:46.030,1.04318,1.04331,1.50,2.63
2011.04.06 17:18:47.082,1.04318,1.04331,1.50,2.63
2011.04.06 17:18:47.630,1.04318,1.0433,1.50,1.50
2011.04.06 17:18:48.234,1.04318,1.0433,1.50,1.50
2011.04.06 17:18:50.409,1.04318,1.0433,1.50,1.50
2011.04.06 17:18:50.960,1.04318,1.0433,1.50,1.50
2011.04.06 17:18:54.059,1.04318,1.0433,1.50,1.50
2011.04.06 17:18:54.391,1.04319,1.0433,3.00,1.50
2011.04.06 17:18:54.501,1.04318,1.04333,1.50,1.50
2011.04.06 17:18:54.610,1.04318,1.04333,1.50,1.50
2011.04.06 17:18:54.831,1.04318,1.04331,1.50,1.50
2011.04.06 17:18:55.400,1.04316,1.0433,1.50,1.50
2011.04.06 17:18:56.410,1.04316,1.0433,1.50,1.50
2011.04.06 17:18:57.510,1.04316,1.0433,1.50,1.50
2011.04.06 17:18:57.842,1.04318,1.04332,1.58,2.25
2011.04.06 17:18:58.170,1.04318,1.04332,1.58,1.50
2011.04.06 17:19:05.270,1.04318,1.04333,1.50,1.50
2011.04.06 17:19:07.229,1.04319,1.04333,1.09,1.50
2011.04.06 17:19:07.453,1.0432,1.04331,1.09,1.88
2011.04.06 17:19:08.010,1.04318,1.04331,1.50,2.63
2011.04.06 17:19:14.190,1.04318,1.04331,1.50,2.63
2011.04.06 17:19:14.569,1.04315,1.0433,1.50,1.50
2011.04.06 17:19:20.820,1.04315,1.0433,1.50,3.00
2011.04.06 17:19:20.932,1.04314,1.0433,1.50,3.00
2011.04.06 17:19:21.992,1.04314,1.04328,1.50,1.50
2011.04.06 17:19:23.430,1.04314,1.04328,1.50,2.25
2011.04.06 17:19:29.821,1.04316,1.0433,2.55,3.00
2011.04.06 17:19:30.152,1.04318,1.04332,1.50,3.38
2011.04.06 17:19:30.370,1.04317,1.0433,1.58,1.50
2011.04.06 17:19:30.920,1.04315,1.0433,1.50,1.50
2011.04.06 17:19:33.271,1.04315,1.0433,1.58,1.50
2011.04.06 17:19:33.821,1.04316,1.0433,1.95,1.50
2011.04.06 17:19:34.152,1.04317,1.04332,1.58,2.25
2011.04.06 17:19:34.711,1.04317,1.04332,1.58,1.50
2011.04.06 17:19:35.151,1.04319,1.04332,1.13,1.50
2011.04.06 17:19:35.262,1.04322,1.04334,1.50,1.50
2011.04.06 17:19:35.480,1.04322,1.04336,1.50,1.50
2011.04.06 17:19:55.790,1.04323,1.0434,1.50,1.50
2011.04.06 17:20:02.159,1.04323,1.0434,1.50,1.50
2011.04.06 17:20:02.710,1.04323,1.04339,1.50,1.50
2011.04.06 17:20:06.979,1.04323,1.0434,2.25,3.00
2011.04.06 17:20:09.277,1.04323,1.0434,2.25,3.00
2011.04.06 17:20:29.981,1.04322,1.04337,3.00,1.50
2011.04.06 17:20:30.663,1.04322,1.04337,2.25,1.50
2011.04.06 17:20:31.259,1.04322,1.04337,3.75,1.50
2011.04.06 17:20:47.148,1.04325,1.04339,1.50,2.25
2011.04.06 17:20:47.700,1.04324,1.04339,1.50,2.25
2011.04.06 17:20:48.581,1.04325,1.04339,1.50,2.25
2011.04.06 17:20:49.349,1.04324,1.04339,1.50,2.25
2011.04.06 17:20:53.638,1.04325,1.04339,1.50,2.25
2011.04.06 17:20:56.274,1.04324,1.04339,1.50,2.25
2011.04.06 17:20:56.829,1.04325,1.04339,1.50,2.25
2011.04.06 17:20:57.739,1.04324,1.04339,1.50,2.25
2011.04.06 17:20:58.412,1.04324,1.04339,1.50,2.25
2011.04.06 17:20:59.469,1.04323,1.04339,2.25,2.25
2011.04.06 17:21:00.342,1.04324,1.04339,1.50,2.25
2011.04.06 17:21:00.899,1.04323,1.04339,2.25,2.25
2011.04.06 17:21:01.402,1.04324,1.04339,1.50,2.25
2011.04.06 17:21:02.029,1.04324,1.04339,1.50,2.25
2011.04.06 17:21:03.308,1.04323,1.04339,3.00,2.25
2011.04.06 17:21:04.726,1.04324,1.04339,1.50,2.25
2011.04.06 17:21:05.949,1.04323,1.04339,2.25,2.25
2011.04.06 17:21:06.722,1.04323,1.04339,2.48,2.25
2011.04.06 17:21:07.268,1.04323,1.04339,1.50,2.25
2011.04.06 17:21:08.272,1.04322,1.04337,1.50,1.13
2011.04.06 17:21:08.491,1.04322,1.04337,1.50,4.13
2011.04.06 17:21:15.240,1.04323,1.04337,1.50,3.38
2011.04.06 17:21:15.759,1.04322,1.04339,2.25,2.25
2011.04.06 17:21:25.098,1.04322,1.04339,2.25,2.25
2011.04.06 17:21:26.139,1.04322,1.04339,1.50,2.25
2011.04.06 17:21:28.950,1.04321,1.04339,1.50,2.25
2011.04.06 17:21:47.861,1.04321,1.04338,2.25,1.50
2011.04.06 17:21:48.411,1.04316,1.04332,1.50,4.13
2011.04.06 17:21:48.521,1.04314,1.04332,1.13,4.13
2011.04.06 17:21:50.877,1.04314,1.04332,1.13,4.13
2011.04.06 17:21:51.850,1.04314,1.04332,1.13,4.13
2011.04.06 17:21:52.510,1.04313,1.04332,3.00,4.13
2011.04.06 17:21:53.199,1.04313,1.04332,3.00,4.13
2011.04.06 17:21:54.082,1.04313,1.04332,3.00,5.63
2011.04.06 17:21:54.970,1.04313,1.04332,3.00,5.63
2011.04.06 17:21:55.740,1.04316,1.04332,1.13,4.13
2011.04.06 17:21:57.620,1.04316,1.04332,1.13,4.13
2011.04.06 17:21:59.462,1.04316,1.04332,1.13,4.13
2011.04.06 17:22:00.030,1.04315,1.04331,1.13,1.50
2011.04.06 17:22:02.791,1.04315,1.04332,1.13,4.13
2011.04.06 17:22:03.341,1.04315,1.04332,1.13,3.38
2011.04.06 17:22:04.301,1.04315,1.04332,1.13,4.13
2011.04.06 17:22:04.851,1.04316,1.04332,1.13,4.13
2011.04.06 17:22:10.693,1.04316,1.04332,1.13,4.13
2011.04.06 17:22:13.453,1.04315,1.04332,1.13,4.13
2011.04.06 17:22:14.651,1.04315,1.04332,1.13,4.13
2011.04.06 17:22:16.116,1.04316,1.04332,1.13,4.13
2011.04.06 17:22:17.650,1.04316,1.04332,1.13,4.13
2011.04.06 17:22:17.980,1.04315,1.04332,1.13,4.13
2011.04.06 17:22:18.530,1.04316,1.04332,1.13,4.13
2011.04.06 17:22:25.464,1.04317,1.04334,1.50,1.72
2011.04.06 17:22:26.129,1.04317,1.04334,1.50,1.34
2011.04.06 17:22:29.478,1.04317,1.04334,1.50,4.34
2011.04.06 17:22:29.810,1.04317,1.04333,1.50,2.09
2011.04.06 17:22:30.360,1.04317,1.04333,1.50,1.34
2011.04.06 17:22:33.581,1.04317,1.04333,1.50,1.34
2011.04.06 17:22:34.130,1.04317,1.04333,1.50,1.34
2011.04.06 17:22:34.461,1.04317,1.04334,1.50,1.72
2011.04.06 17:22:36.741,1.04315,1.04334,1.13,2.09
2011.04.06 17:22:37.081,1.04315,1.04332,1.13,6.59
2011.04.06 17:22:37.192,1.04314,1.04331,1.50,1.72
2011.04.06 17:22:37.740,1.04314,1.04331,1.50,1.72
2011.04.06 17:22:42.421,1.04314,1.04332,1.13,6.22
2011.04.06 17:22:42.750,1.04314,1.04332,1.88,1.72
2011.04.06 17:22:43.853,1.04314,1.04332,1.88,2.47
2011.04.06 17:22:55.652,1.04315,1.04332,1.13,5.84
2011.04.06 17:22:57.062,1.04314,1.04331,1.50,1.34
2011.04.06 17:22:57.280,1.04314,1.04331,1.50,1.34
2011.04.06 17:22:57.830,1.04314,1.04331,1.50,1.34
2011.04.06 17:23:01.560,1.04315,1.04332,1.50,3.97
2011.04.06 17:23:03.182,1.04315,1.04331,1.50,1.34
2011.04.06 17:23:03.730,1.04313,1.04331,2.25,1.72
2011.04.06 17:23:04.258,1.04313,1.04331,1.50,1.72
2011.04.06 17:23:07.121,1.04313,1.04331,1.50,1.72
2011.04.06 17:23:45.551,1.04313,1.04331,1.50,2.47
2011.04.06 17:23:47.870,1.04314,1.04331,1.50,2.09
2011.04.06 17:23:48.495,1.04314,1.04331,2.25,3.59
2011.04.06 17:23:49.613,1.04316,1.04332,2.07,4.88
2011.04.06 17:23:49.951,1.04321,1.04335,1.13,1.72
2011.04.06 17:23:50.063,1.04321,1.04335,1.13,1.72
2011.04.06 17:23:50.506,1.04324,1.04336,1.50,1.50
2011.04.06 17:23:50.843,1.04327,1.04337,1.50,1.50
2011.04.06 17:23:51.061,1.04327,1.04343,1.50,2.25
2011.04.06 17:23:51.780,1.04327,1.04343,1.50,2.25
2011.04.06 17:23:52.234,1.04332,1.04347,2.25,3.00
2011.04.06 17:23:52.351,1.04333,1.04347,2.25,2.25
2011.04.06 17:23:52.575,1.04334,1.04351,1.50,5.09
2011.04.06 17:23:52.693,1.04333,1.04351,1.50,3.59
2011.04.06 17:23:58.330,1.04333,1.04351,2.25,1.13
2011.04.06 17:23:59.320,1.04333,1.04351,2.63,1.13
2011.04.06 17:24:01.521,1.04333,1.04351,2.63,1.13
2011.04.06 17:24:02.029,1.04333,1.04351,3.38,1.13
2011.04.06 17:24:10.115,1.04332,1.04349,2.25,1.50
2011.04.06 17:24:10.672,1.04332,1.04346,1.50,1.50
2011.04.06 17:24:11.002,1.04333,1.04351,1.50,2.84
2011.04.06 17:24:15.723,1.04332,1.04344,1.50,1.13
2011.04.06 17:24:15.941,1.04327,1.04342,2.25,1.50
2011.04.06 17:24:16.054,1.04327,1.04338,2.25,1.50
2011.04.06 17:24:16.172,1.04323,1.04338,1.95,1.50
2011.04.06 17:24:16.281,1.04323,1.04338,1.95,1.50
2011.04.06 17:24:17.492,1.04322,1.0434,2.25,2.03
2011.04.06 17:24:18.284,1.04323,1.0434,1.50,1.50
2011.04.06 17:24:20.054,1.0432,1.04337,2.25,1.88
2011.04.06 17:24:20.610,1.0432,1.04337,1.88,3.38
2011.04.06 17:24:27.120,1.04321,1.04337,1.50,3.38
2011.04.06 17:24:27.452,1.04319,1.04336,1.50,2.93
2011.04.06 17:24:27.783,1.04317,1.04332,1.50,3.38
2011.04.06 17:24:28.013,1.04317,1.04332,1.50,3.38
2011.04.06 17:24:28.571,1.04315,1.04332,1.50,4.13
2011.04.06 17:24:40.611,1.04315,1.04332,1.50,4.13
2011.04.06 17:24:43.353,1.04315,1.04332,1.50,4.88
2011.04.06 17:24:43.685,1.04314,1.0433,1.50,2.78
2011.04.06 17:24:44.272,1.04313,1.04331,3.00,1.72
2011.04.06 17:24:46.171,1.04313,1.04332,1.50,6.59
2011.04.06 17:24:46.392,1.04313,1.04332,1.50,5.63
2011.04.06 17:24:49.643,1.04313,1.04332,2.25,4.88
2011.04.06 17:24:50.631,1.04317,1.04334,1.50,2.47
2011.04.06 17:24:52.724,1.04316,1.04332,1.50,1.88
2011.04.06 17:24:54.270,1.04314,1.04332,2.25,2.84
2011.04.06 17:24:54.600,1.04314,1.04332,2.25,2.84
2011.04.06 17:24:55.262,1.04314,1.04332,2.25,2.84
2011.04.06 17:25:00.430,1.04314,1.04332,1.50,2.84
2011.04.06 17:25:00.980,1.04314,1.04332,1.50,2.84
2011.04.06 17:25:02.630,1.04314,1.04332,1.50,3.59
2011.04.06 17:25:18.280,1.04314,1.04331,1.50,1.72
2011.04.06 17:25:20.921,1.04314,1.04331,1.50,1.72
2011.04.06 17:25:31.500,1.04314,1.04331,1.50,1.72
2011.04.06 17:25:31.830,1.04314,1.04331,1.50,1.72
2011.04.06 17:25:34.745,1.04313,1.04332,2.25,2.09
2011.04.06 17:25:36.144,1.04314,1.04331,1.50,1.72
2011.04.06 17:25:36.370,1.04314,1.04331,1.50,1.72
2011.04.06 17:25:47.392,1.04313,1.04332,2.25,2.09
2011.04.06 17:25:48.051,1.04314,1.04332,1.50,2.09
2011.04.06 17:25:51.280,1.04314,1.04331,1.50,1.72
2011.04.06 17:25:52.131,1.04313,1.04331,1.50,2.47
2011.04.06 17:25:52.900,1.04314,1.0433,1.50,1.72
2011.04.06 17:25:53.450,1.04313,1.0433,1.50,1.72
2011.04.06 17:25:54.001,1.04313,1.04331,2.25,2.47
2011.04.06 17:25:54.550,1.04313,1.04329,1.50,1.50
2011.04.06 17:25:57.220,1.04313,1.0433,2.25,1.72
2011.04.06 17:25:58.501,1.04313,1.0433,1.50,1.72
2011.04.06 17:25:58.610,1.04313,1.0433,1.50,1.72
2011.04.06 17:26:02.129,1.04313,1.0433,2.25,1.72
2011.04.06 17:26:02.349,1.04313,1.0433,2.25,1.72
2011.04.06 17:26:03.460,1.04313,1.0433,1.50,1.72
2011.04.06 17:26:05.050,1.04313,1.0433,1.50,1.50
2011.04.06 17:26:09.970,1.04313,1.04331,1.50,1.50
2011.04.06 17:26:24.400,1.04313,1.04332,3.75,2.63
2011.04.06 17:26:24.950,1.04314,1.04332,1.50,2.63
2011.04.06 17:26:28.611,1.04313,1.04332,3.00,2.63
2011.04.06 17:26:29.160,1.04313,1.04332,3.00,2.63
2011.04.06 17:26:29.788,1.04314,1.04332,1.50,2.63
2011.04.06 17:26:32.501,1.04314,1.04332,2.25,1.88
2011.04.06 17:26:32.832,1.04316,1.04332,4.47,1.50
2011.04.06 17:26:32.943,1.04316,1.04335,3.15,1.50
2011.04.06 17:26:33.493,1.04316,1.04335,3.75,3.00
2011.04.06 17:26:35.811,1.04316,1.04335,1.50,2.25
2011.04.06 17:26:38.983,1.04316,1.04331,1.50,1.13
2011.04.06 17:26:39.313,1.04316,1.04331,1.50,1.88
2011.04.06 17:26:40.851,1.04314,1.04331,2.25,1.88
2011.04.06 17:26:40.960,1.04314,1.04331,2.25,1.88
2011.04.06 17:26:43.533,1.04314,1.04331,1.50,1.88
2011.04.06 17:26:43.642,1.04312,1.0433,2.63,1.50
2011.04.06 17:26:45.623,1.04313,1.0433,1.50,1.50
2011.04.06 17:26:46.941,1.04312,1.04327,3.00,1.50
2011.04.06 17:26:51.672,1.04312,1.04326,1.50,1.50
2011.04.06 17:26:52.004,1.04308,1.04325,3.38,1.50
2011.04.06 17:26:52.224,1.04308,1.04321,3.38,1.50
2011.04.06 17:26:52.452,1.04305,1.0432,3.00,1.50
2011.04.06 17:26:52.672,1.04304,1.0432,2.25,1.50
2011.04.06 17:26:53.261,1.04303,1.0432,1.50,1.50
2011.04.06 17:26:54.141,1.04303,1.04321,1.50,2.63
2011.04.06 17:26:54.582,1.04303,1.0432,1.50,1.50
2011.04.06 17:26:54.802,1.04303,1.0432,1.50,1.50
2011.04.06 17:26:55.132,1.04303,1.04321,1.50,1.88
2011.04.06 17:26:55.681,1.04304,1.04322,2.40,1.50
2011.04.06 17:26:56.233,1.04304,1.04317,1.65,1.13
2011.04.06 17:26:56.559,1.04302,1.04315,3.00,1.35
2011.04.06 17:26:58.672,1.04292,1.04308,2.25,1.50
2011.04.06 17:26:58.895,1.04292,1.04306,1.50,1.50
2011.04.06 17:26:59.236,1.04289,1.04304,1.88,1.50
2011.04.06 17:26:59.356,1.04287,1.04302,1.50,1.13
2011.04.06 17:26:59.473,1.04285,1.04302,3.00,1.50
2011.04.06 17:26:59.693,1.04286,1.04302,1.13,2.25
2011.04.06 17:27:00.160,1.04289,1.04305,1.50,1.72
2011.04.06 17:27:00.494,1.04289,1.04305,2.25,1.72
2011.04.06 17:27:00.725,1.04292,1.0431,1.50,1.72
2011.04.06 17:27:01.283,1.04292,1.0431,2.25,2.25
2011.04.06 17:27:01.614,1.04293,1.04311,1.50,1.72
2011.04.06 17:27:01.732,1.04295,1.04311,1.13,1.72
2011.04.06 17:27:01.954,1.04296,1.04312,2.44,3.59
2011.04.06 17:27:02.295,1.043,1.04316,3.38,1.50
2011.04.06 17:27:02.852,1.04301,1.04316,1.50,1.50
2011.04.06 17:27:03.490,1.04301,1.0432,2.25,3.22
2011.04.06 17:27:04.053,1.04302,1.0432,1.50,1.72
2011.04.06 17:27:04.382,1.04304,1.04321,1.50,1.72
2011.04.06 17:27:04.715,1.04306,1.04316,1.50,1.13
2011.04.06 17:27:04.833,1.04303,1.04314,1.50,1.50
2011.04.06 17:27:04.942,1.043,1.04314,1.50,2.25
2011.04.06 17:27:05.052,1.04299,1.04314,1.50,2.25
2011.04.06 17:27:05.162,1.04298,1.04314,1.50,2.25
2011.04.06 17:27:05.271,1.04299,1.04314,1.50,2.25
2011.04.06 17:27:05.711,1.043,1.04315,1.13,2.25
2011.04.06 17:27:06.262,1.04298,1.04314,3.00,1.50
2011.04.06 17:27:06.810,1.04298,1.04314,2.25,2.25
2011.04.06 17:27:07.142,1.04297,1.04313,2.25,1.50
2011.04.06 17:27:09.474,1.04296,1.04307,1.50,1.50
2011.04.06 17:27:09.828,1.04289,1.04305,1.50,1.50
2011.04.06 17:27:09.948,1.04287,1.04301,3.00,2.03
2011.04.06 17:27:10.504,1.04287,1.04301,2.25,3.75
2011.04.06 17:27:10.952,1.04282,1.04301,3.75,3.97
2011.04.06 17:27:11.489,1.04282,1.04298,2.25,1.50
2011.04.06 17:27:11.713,1.04282,1.04298,3.00,1.50
2011.04.06 17:27:12.271,1.04282,1.04301,3.00,2.47
2011.04.06 17:27:12.605,1.04283,1.04301,2.25,2.47
2011.04.06 17:27:12.942,1.04283,1.04301,1.50,2.47
2011.04.06 17:27:13.163,1.04284,1.04301,3.00,1.50
2011.04.06 17:27:13.722,1.04286,1.04305,1.50,5.09
2011.04.06 17:27:14.161,1.04286,1.04302,1.50,1.72
2011.04.06 17:27:14.713,1.04281,1.04297,4.42,2.25
2011.04.06 17:27:15.261,1.04281,1.04301,4.42,2.09
2011.04.06 17:27:15.814,1.04281,1.04299,1.50,1.50
2011.04.06 17:27:19.851,1.0428,1.04298,5.25,1.72
2011.04.06 17:27:20.291,1.0428,1.04299,5.25,3.37
2011.04.06 17:27:20.515,1.0428,1.04293,3.00,1.13
2011.04.06 17:27:20.745,1.04277,1.04291,1.50,1.50
2011.04.06 17:27:21.302,1.04277,1.04296,3.00,2.32
2011.04.06 17:27:24.324,1.04277,1.04296,2.25,1.72
2011.04.06 17:27:24.443,1.04278,1.04296,1.50,1.72
2011.04.06 17:27:24.991,1.0428,1.04299,3.75,2.09
2011.04.06 17:27:25.433,1.0428,1.04299,4.50,1.72
2011.04.06 17:27:25.772,1.0428,1.04299,5.25,1.72
2011.04.06 17:27:26.292,1.04282,1.04301,1.50,3.97
2011.04.06 17:27:27.391,1.04281,1.04301,3.00,3.97
2011.04.06 17:27:27.502,1.04281,1.043,1.50,1.72
2011.04.06 17:27:28.051,1.04281,1.04298,1.50,1.72
2011.04.06 17:27:30.311,1.0428,1.04299,3.00,2.09
2011.04.06 17:27:30.861,1.04281,1.043,2.25,2.09
2011.04.06 17:27:31.631,1.04282,1.04301,1.50,1.72
2011.04.06 17:27:32.722,1.04282,1.04301,1.50,1.72
2011.04.06 17:27:33.732,1.04281,1.04302,4.50,6.07
2011.04.06 17:27:34.171,1.04281,1.04302,3.00,4.57
2011.04.06 17:27:40.305,1.04282,1.04301,2.25,1.72
2011.04.06 17:27:40.752,1.04282,1.04301,2.25,1.72
2011.04.06 17:27:40.971,1.04283,1.04301,2.40,1.72
2011.04.06 17:27:41.303,1.04287,1.04301,2.25,1.50
2011.04.06 17:27:41.854,1.04291,1.0431,1.50,2.84
2011.04.06 17:27:51.071,1.04291,1.04309,2.63,1.72
2011.04.06 17:27:52.592,1.04291,1.04309,1.50,1.72
2011.04.06 17:27:53.140,1.04291,1.04309,2.63,1.72
2011.04.06 17:27:53.690,1.04291,1.04309,1.50,1.72
2011.04.06 17:27:54.243,1.04291,1.04309,2.63,1.72
2011.04.06 17:27:54.844,1.04291,1.04309,2.25,1.72
2011.04.06 17:27:55.402,1.04291,1.04309,1.50,1.72
2011.04.06 17:27:56.065,1.04291,1.04309,2.92,1.72
2011.04.06 17:27:56.689,1.04291,1.04309,1.50,1.72
2011.04.06 17:27:57.384,1.04291,1.04309,2.63,1.72
2011.04.06 17:27:58.530,1.04291,1.04309,2.25,1.72
2011.04.06 17:27:59.054,1.04291,1.04309,3.38,1.72
2011.04.06 17:27:59.900,1.04291,1.04309,3.75,1.72
2011.04.06 17:28:00.735,1.04291,1.04309,4.50,1.72
2011.04.06 17:28:01.291,1.0429,1.04309,5.25,2.09
2011.04.06 17:28:02.061,1.0429,1.04309,5.25,2.09
2011.04.06 17:28:02.613,1.0429,1.04309,6.00,2.09
2011.04.06 17:28:03.221,1.04291,1.04309,2.25,1.72
2011.04.06 17:28:03.743,1.0429,1.04309,7.50,1.72
2011.04.06 17:28:06.721,1.0429,1.04309,6.00,1.72
2011.04.06 17:28:07.311,1.0429,1.04309,4.50,1.72
2011.04.06 17:28:08.620,1.0429,1.04309,5.25,1.72
2011.04.06 17:28:09.170,1.04291,1.04309,1.50,1.72
2011.04.06 17:28:09.720,1.04291,1.04309,1.50,1.72
2011.04.06 17:28:09.832,1.04291,1.04309,1.50,1.72
2011.04.06 17:28:10.642,1.04291,1.04309,2.25,1.72
2011.04.06 17:28:13.691,1.04291,1.04309,1.50,1.72
2011.04.06 17:28:15.854,1.04292,1.04309,1.50,1.72
2011.04.06 17:28:16.606,1.04292,1.04309,1.50,1.72
2011.04.06 17:28:25.932,1.04295,1.04309,1.50,1.72
2011.04.06 17:28:26.263,1.04297,1.04313,1.50,1.50
2011.04.06 17:28:26.811,1.04295,1.04311,3.75,1.50
2011.04.06 17:28:29.212,1.04296,1.04311,1.50,1.50
2011.04.06 17:28:32.481,1.04296,1.04311,3.00,1.50
2011.04.06 17:28:34.741,1.04297,1.04311,2.25,1.50
2011.04.06 17:28:35.294,1.04297,1.04311,2.17,1.50
2011.04.06 17:28:35.887,1.04296,1.04311,3.00,1.50
2011.04.06 17:28:36.001,1.04296,1.04311,3.00,1.50
2011.04.06 17:28:37.482,1.04296,1.04311,3.00,1.50
2011.04.06 17:28:37.932,1.043,1.04311,1.50,1.50
2011.04.06 17:28:38.971,1.04299,1.04311,1.50,1.50
2011.04.06 17:28:40.103,1.043,1.04311,1.50,1.50
2011.04.06 17:28:40.654,1.04299,1.04311,1.50,1.50
2011.04.06 17:28:42.410,1.043,1.04311,1.50,1.50
2011.04.06 17:28:45.224,1.04299,1.04311,1.50,1.50
2011.04.06 17:28:47.744,1.043,1.04311,1.50,1.50
2011.04.06 17:28:47.962,1.04297,1.04311,2.92,1.50
2011.04.06 17:28:51.661,1.04296,1.04311,3.67,1.50
2011.04.06 17:28:52.980,1.04296,1.04311,3.67,1.50
2011.04.06 17:28:53.312,1.04298,1.04314,1.50,2.25
2011.04.06 17:28:53.423,1.04298,1.04314,1.88,2.25
2011.04.06 17:28:54.207,1.043,1.04318,3.75,1.72
2011.04.06 17:28:54.870,1.043,1.04318,3.38,1.72
2011.04.06 17:28:55.421,1.043,1.0432,4.13,2.84
2011.04.06 17:28:56.080,1.043,1.0432,4.13,2.84
2011.04.06 17:28:56.691,1.043,1.04319,4.13,1.72
2011.04.06 17:28:58.128,1.043,1.04319,4.13,1.72
2011.04.06 17:28:58.572,1.043,1.04319,4.13,1.72
2011.04.06 17:28:59.801,1.043,1.04319,5.25,1.72
2011.04.06 17:29:00.350,1.043,1.04318,4.50,1.72
2011.04.06 17:29:00.901,1.04301,1.04318,1.50,1.72
2011.04.06 17:29:02.121,1.043,1.04318,5.25,1.72
2011.04.06 17:29:02.705,1.04301,1.04318,1.50,1.72
2011.04.06 17:29:03.611,1.04301,1.0432,2.17,2.84
2011.04.06 17:29:04.160,1.043,1.04318,5.92,1.72
2011.04.06 17:29:04.712,1.043,1.04318,5.92,1.72
2011.04.06 17:29:05.932,1.04304,1.04318,1.50,1.72
2011.04.06 17:29:06.705,1.04303,1.04316,1.50,1.50
2011.04.06 17:29:07.425,1.04303,1.04317,1.50,1.50
2011.04.06 17:29:07.981,1.04303,1.04318,1.50,1.72
2011.04.06 17:29:09.853,1.04304,1.04319,1.50,1.72
2011.04.06 17:29:13.413,1.04306,1.04322,2.07,2.84
2011.04.06 17:29:13.525,1.04308,1.04323,1.50,1.72
2011.04.06 17:29:13.754,1.04309,1.04325,1.50,1.72
2011.04.06 17:29:13.875,1.0431,1.04327,3.38,3.22
2011.04.06 17:29:13.992,1.04311,1.04327,1.50,1.50
2011.04.06 17:29:16.811,1.04311,1.04327,1.88,1.50
2011.04.06 17:29:17.363,1.04311,1.04327,1.50,1.50
2011.04.06 17:29:17.913,1.04311,1.04327,3.38,1.50
2011.04.06 17:29:18.464,1.04311,1.0433,2.25,2.47
2011.04.06 17:29:18.582,1.04312,1.0433,2.25,2.47
2011.04.06 17:29:19.132,1.04311,1.04327,3.67,1.50
2011.04.06 17:29:19.683,1.04312,1.0433,1.50,1.72
2011.04.06 17:29:20.272,1.04312,1.0433,2.25,1.72
2011.04.06 17:29:20.821,1.04312,1.0433,2.25,1.72
2011.04.06 17:29:21.173,1.04312,1.0433,1.50,1.72
2011.04.06 17:29:22.541,1.04312,1.0433,2.25,1.72
2011.04.06 17:29:23.581,1.04312,1.0433,1.50,1.72
2011.04.06 17:29:25.111,1.04311,1.0433,3.00,1.72
2011.04.06 17:29:25.553,1.04313,1.0433,1.50,1.72
2011.04.06 17:29:26.451,1.04311,1.0433,3.75,1.72
2011.04.06 17:29:27.991,1.04313,1.0433,1.50,1.72
2011.04.06 17:29:28.711,1.04311,1.0433,3.00,2.47
2011.04.06 17:29:29.811,1.04312,1.0433,1.50,2.47
2011.04.06 17:29:30.641,1.04313,1.0433,1.50,2.47
2011.04.06 17:29:31.242,1.04312,1.0433,1.50,2.47
2011.04.06 17:29:32.352,1.04311,1.0433,3.00,1.72
2011.04.06 17:29:33.111,1.04311,1.0433,4.13,1.72
2011.04.06 17:29:33.550,1.04311,1.0433,3.00,1.72
2011.04.06 17:29:34.432,1.04311,1.0433,4.13,1.72
2011.04.06 17:29:34.932,1.04311,1.0433,3.00,1.72
2011.04.06 17:29:36.607,1.04311,1.0433,4.13,1.72
2011.04.06 17:29:36.943,1.04311,1.04327,1.50,1.88
2011.04.06 17:29:37.382,1.04312,1.04328,2.25,1.50
2011.04.06 17:29:38.893,1.04312,1.04331,3.75,1.72
2011.04.06 17:29:39.331,1.04312,1.04331,2.25,1.72
2011.04.06 17:29:41.120,1.04312,1.04326,1.50,1.50
2011.04.06 17:29:56.032,1.04312,1.0433,1.50,1.72
2011.04.06 17:29:56.772,1.04311,1.0433,2.25,1.72
2011.04.06 17:29:57.101,1.04312,1.0433,1.50,1.72
2011.04.06 17:29:58.194,1.04312,1.0433,1.50,1.72
2011.04.06 17:30:00.642,1.0431,1.04328,2.25,1.72
2011.04.06 17:30:02.073,1.04309,1.04326,3.38,1.50
2011.04.06 17:30:02.512,1.0431,1.04328,3.75,2.09
2011.04.06 17:30:03.363,1.0431,1.04328,3.75,2.09
2011.04.06 17:30:04.810,1.04311,1.04328,1.50,1.72
2011.04.06 17:30:13.910,1.04311,1.04328,2.25,1.72
2011.04.06 17:30:14.415,1.04311,1.04328,3.38,1.72
2011.04.06 17:30:15.622,1.04312,1.04331,2.25,2.84
2011.04.06 17:30:15.951,1.04314,1.04331,2.25,1.72
2011.04.06 17:30:16.504,1.04313,1.04332,1.50,3.59
2011.04.06 17:30:17.051,1.04313,1.04332,1.50,3.59
2011.04.06 17:30:20.700,1.04311,1.04332,4.13,3.59
2011.04.06 17:30:21.250,1.04312,1.04332,2.25,3.59
2011.04.06 17:30:23.961,1.04312,1.04332,1.50,3.59
2011.04.06 17:30:25.092,1.04312,1.04332,3.22,2.84
2011.04.06 17:30:25.941,1.04312,1.04331,2.33,2.47
2011.04.06 17:30:26.051,1.04311,1.04331,2.70,2.47
2011.04.06 17:30:26.775,1.04312,1.04331,1.61,2.47
2011.04.06 17:30:30.112,1.04313,1.04331,1.58,1.72
2011.04.06 17:30:30.331,1.04312,1.04331,1.50,1.72
2011.04.06 17:30:32.102,1.04313,1.04332,1.50,3.59
2011.04.06 17:30:33.121,1.04312,1.04331,1.50,1.72
2011.04.06 17:30:42.292,1.0431,1.04327,3.75,1.50
2011.04.06 17:30:45.672,1.04314,1.04331,1.50,3.97
2011.04.06 17:30:46.113,1.04315,1.04331,2.25,1.72
2011.04.06 17:30:46.991,1.04315,1.04331,2.25,2.47
2011.04.06 17:30:47.541,1.04315,1.04327,2.25,1.24
2011.04.06 17:30:47.983,1.04315,1.04326,2.25,1.24
2011.04.06 17:30:48.208,1.04315,1.04327,2.25,1.24
2011.04.06 17:30:48.324,1.04311,1.04327,1.88,1.24
2011.04.06 17:30:48.883,1.04312,1.04326,1.50,1.24
2011.04.06 17:30:49.104,1.04312,1.04327,1.50,1.24
2011.04.06 17:30:49.682,1.04311,1.04331,2.25,1.34
2011.04.06 17:31:25.472,1.04312,1.0433,1.50,2.47
2011.04.06 17:31:25.692,1.04311,1.0433,2.25,2.47
2011.04.06 17:31:31.212,1.04313,1.04331,1.50,4.34
2011.04.06 17:31:32.032,1.04312,1.04331,3.00,4.34
2011.04.06 17:31:33.441,1.04312,1.04331,2.25,5.09
2011.04.06 17:31:33.993,1.04312,1.04329,3.00,2.47
2011.04.06 17:31:35.241,1.04312,1.04329,2.25,2.47
2011.04.06 17:31:35.903,1.04312,1.04329,3.00,2.47
2011.04.06 17:31:36.452,1.04312,1.04329,1.50,2.47
2011.04.06 17:31:45.181,1.04312,1.0433,1.50,2.47
2011.04.06 17:31:47.291,1.04312,1.0433,1.50,3.22
2011.04.06 17:31:48.912,1.0431,1.04329,3.00,2.47
2011.04.06 17:31:51.612,1.04309,1.04328,2.63,2.47
2011.04.06 17:31:52.161,1.04309,1.04328,2.63,3.22
2011.04.06 17:31:53.156,1.04308,1.04325,3.00,4.13
2011.04.06 17:31:53.383,1.04306,1.04324,1.50,1.13
2011.04.06 17:31:54.025,1.04307,1.04325,1.88,4.34
2011.04.06 17:31:54.802,1.04309,1.04325,1.50,1.50
2011.04.06 17:31:54.921,1.04309,1.04328,1.88,1.72
2011.04.06 17:31:58.761,1.04309,1.04328,2.63,1.72
2011.04.06 17:31:59.311,1.04309,1.04328,1.88,1.72
2011.04.06 17:31:59.891,1.04309,1.04328,2.63,1.72
2011.04.06 17:32:00.552,1.04309,1.04328,1.88,1.72
2011.04.06 17:32:01.101,1.04309,1.04328,2.63,1.72
2011.04.06 17:32:01.881,1.04309,1.04328,1.88,1.72
2011.04.06 17:32:06.084,1.0431,1.04328,2.25,1.72
2011.04.06 17:32:12.599,1.04311,1.04329,3.00,1.72
2011.04.06 17:32:14.582,1.04314,1.04331,1.50,4.34
2011.04.06 17:32:17.263,1.04313,1.04331,2.25,2.47
2011.04.06 17:32:17.932,1.04311,1.0433,3.00,2.25
2011.04.06 17:32:20.405,1.04312,1.0433,1.13,2.25
2011.04.06 17:32:20.634,1.04312,1.04331,4.13,3.22
2011.04.06 17:32:20.754,1.04312,1.04331,3.75,2.84
2011.04.06 17:32:20.875,1.04312,1.04331,5.25,2.09
2011.04.06 17:32:21.432,1.04311,1.0433,1.50,1.50
2011.04.06 17:32:22.653,1.04312,1.0433,1.13,1.50
2011.04.06 17:32:22.763,1.04314,1.04332,1.13,3.22
2011.04.06 17:32:22.981,1.04313,1.04332,3.38,2.47
2011.04.06 17:32:23.311,1.04313,1.04332,3.38,2.47
2011.04.06 17:32:23.861,1.04313,1.04332,3.38,2.47
2011.04.06 17:32:24.891,1.04313,1.04332,4.13,2.47
2011.04.06 17:32:25.575,1.04313,1.04332,3.38,2.47
2011.04.06 17:32:26.132,1.04313,1.04331,3.00,1.34
2011.04.06 17:32:26.681,1.04311,1.0433,3.75,2.25
2011.04.06 17:32:29.614,1.04311,1.0433,3.00,2.25
2011.04.06 17:32:31.621,1.04311,1.0433,3.00,2.25
2011.04.06 17:32:31.735,1.04314,1.0433,1.13,2.25
2011.04.06 17:32:31.961,1.04313,1.04332,1.88,2.47
2011.04.06 17:32:38.301,1.04314,1.04332,1.13,2.84
2011.04.06 17:32:39.302,1.04314,1.04332,1.13,2.84
2011.04.06 17:32:40.180,1.04314,1.04332,1.13,2.84
2011.04.06 17:32:45.961,1.04313,1.04332,1.13,2.47
2011.04.06 17:32:52.031,1.04312,1.04333,7.04,4.34
2011.04.06 17:32:52.911,1.04312,1.04333,4.88,4.34
2011.04.06 17:32:57.737,1.04312,1.04331,3.00,2.09
2011.04.06 17:32:58.074,1.04308,1.04324,1.50,1.88
2011.04.06 17:32:58.293,1.04307,1.04324,2.10,1.50
2011.04.06 17:32:59.894,1.04307,1.04324,1.35,1.50
2011.04.06 17:33:00.005,1.04313,1.04328,2.63,3.07
2011.04.06 17:33:00.343,1.04311,1.04328,1.50,1.50
2011.04.06 17:33:00.562,1.04309,1.04328,3.00,1.50
2011.04.06 17:33:05.649,1.0431,1.04329,2.25,3.22
2011.04.06 17:33:11.722,1.0431,1.04329,1.50,2.47
2011.04.06 17:33:13.340,1.0431,1.04329,1.50,2.47
2011.04.06 17:33:15.482,1.0431,1.04329,1.50,3.22
2011.04.06 17:33:25.192,1.04309,1.04325,1.50,1.50
2011.04.06 17:33:25.413,1.04309,1.04325,2.25,1.50
2011.04.06 17:33:29.152,1.04307,1.04325,1.50,1.50
2011.04.06 17:33:29.701,1.04308,1.04325,1.50,1.50
2011.04.06 17:33:30.252,1.04308,1.04325,1.50,1.50
2011.04.06 17:33:33.102,1.04308,1.04324,1.50,2.25
2011.04.06 17:33:33.321,1.04307,1.04324,2.25,2.25
2011.04.06 17:33:33.871,1.04308,1.04324,1.50,1.50
2011.04.06 17:33:35.341,1.04306,1.04323,1.88,1.50
2011.04.06 17:33:35.452,1.04306,1.04323,1.50,1.50
2011.04.06 17:33:36.020,1.04303,1.04317,2.25,1.50
2011.04.06 17:33:36.243,1.043,1.04317,2.25,1.50
2011.04.06 17:33:36.685,1.043,1.04317,1.58,1.50
2011.04.06 17:33:37.241,1.043,1.04317,1.95,2.47
2011.04.06 17:33:37.576,1.04304,1.04319,1.20,1.72
2011.04.06 17:33:37.693,1.04304,1.04322,1.20,3.97
2011.04.06 17:33:38.241,1.04304,1.04322,1.20,1.72
2011.04.06 17:33:40.912,1.04304,1.0432,1.20,1.50
2011.04.06 17:33:41.023,1.04304,1.0432,1.20,1.50
2011.04.06 17:33:41.242,1.04304,1.0432,1.20,1.50
2011.04.06 17:33:41.791,1.04304,1.0432,1.20,1.50
2011.04.06 17:33:42.371,1.04303,1.0432,1.95,1.50
2011.04.06 17:33:42.920,1.04304,1.04321,1.20,1.72
2011.04.06 17:33:43.364,1.04302,1.04318,3.38,1.72
2011.04.06 17:33:43.473,1.04302,1.04318,3.00,1.72
2011.04.06 17:33:43.848,1.043,1.04317,1.13,1.50
2011.04.06 17:33:44.433,1.04299,1.04318,2.25,3.22
2011.04.06 17:33:44.991,1.043,1.04318,1.13,4.72
2011.04.06 17:33:45.603,1.04299,1.04318,2.25,4.72
2011.04.06 17:33:45.933,1.04299,1.04316,1.13,2.09
2011.04.06 17:33:46.043,1.043,1.04316,1.13,2.09
2011.04.06 17:33:46.552,1.04299,1.04316,1.13,2.09
2011.04.06 17:33:46.883,1.04297,1.04313,2.25,1.50
2011.04.06 17:33:46.994,1.04297,1.04312,1.50,1.88
2011.04.06 17:33:47.211,1.04294,1.04312,2.25,2.63
2011.04.06 17:33:47.543,1.04292,1.0431,2.25,2.25
2011.04.06 17:33:48.091,1.04292,1.0431,1.50,2.25
2011.04.06 17:33:48.423,1.04295,1.04312,2.25,3.59
2011.04.06 17:33:48.751,1.04295,1.04312,1.50,3.59
2011.04.06 17:33:49.745,1.04289,1.04306,1.13,1.88
2011.04.06 17:33:50.312,1.04288,1.04304,1.50,2.25
2011.04.06 17:33:51.684,1.04287,1.04304,1.50,3.00
2011.04.06 17:33:51.903,1.04285,1.04304,2.25,3.22
2011.04.06 17:33:53.134,1.04285,1.04302,1.50,1.50
2011.04.06 17:33:56.107,1.04285,1.04302,1.50,2.25
2011.04.06 17:33:56.229,1.04284,1.04302,3.75,5.63
2011.04.06 17:33:57.772,1.04284,1.04302,3.00,4.13
2011.04.06 17:33:58.104,1.04288,1.04302,1.50,3.00
2011.04.06 17:33:58.651,1.04287,1.04304,1.50,2.47
2011.04.06 17:33:59.204,1.04289,1.04306,2.63,2.25
2011.04.06 17:33:59.780,1.04289,1.04306,3.38,2.25
2011.04.06 17:33:59.890,1.04289,1.04306,2.63,2.25
2011.04.06 17:34:07.532,1.0429,1.04306,1.50,2.25
2011.04.06 17:34:08.038,1.0429,1.04306,1.50,2.25
2011.04.06 17:34:10.081,1.0429,1.04308,1.50,2.47
2011.04.06 17:34:12.162,1.0429,1.04308,1.50,2.47
2011.04.06 17:34:12.742,1.04291,1.04308,2.25,2.47
2011.04.06 17:34:13.762,1.04291,1.04308,1.50,2.47
2011.04.06 17:34:15.501,1.04291,1.04308,1.50,2.47
2011.04.06 17:34:15.831,1.0429,1.04308,2.25,2.47
2011.04.06 17:34:18.253,1.0429,1.04308,1.50,2.47
2011.04.06 17:34:18.801,1.0429,1.04307,3.00,2.47
2011.04.06 17:34:19.342,1.0429,1.04309,2.25,3.59
2011.04.06 17:34:19.453,1.0429,1.04309,2.25,3.59
2011.04.06 17:34:24.222,1.0429,1.04309,2.25,2.47
2011.04.06 17:34:24.332,1.0429,1.04306,1.50,2.25
2011.04.06 17:34:24.663,1.0429,1.04306,2.10,2.25
2011.04.06 17:34:24.882,1.0429,1.04306,1.50,2.25
2011.04.06 17:34:26.022,1.0429,1.04306,1.50,2.25
2011.04.06 17:34:29.764,1.0429,1.04306,1.50,2.25
2011.04.06 17:34:30.334,1.0429,1.04306,1.50,2.25
2011.04.06 17:34:31.092,1.04291,1.04309,1.50,2.47
2011.04.06 17:34:31.492,1.04293,1.04311,3.00,2.84
2011.04.06 17:34:31.603,1.04296,1.04311,1.50,2.63
2011.04.06 17:34:31.938,1.04302,1.04314,2.25,2.47
2011.04.06 17:34:32.166,1.04302,1.04318,3.00,2.25
2011.04.06 17:34:32.942,1.04303,1.04315,2.25,2.25
2011.04.06 17:34:33.602,1.04305,1.0432,1.50,2.47
2011.04.06 17:34:33.714,1.04305,1.0432,1.50,2.47
2011.04.06 17:34:34.042,1.04305,1.04322,1.50,2.47
2011.04.06 17:34:34.262,1.04306,1.04322,1.50,2.47
2011.04.06 17:34:34.486,1.0431,1.04324,1.88,2.47
2011.04.06 17:34:35.042,1.04311,1.04329,1.50,3.22
2011.04.06 17:34:36.066,1.04312,1.04329,1.50,2.47
2011.04.06 17:34:36.734,1.04314,1.04329,1.50,2.25
2011.04.06 17:34:37.404,1.04311,1.0433,3.00,3.22
2011.04.06 17:34:37.953,1.04311,1.0433,1.50,3.22
2011.04.06 17:34:38.172,1.0431,1.0433,3.00,3.22
2011.04.06 17:34:50.662,1.04311,1.04327,1.88,2.25
2011.04.06 17:34:51.171,1.04311,1.04327,2.25,2.25
2011.04.06 17:34:51.711,1.04311,1.04327,1.50,2.25
2011.04.06 17:34:51.931,1.0431,1.04327,3.00,2.25
2011.04.06 17:34:52.445,1.0431,1.04327,2.25,2.25
2011.04.06 17:34:53.183,1.0431,1.04327,3.38,2.25
2011.04.06 17:34:53.512,1.0431,1.04327,2.25,2.25
2011.04.06 17:34:54.302,1.04311,1.04327,1.50,2.25
2011.04.06 17:34:54.414,1.04312,1.04329,1.50,2.25
2011.04.06 17:34:57.771,1.04314,1.04329,1.50,2.25
2011.04.06 17:34:58.321,1.04314,1.04329,1.50,2.25
2011.04.06 17:35:00.391,1.04314,1.04329,1.50,2.25
2011.04.06 17:35:00.965,1.04314,1.04329,1.50,2.25
2011.04.06 17:35:03.451,1.04312,1.04329,1.88,2.25
2011.04.06 17:35:04.012,1.04312,1.04329,1.88,2.25
2011.04.06 17:35:04.561,1.04312,1.04329,1.88,2.25
2011.04.06 17:35:07.492,1.04312,1.04329,1.88,2.25
2011.04.06 17:35:08.164,1.04312,1.04329,2.63,2.25
2011.04.06 17:35:27.374,1.04313,1.04328,1.88,2.25
2011.04.06 17:35:32.493,1.04315,1.0433,1.50,2.25
2011.04.06 17:35:35.703,1.04316,1.0433,1.50,2.25
2011.04.06 17:35:36.251,1.04316,1.0433,2.25,2.25
2011.04.06 17:35:36.911,1.04316,1.0433,1.50,2.25
2011.04.06 17:35:37.572,1.04316,1.0433,1.50,2.25
2011.04.06 17:35:38.123,1.04316,1.0433,2.25,2.25
2011.04.06 17:35:38.671,1.04316,1.0433,2.25,2.25
2011.04.06 17:35:39.241,1.04316,1.0433,1.50,2.25
2011.04.06 17:35:39.820,1.04316,1.0433,2.25,2.25
2011.04.06 17:35:40.373,1.04315,1.0433,1.50,2.25
2011.04.06 17:35:40.810,1.04315,1.0433,1.50,2.25
2011.04.06 17:35:41.361,1.04316,1.0433,1.50,2.25
2011.04.06 17:35:45.223,1.04316,1.04332,1.50,1.13
2011.04.06 17:35:45.578,1.04326,1.0434,2.25,2.25
2011.04.06 17:35:45.694,1.0433,1.0434,1.50,1.50
2011.04.06 17:35:45.804,1.0433,1.04344,1.88,3.00
2011.04.06 17:35:45.924,1.04332,1.04347,1.88,1.50
2011.04.06 17:35:57.972,1.04333,1.0435,1.50,2.25
2011.04.06 17:35:59.105,1.04334,1.0435,1.50,2.25
2011.04.06 17:36:01.193,1.04332,1.04347,1.50,5.78
2011.04.06 17:36:01.523,1.04332,1.04347,1.50,3.15
2011.04.06 17:36:04.572,1.04331,1.04349,3.00,3.75
2011.04.06 17:36:18.651,1.04331,1.04349,3.38,1.50
2011.04.06 17:36:22.132,1.04332,1.04349,3.00,1.50
2011.04.06 17:36:22.686,1.04332,1.04345,1.50,1.28
2011.04.06 17:36:23.238,1.04328,1.0434,1.88,1.50
2011.04.06 17:36:23.361,1.04324,1.04339,1.50,1.50
2011.04.06 17:36:23.803,1.04322,1.04339,1.50,1.50
2011.04.06 17:36:34.801,1.0432,1.0434,4.13,1.50
2011.04.06 17:36:35.353,1.0432,1.04337,1.13,1.50
2011.04.06 17:36:35.682,1.04322,1.04337,1.50,1.50
2011.04.06 17:36:38.422,1.04322,1.04341,1.50,2.47
2011.04.06 17:37:00.503,1.04324,1.04341,1.50,1.50
2011.04.06 17:37:06.422,1.04325,1.04341,2.25,1.50
2011.04.06 17:37:06.752,1.04327,1.04342,1.50,4.13
2011.04.06 17:37:07.522,1.04326,1.04341,1.50,1.50
2011.04.06 17:37:08.072,1.04327,1.04341,1.50,1.50
2011.04.06 17:37:09.014,1.04327,1.04342,1.50,3.75
2011.04.06 17:37:09.232,1.04327,1.04345,1.50,3.15
2011.04.06 17:37:16.763,1.04329,1.04345,2.63,1.05
2011.04.06 17:37:16.872,1.0433,1.04346,1.50,1.35
2011.04.06 17:37:17.972,1.04332,1.04346,1.50,1.35
2011.04.06 17:37:18.687,1.04332,1.04346,1.50,1.35
2011.04.06 17:37:19.211,1.04332,1.04346,1.50,1.35
2011.04.06 17:37:19.545,1.0433,1.04346,2.25,1.05
2011.04.06 17:37:20.542,1.0433,1.04344,1.50,1.13
2011.04.06 17:37:21.552,1.0433,1.04345,2.25,1.20
2011.04.06 17:37:22.324,1.04332,1.04346,1.50,1.05
2011.04.06 17:37:22.981,1.04332,1.04346,1.50,1.05
2011.04.06 17:37:23.502,1.04332,1.04346,1.50,1.05
2011.04.06 17:37:25.032,1.04332,1.04346,1.50,1.05
2011.04.06 17:37:28.549,1.04332,1.04347,1.50,1.35
2011.04.06 17:37:28.993,1.0433,1.04346,2.25,1.05
2011.04.06 17:37:30.363,1.0433,1.04346,2.25,1.05
2011.04.06 17:37:30.473,1.0433,1.04345,2.25,1.88
2011.04.06 17:37:30.694,1.04329,1.04344,1.13,1.88
2011.04.06 17:37:30.913,1.04329,1.04347,1.13,2.40
2011.04.06 17:37:31.132,1.04328,1.04345,1.50,1.65
2011.04.06 17:37:31.462,1.04328,1.04344,1.50,1.50
2011.04.06 17:37:31.683,1.04328,1.04344,1.50,1.50
2011.04.06 17:37:32.012,1.04327,1.04342,2.25,1.50
2011.04.06 17:37:32.342,1.04325,1.04341,1.50,1.50
2011.04.06 17:37:32.892,1.04325,1.04339,2.25,1.50
2011.04.06 17:37:37.882,1.04325,1.04339,1.50,1.88
2011.04.06 17:37:38.214,1.04322,1.04338,2.25,3.75
2011.04.06 17:37:38.432,1.04325,1.04341,1.50,2.63
2011.04.06 17:37:39.795,1.04325,1.04341,1.50,2.63
2011.04.06 17:37:42.673,1.04322,1.04336,2.63,1.13
2011.04.06 17:37:43.222,1.04325,1.04341,1.50,1.13
2011.04.06 17:37:43.778,1.04325,1.0434,1.50,1.50
2011.04.06 17:38:00.673,1.04325,1.04342,2.25,4.13
2011.04.06 17:38:01.222,1.04325,1.04344,1.88,1.72
2011.04.06 17:38:03.403,1.04327,1.04343,1.50,3.75
2011.04.06 17:38:03.514,1.04327,1.04341,1.50,1.13
2011.04.06 17:38:03.622,1.04327,1.04342,1.50,1.88
2011.04.06 17:38:04.352,1.04327,1.04342,1.50,1.88
2011.04.06 17:38:04.902,1.04324,1.04341,2.25,1.88
2011.04.06 17:38:05.904,1.04324,1.04341,2.25,1.88
2011.04.06 17:38:08.363,1.04323,1.04336,1.50,1.50
2011.04.06 17:38:08.693,1.0432,1.0433,1.88,1.50
2011.04.06 17:38:09.024,1.04314,1.0433,2.25,1.72
2011.04.06 17:38:18.501,1.04315,1.04331,1.50,3.59
2011.04.06 17:38:19.052,1.04315,1.04331,1.50,2.84
2011.04.06 17:38:19.571,1.04315,1.04331,1.50,3.59
2011.04.06 17:38:20.121,1.04315,1.04331,1.50,2.84
2011.04.06 17:38:20.991,1.04315,1.04331,1.50,3.59
2011.04.06 17:38:21.556,1.04315,1.04331,1.50,2.84
2011.04.06 17:38:22.572,1.04315,1.04331,1.50,3.59
2011.04.06 17:38:23.512,1.04315,1.04331,1.50,3.59
2011.04.06 17:38:23.732,1.04315,1.04331,1.50,2.84
2011.04.06 17:38:24.283,1.04315,1.04331,1.50,2.09
2011.04.06 17:38:26.924,1.04315,1.04331,1.50,3.52
2011.04.06 17:38:27.254,1.04312,1.04327,1.50,1.13
2011.04.06 17:38:27.363,1.04311,1.04325,1.50,1.50
2011.04.06 17:38:27.803,1.0431,1.04326,1.13,1.50
2011.04.06 17:38:27.912,1.04311,1.04326,1.50,1.50
2011.04.06 17:38:28.245,1.04311,1.04326,2.25,1.50
2011.04.06 17:38:28.473,1.04313,1.04329,1.50,1.72
2011.04.06 17:38:29.812,1.04313,1.04329,1.50,1.72
2011.04.06 17:38:32.761,1.04314,1.04331,1.50,2.84
2011.04.06 17:38:48.491,1.04313,1.0433,1.50,1.72
2011.04.06 17:38:50.664,1.04313,1.0433,1.50,1.72
2011.04.06 17:38:51.392,1.04313,1.0433,1.50,1.72
2011.04.06 17:39:04.093,1.04312,1.04327,1.50,1.50
2011.04.06 17:39:12.174,1.04312,1.04331,2.25,2.09
2011.04.06 17:39:12.614,1.04312,1.04331,2.25,2.09
2011.04.06 17:39:12.941,1.04312,1.04331,2.25,2.09
2011.04.06 17:39:13.463,1.04312,1.04331,2.25,2.84
2011.04.06 17:39:23.241,1.04312,1.0433,1.50,1.72
2011.04.06 17:39:29.204,1.04312,1.04327,1.50,2.10
2011.04.06 17:39:29.534,1.04304,1.04322,1.50,3.74
2011.04.06 17:39:29.754,1.04302,1.04319,1.50,1.50
2011.04.06 17:39:32.202,1.04301,1.04319,1.50,1.72
2011.04.06 17:39:44.223,1.043,1.04314,1.88,1.50
2011.04.06 17:39:44.555,1.04296,1.04312,1.50,2.84
2011.04.06 17:39:44.663,1.04291,1.04311,3.00,1.88
2011.04.06 17:39:45.542,1.04294,1.04311,1.50,1.13
2011.04.06 17:39:46.162,1.04294,1.04311,1.50,1.13
2011.04.06 17:39:52.913,1.04293,1.04311,3.00,1.13
2011.04.06 17:39:58.505,1.04298,1.04312,1.50,3.22
2011.04.06 17:39:58.843,1.04299,1.04316,1.50,2.47
2011.04.06 17:39:59.392,1.04299,1.04315,1.50,1.72
2011.04.06 17:39:59.956,1.04299,1.04317,1.88,1.72
2011.04.06 17:40:00.079,1.043,1.04317,1.50,1.72
2011.04.06 17:40:00.414,1.043,1.04319,1.50,1.72
2011.04.06 17:40:00.522,1.043,1.04319,1.50,1.72
2011.04.06 17:40:00.632,1.043,1.04319,1.50,1.72
2011.04.06 17:40:00.853,1.043,1.04319,1.50,1.72
2011.04.06 17:40:01.403,1.043,1.04319,1.88,1.72
2011.04.06 17:40:01.952,1.04301,1.0432,1.13,1.72
2011.04.06 17:40:03.584,1.04302,1.0432,1.50,1.72
2011.04.06 17:40:03.802,1.04304,1.04321,1.50,3.59
2011.04.06 17:40:04.026,1.04306,1.04322,1.50,3.00
2011.04.06 17:40:04.146,1.04309,1.04325,1.50,3.07
2011.04.06 17:40:09.685,1.04309,1.04326,2.25,3.82
2011.04.06 17:40:10.038,1.04315,1.0433,1.50,3.38
2011.04.06 17:40:10.267,1.04312,1.04331,2.25,1.72
2011.04.06 17:40:10.874,1.04312,1.04331,1.50,1.72
2011.04.06 17:40:12.641,1.04312,1.04331,2.25,1.72
2011.04.06 17:40:30.793,1.04314,1.0433,2.25,1.72
2011.04.06 17:40:31.129,1.04312,1.04329,1.50,2.40
2011.04.06 17:40:31.368,1.04306,1.0432,1.50,1.72
2011.04.06 17:40:31.489,1.04304,1.0432,3.75,1.72
2011.04.06 17:40:31.824,1.043,1.04318,2.25,1.50
2011.04.06 17:40:32.163,1.043,1.04318,2.25,1.72
2011.04.06 17:40:34.893,1.04301,1.04319,3.00,2.09
2011.04.06 17:40:35.443,1.04303,1.0432,2.25,1.72
2011.04.06 17:40:42.255,1.04305,1.04322,2.25,4.13
2011.04.06 17:40:42.812,1.04305,1.04322,2.25,3.38
2011.04.06 17:40:45.683,1.04305,1.04322,2.25,4.13
2011.04.06 17:40:46.243,1.04307,1.04322,1.50,3.00
2011.04.06 17:40:46.464,1.04306,1.04325,3.75,1.72
2011.04.06 17:40:46.575,1.04306,1.04326,3.00,3.22
2011.04.06 17:40:46.694,1.04306,1.04325,3.00,1.72
2011.04.06 17:40:46.917,1.04306,1.04322,1.50,1.50
2011.04.06 17:40:47.608,1.04305,1.04321,1.50,1.34
2011.04.06 17:40:48.164,1.04305,1.04321,1.50,1.34
2011.04.06 17:40:57.352,1.04305,1.04321,1.50,1.72
2011.04.06 17:40:57.902,1.04302,1.04319,2.25,1.50
2011.04.06 17:41:03.342,1.04301,1.04318,2.25,1.72
2011.04.06 17:41:04.049,1.04301,1.04318,1.50,1.72
2011.04.06 17:41:07.672,1.04301,1.04317,1.50,1.50
2011.04.06 17:41:08.005,1.04298,1.04317,3.38,2.09
2011.04.06 17:41:12.895,1.04299,1.04317,3.00,1.64
2011.04.06 17:41:13.223,1.04299,1.04318,3.00,1.72
2011.04.06 17:41:15.142,1.04297,1.04313,3.00,1.50
2011.04.06 17:41:17.474,1.04297,1.04311,2.25,1.50
2011.04.06 17:41:17.804,1.04294,1.04312,2.25,1.88
2011.04.06 17:41:18.352,1.04295,1.04312,1.50,1.88
2011.04.06 17:41:19.894,1.04295,1.04312,1.50,1.88
2011.04.06 17:41:20.443,1.04295,1.04312,1.50,1.88
2011.04.06 17:41:23.713,1.04295,1.04312,2.25,1.50
2011.04.06 17:41:23.934,1.04295,1.04313,1.50,2.25
2011.04.06 17:41:28.646,1.04297,1.04314,2.25,1.72
2011.04.06 17:41:28.768,1.043,1.04316,1.88,2.47
2011.04.06 17:41:28.996,1.04304,1.04321,1.50,2.09
2011.04.06 17:41:30.932,1.04306,1.04321,1.50,2.63
2011.04.06 17:41:33.492,1.04303,1.04321,2.25,2.63
2011.04.06 17:41:39.373,1.04303,1.04318,2.25,1.50
2011.04.06 17:41:39.922,1.04303,1.04318,1.50,1.50
2011.04.06 17:41:40.473,1.04302,1.0432,1.50,1.72
2011.04.06 17:41:48.963,1.04302,1.04321,1.50,2.09
2011.04.06 17:42:01.713,1.04305,1.04321,1.50,2.09
2011.04.06 17:42:02.043,1.04305,1.04321,1.50,1.34
2011.04.06 17:42:02.562,1.04305,1.04321,1.50,1.34
2011.04.06 17:42:03.162,1.04305,1.04321,1.50,1.34
2011.04.06 17:42:04.204,1.04304,1.04317,1.50,1.50
2011.04.06 17:42:04.755,1.04303,1.04321,1.50,2.09
2011.04.06 17:42:05.642,1.04302,1.04317,1.50,1.50
2011.04.06 17:42:09.734,1.04302,1.04321,3.00,2.09
2011.04.06 17:42:10.281,1.04303,1.04321,1.50,2.09
2011.04.06 17:42:13.955,1.04302,1.0432,3.75,1.50
2011.04.06 17:42:15.396,1.04302,1.04318,2.25,1.50
2011.04.06 17:42:16.174,1.04302,1.04321,3.00,2.09
2011.04.06 17:42:16.721,1.04303,1.04321,1.50,2.63
2011.04.06 17:42:18.635,1.04303,1.04321,1.50,1.13
2011.04.06 17:42:23.492,1.04303,1.04321,2.25,1.88
2011.04.06 17:42:24.153,1.04303,1.04321,2.25,1.88
2011.04.06 17:42:24.937,1.04303,1.04321,2.33,1.88
2011.04.06 17:42:28.612,1.04303,1.04319,1.50,1.50
2011.04.06 17:42:28.942,1.04302,1.04319,1.50,1.72
2011.04.06 17:42:35.101,1.04301,1.04317,1.13,1.72
2011.04.06 17:42:40.901,1.04301,1.04317,1.88,1.72
2011.04.06 17:42:42.571,1.043,1.04317,1.88,1.72
2011.04.06 17:42:47.882,1.04301,1.04317,1.50,1.72
2011.04.06 17:42:48.432,1.043,1.04319,1.13,2.84
2011.04.06 17:42:50.474,1.04299,1.04316,1.50,1.50
2011.04.06 17:42:50.694,1.04299,1.04316,1.50,2.25
2011.04.06 17:42:54.713,1.04297,1.04316,1.50,2.47
2011.04.06 17:42:54.932,1.04297,1.04316,1.50,2.47
2011.04.06 17:42:55.262,1.04297,1.04316,1.50,2.47
2011.04.06 17:43:25.752,1.04297,1.04316,1.50,1.72
2011.04.06 17:43:32.452,1.04298,1.04317,2.25,2.47
2011.04.06 17:43:33.002,1.04298,1.04317,1.50,2.47
2011.04.06 17:44:06.182,1.04297,1.04317,2.25,1.72
2011.04.06 17:44:06.748,1.04297,1.04311,1.50,1.13
2011.04.06 17:44:07.303,1.04295,1.04311,1.50,1.13
2011.04.06 17:44:07.532,1.04295,1.04311,1.50,1.13
2011.04.06 17:44:08.097,1.04293,1.04311,3.00,1.13
2011.04.06 17:44:08.653,1.04293,1.04311,2.25,1.13
2011.04.06 17:44:10.073,1.04294,1.04311,1.50,1.88
2011.04.06 17:44:10.642,1.04292,1.04311,4.88,1.88
2011.04.06 17:44:11.423,1.04293,1.04311,1.50,1.88
2011.04.06 17:44:12.632,1.04292,1.04311,4.88,1.88
2011.04.06 17:44:16.192,1.04293,1.04311,2.25,1.88
2011.04.06 17:44:19.382,1.04293,1.04311,3.00,1.88
2011.04.06 17:44:34.132,1.04294,1.04311,2.25,1.88
2011.04.06 17:44:35.233,1.04296,1.04313,2.25,1.72
2011.04.06 17:44:35.562,1.04298,1.04313,1.50,1.72
2011.04.06 17:44:43.783,1.04298,1.04316,2.63,1.12
2011.04.06 17:44:44.332,1.04298,1.04315,1.50,1.72
2011.04.06 17:44:44.882,1.04297,1.04315,1.50,1.72
2011.04.06 17:45:41.982,1.04297,1.04316,3.00,2.47
2011.04.06 17:45:42.091,1.04298,1.04316,1.50,1.72
2011.04.06 17:45:42.423,1.04297,1.04316,4.50,2.47
2011.04.06 17:45:42.532,1.04298,1.04316,3.00,2.47
2011.04.06 17:45:42.862,1.04298,1.04316,1.50,2.47
2011.04.06 17:45:45.392,1.04299,1.04318,3.75,1.72
2011.04.06 17:45:45.944,1.043,1.04319,1.50,2.84
2011.04.06 17:45:46.272,1.043,1.04319,1.50,2.84
2011.04.06 17:45:46.602,1.04299,1.04319,5.25,2.84
2011.04.06 17:45:47.006,1.04301,1.04319,2.25,2.47
2011.04.06 17:45:47.567,1.04302,1.04319,1.50,1.72
2011.04.06 17:45:48.123,1.04302,1.04321,1.50,1.72
2011.04.06 17:45:48.672,1.04301,1.04321,5.92,1.72
2011.04.06 17:45:49.584,1.04302,1.04321,2.25,1.72
2011.04.06 17:45:50.352,1.04303,1.04321,1.50,1.72
2011.04.06 17:45:50.573,1.04302,1.04321,2.25,1.72
2011.04.06 17:45:51.462,1.04303,1.04321,1.50,2.47
2011.04.06 17:45:51.975,1.04302,1.04321,2.25,2.47
2011.04.06 17:45:52.532,1.04303,1.04321,1.50,2.47
2011.04.06 17:45:53.082,1.04302,1.04321,2.25,2.47
2011.04.06 17:45:53.775,1.04303,1.04321,1.50,2.47
2011.04.06 17:45:54.281,1.04302,1.04321,2.25,2.47
2011.04.06 17:45:54.832,1.04303,1.04321,1.50,2.47
2011.04.06 17:45:59.304,1.04303,1.04321,1.50,2.47
2011.04.06 17:45:59.633,1.04301,1.04321,4.50,2.47
2011.04.06 17:46:00.182,1.04302,1.04321,1.50,2.47
2011.04.06 17:46:02.219,1.04301,1.04321,4.50,2.47
2011.04.06 17:46:04.522,1.04302,1.04321,1.50,3.22
2011.04.06 17:46:05.949,1.04301,1.04321,4.50,3.22
2011.04.06 17:46:07.312,1.04302,1.04321,3.00,3.22
2011.04.06 17:46:07.834,1.04302,1.04321,2.25,3.22
2011.04.06 17:46:08.384,1.04301,1.04317,3.00,1.50
2011.04.06 17:46:08.983,1.043,1.04317,3.00,1.72
2011.04.06 17:46:11.994,1.043,1.04318,2.25,1.72
2011.04.06 17:46:15.342,1.04301,1.04317,2.25,1.72
2011.04.06 17:46:16.634,1.043,1.04318,1.50,1.72
2011.04.06 17:46:18.114,1.04299,1.04318,5.25,1.72
2011.04.06 17:46:18.662,1.04299,1.04318,6.00,1.72
2011.04.06 17:46:19.212,1.043,1.04318,1.50,1.72
2011.04.06 17:46:19.832,1.043,1.04318,2.63,1.72
2011.04.06 17:46:20.423,1.043,1.04319,2.63,2.09
2011.04.06 17:46:20.831,1.04299,1.04319,6.38,2.09
2011.04.06 17:46:21.162,1.04301,1.04319,1.50,2.09
2011.04.06 17:46:21.906,1.043,1.04319,2.63,2.09
2011.04.06 17:46:25.851,1.04299,1.04319,5.63,2.09
2011.04.06 17:46:26.073,1.04302,1.04318,1.50,1.72
2011.04.06 17:46:26.733,1.04303,1.0432,3.75,1.50
2011.04.06 17:46:27.453,1.04303,1.0432,3.00,1.50
2011.04.06 17:46:30.583,1.04303,1.04322,1.50,3.97
2011.04.06 17:46:31.141,1.04303,1.04322,3.00,3.97
2011.04.06 17:46:35.719,1.04304,1.04322,1.50,3.97
2011.04.06 17:46:40.432,1.04302,1.04322,1.50,3.59
2011.04.06 17:46:40.982,1.04302,1.0432,1.50,1.50
2011.04.06 17:46:41.203,1.04301,1.04317,2.25,1.50
2011.04.06 17:46:43.033,1.043,1.04319,2.63,1.72
2011.04.06 17:46:44.052,1.04299,1.04319,1.50,1.72
2011.04.06 17:46:44.605,1.043,1.0432,1.50,2.32
2011.04.06 17:46:44.934,1.04302,1.04321,2.25,1.72
2011.04.06 17:46:46.533,1.04302,1.04322,3.00,5.47
2011.04.06 17:46:46.863,1.04302,1.04321,3.75,2.47
2011.04.06 17:46:47.083,1.04302,1.04321,3.00,3.22
2011.04.06 17:46:47.303,1.04302,1.04321,3.00,3.22
2011.04.06 17:46:47.974,1.04302,1.04321,2.25,1.72
2011.04.06 17:46:48.532,1.04302,1.04321,3.00,1.72
2011.04.06 17:46:49.083,1.04302,1.04321,1.50,1.72
2011.04.06 17:46:49.742,1.04302,1.04321,3.00,1.72
2011.04.06 17:46:51.812,1.04302,1.04321,2.25,1.72
2011.04.06 17:46:52.721,1.04302,1.04321,2.78,1.72
2011.04.06 17:46:53.231,1.04302,1.04321,2.25,2.47
2011.04.06 17:46:53.567,1.04308,1.04322,1.13,1.34
2011.04.06 17:46:53.685,1.04309,1.04323,2.17,3.75
2011.04.06 17:46:54.115,1.04311,1.04326,1.13,1.50
2011.04.06 17:46:54.238,1.04311,1.0433,2.25,1.72
2011.04.06 17:46:55.453,1.04312,1.04331,3.00,2.47
2011.04.06 17:46:56.003,1.04312,1.04331,3.75,2.47
2011.04.06 17:46:56.552,1.04312,1.04331,3.00,2.47
2011.04.06 17:46:56.943,1.04312,1.04331,3.75,1.72
2011.04.06 17:46:57.272,1.04312,1.04331,3.00,1.72
2011.04.06 17:47:04.922,1.0431,1.04326,1.50,1.50
2011.04.06 17:47:06.682,1.04309,1.04328,4.13,1.72
2011.04.06 17:47:09.672,1.0431,1.04328,1.88,1.72
2011.04.06 17:47:12.622,1.0431,1.04326,1.88,1.50
2011.04.06 17:47:13.353,1.0431,1.04326,2.25,1.50
2011.04.06 17:47:14.773,1.0431,1.04326,1.88,1.50
2011.04.06 17:47:15.432,1.0431,1.04326,2.25,1.50
2011.04.06 17:47:16.582,1.0431,1.04326,1.88,1.50
2011.04.06 17:47:17.133,1.0431,1.04326,2.25,1.50
2011.04.06 17:47:18.212,1.0431,1.04326,1.88,1.50
2011.04.06 17:47:18.719,1.0431,1.04326,2.25,1.50
2011.04.06 17:47:19.272,1.04312,1.04326,1.50,1.50
2011.04.06 17:47:26.564,1.0431,1.04326,1.50,1.50
2011.04.06 17:47:27.663,1.0431,1.04325,1.50,1.50
2011.04.06 17:47:27.884,1.04307,1.04325,2.25,1.50
2011.04.06 17:47:28.433,1.04306,1.0432,1.50,3.00
2011.04.06 17:47:28.982,1.04306,1.0432,1.50,3.00
2011.04.06 17:47:43.404,1.04308,1.0432,1.13,3.00
2011.04.06 17:47:43.624,1.04309,1.04325,1.13,2.84
2011.04.06 17:47:43.843,1.04308,1.04325,2.63,1.72
2011.04.06 17:47:44.062,1.04308,1.04325,2.63,1.72
2011.04.06 17:47:45.193,1.04308,1.04325,1.13,1.72
2011.04.06 17:47:45.413,1.04305,1.04325,4.50,3.97
2011.04.06 17:47:49.575,1.04304,1.04323,1.88,1.72
2011.04.06 17:47:49.693,1.04304,1.04323,1.13,2.47
2011.04.06 17:47:50.923,1.04303,1.04321,1.50,1.34
2011.04.06 17:47:51.253,1.04302,1.04321,1.50,4.34
2011.04.06 17:47:51.474,1.04302,1.0432,1.50,1.50
2011.04.06 17:47:52.374,1.04297,1.04314,1.50,1.50
2011.04.06 17:47:52.491,1.04296,1.04314,2.25,1.50
2011.04.06 17:48:01.082,1.04295,1.04313,2.25,1.50
2011.04.06 17:48:01.633,1.04295,1.04312,1.50,2.25
2011.04.06 17:48:03.984,1.04294,1.04311,1.50,1.50
2011.04.06 17:48:04.534,1.04293,1.04309,1.50,1.50
2011.04.06 17:48:04.863,1.04291,1.04308,2.25,1.50
2011.04.06 17:48:07.594,1.04292,1.04308,1.50,1.72
2011.04.06 17:48:08.146,1.04291,1.04308,1.50,1.72
2011.04.06 17:48:11.609,1.04284,1.043,4.66,3.00
2011.04.06 17:48:11.942,1.04283,1.043,3.00,3.00
2011.04.06 17:48:12.492,1.04283,1.043,2.25,3.00
2011.04.06 17:48:22.033,1.04282,1.04301,4.50,2.09
2011.04.06 17:48:24.762,1.04283,1.04301,1.50,2.09
2011.04.06 17:48:25.202,1.04284,1.04301,1.50,2.09
2011.04.06 17:48:25.533,1.04283,1.04301,3.00,2.09
2011.04.06 17:48:26.133,1.04283,1.04301,1.50,2.09
2011.04.06 17:48:33.743,1.04282,1.043,2.25,1.50
2011.04.06 17:48:34.404,1.04281,1.043,1.88,1.50
2011.04.06 17:48:38.773,1.04281,1.043,2.63,1.50
2011.04.06 17:48:39.323,1.04282,1.04299,1.50,1.50
2011.04.06 17:48:41.423,1.04281,1.04301,2.63,3.22
2011.04.06 17:48:48.023,1.04281,1.04301,2.25,3.22
2011.04.06 17:48:52.833,1.04281,1.04301,3.38,3.22
2011.04.06 17:49:01.393,1.04281,1.04301,3.75,2.47
2011.04.06 17:49:12.834,1.04282,1.04301,1.50,3.22
2011.04.06 17:49:15.613,1.04282,1.04301,1.50,2.47
2011.04.06 17:49:16.162,1.04282,1.04301,1.50,2.47
2011.04.06 17:49:16.773,1.04282,1.04301,1.50,2.47
2011.04.06 17:49:17.742,1.04283,1.04301,1.50,2.09
2011.04.06 17:49:19.011,1.04283,1.04301,1.50,2.09
2011.04.06 17:49:24.661,1.04283,1.04301,2.25,2.09
2011.04.06 17:49:35.691,1.04282,1.04301,1.50,1.13
2011.04.06 17:49:47.202,1.04282,1.04301,1.50,1.88
2011.04.06 17:49:47.633,1.04282,1.04301,1.50,1.88
2011.04.06 17:49:47.963,1.04282,1.04301,1.50,1.88
2011.04.06 17:49:48.292,1.04282,1.04301,1.50,1.88
2011.04.06 17:49:49.615,1.04282,1.04301,1.50,1.88
2011.04.06 17:49:51.042,1.04282,1.04301,1.50,1.88
2011.04.06 17:49:52.352,1.04282,1.04301,1.50,1.88
2011.04.06 17:49:52.955,1.04283,1.04301,1.50,1.88
2011.04.06 17:50:00.313,1.04281,1.04301,4.42,1.88
2011.04.06 17:50:00.861,1.04281,1.04301,4.42,1.88
2011.04.06 17:50:05.332,1.04282,1.04301,1.50,1.34
2011.04.06 17:50:11.622,1.04283,1.04301,1.50,2.09
2011.04.06 17:50:13.875,1.04283,1.04301,2.25,2.09
2011.04.06 17:50:14.208,1.04289,1.04305,1.88,2.15
2011.04.06 17:50:14.434,1.04289,1.04306,1.13,1.03
2011.04.06 17:50:14.763,1.04289,1.04309,1.88,1.34
2011.04.06 17:50:15.205,1.0429,1.0431,1.50,1.72
2011.04.06 17:50:15.425,1.04292,1.0431,1.50,1.72
2011.04.06 17:50:15.753,1.04294,1.04311,1.50,2.84
2011.04.06 17:50:16.303,1.04294,1.04311,2.25,2.09
2011.04.06 17:50:17.036,1.04293,1.04311,1.50,2.09
2011.04.06 17:50:18.463,1.04292,1.04311,2.25,2.09
2011.04.06 17:50:20.704,1.04293,1.0431,1.13,1.34
2011.04.06 17:50:21.033,1.04295,1.04311,1.50,1.72
2011.04.06 17:50:21.364,1.04293,1.04311,4.88,1.72
2011.04.06 17:50:29.293,1.04295,1.04311,3.00,1.72
2011.04.06 17:50:29.891,1.04295,1.04311,1.50,1.72
2011.04.06 17:50:30.444,1.04295,1.04311,1.50,1.72
2011.04.06 17:50:31.713,1.04295,1.04311,1.50,1.72
2011.04.06 17:50:37.967,1.04295,1.04314,1.73,2.32
2011.04.06 17:50:38.513,1.04296,1.04313,1.50,1.72
2011.04.06 17:50:38.954,1.04297,1.04315,1.50,1.72
2011.04.06 17:50:39.065,1.04297,1.04315,3.00,1.72
2011.04.06 17:50:39.503,1.04298,1.04318,3.38,2.09
2011.04.06 17:50:40.093,1.043,1.04317,2.25,1.72
2011.04.06 17:50:40.862,1.043,1.04317,2.25,1.72
2011.04.06 17:50:41.605,1.04299,1.04317,2.25,2.68
2011.04.06 17:50:42.044,1.04299,1.04315,1.50,1.12
2011.04.06 17:50:42.372,1.04299,1.04315,1.50,1.12
2011.04.06 17:50:43.228,1.04298,1.04315,3.00,1.87
2011.04.06 17:50:43.454,1.04298,1.04316,1.50,1.70
2011.04.06 17:50:45.974,1.04297,1.04316,2.25,2.45
2011.04.06 17:50:46.339,1.04299,1.04316,1.88,2.47
2011.04.06 17:50:46.894,1.04299,1.04316,1.88,2.47
2011.04.06 17:50:48.864,1.04298,1.04316,1.50,1.72
2011.04.06 17:50:52.862,1.04297,1.04316,2.25,1.72
2011.04.06 17:50:57.335,1.04297,1.04316,2.25,1.72
2011.04.06 17:51:00.522,1.04297,1.04316,2.25,1.72
2011.04.06 17:51:00.964,1.04299,1.04317,1.13,1.34
2011.04.06 17:51:01.403,1.043,1.04318,2.25,2.25
2011.04.06 17:51:02.433,1.04301,1.04318,1.50,2.25
2011.04.06 17:51:03.013,1.04301,1.04318,1.88,2.25
2011.04.06 17:51:03.613,1.04301,1.04319,2.63,1.72
2011.04.06 17:51:04.203,1.043,1.0432,1.88,1.34
2011.04.06 17:51:06.475,1.04301,1.04321,1.13,5.32
2011.04.06 17:51:06.912,1.043,1.04321,2.63,5.32
2011.04.06 17:51:07.462,1.043,1.04321,2.63,5.32
2011.04.06 17:51:08.123,1.043,1.04321,2.63,6.07
2011.04.06 17:51:08.452,1.043,1.04321,2.63,6.07
2011.04.06 17:51:08.909,1.0431,1.04322,1.13,3.00
2011.04.06 17:51:09.244,1.04312,1.04327,2.25,1.13
2011.04.06 17:51:09.354,1.04312,1.04329,2.25,1.72
2011.04.06 17:51:09.903,1.04312,1.04329,1.50,1.72
2011.04.06 17:51:10.874,1.04313,1.0433,1.50,2.47
2011.04.06 17:51:11.973,1.04312,1.0433,3.00,1.34
2011.04.06 17:51:12.523,1.04311,1.04329,2.63,2.25
2011.04.06 17:51:13.907,1.0431,1.04325,1.50,1.43
2011.04.06 17:51:14.242,1.04303,1.0432,1.50,1.72
2011.04.06 17:51:14.355,1.04301,1.0432,1.88,1.72
2011.04.06 17:51:24.113,1.04303,1.04318,1.13,1.72
2011.04.06 17:51:24.225,1.04303,1.0432,1.88,1.34
2011.04.06 17:51:24.444,1.04303,1.04318,1.13,1.72
2011.04.06 17:51:26.891,1.04303,1.04318,1.88,1.72
2011.04.06 17:51:27.223,1.04309,1.04321,1.13,1.72
2011.04.06 17:51:27.334,1.04309,1.04322,1.13,1.50
2011.04.06 17:51:28.216,1.0431,1.04326,1.50,2.47
2011.04.06 17:51:28.554,1.04309,1.04326,1.50,2.47
2011.04.06 17:51:29.103,1.04308,1.04322,1.50,1.50
2011.04.06 17:51:29.873,1.04309,1.04325,1.88,1.72
2011.04.06 17:51:29.983,1.04309,1.04326,1.88,2.47
2011.04.06 17:51:30.972,1.04309,1.04326,1.88,2.47
2011.04.06 17:51:31.502,1.04309,1.04326,1.88,2.47
2011.04.06 17:51:32.252,1.04309,1.04326,1.88,2.47
2011.04.06 17:51:33.492,1.04309,1.04326,1.88,2.47
2011.04.06 17:51:38.868,1.04309,1.04326,1.88,2.47
2011.04.06 17:51:39.696,1.04309,1.04326,1.88,2.47
2011.04.06 17:51:44.353,1.04309,1.04326,1.88,2.47
2011.04.06 17:51:45.463,1.04309,1.04326,1.88,2.47
2011.04.06 17:51:47.962,1.04309,1.04326,1.88,2.47
2011.04.06 17:51:48.974,1.04309,1.04326,1.88,2.47
2011.04.06 17:51:49.535,1.04308,1.04323,1.50,1.50
2011.04.06 17:51:50.264,1.04308,1.04322,1.50,1.50
2011.04.06 17:51:50.373,1.04307,1.04322,1.50,1.50
2011.04.06 17:51:50.595,1.04304,1.04322,2.25,1.88
2011.04.06 17:51:51.143,1.04303,1.04321,2.25,2.84
2011.04.06 17:51:51.785,1.04303,1.04321,1.50,2.84
2011.04.06 17:51:54.334,1.04303,1.04321,2.25,2.84
2011.04.06 17:51:56.333,1.04303,1.04321,2.25,1.34
2011.04.06 17:51:56.663,1.04303,1.04321,2.25,2.84
2011.04.06 17:51:57.212,1.04303,1.04321,2.25,2.84
2011.04.06 17:51:57.763,1.04303,1.04321,1.50,2.84
2011.04.06 17:51:57.982,1.04303,1.04321,2.25,2.84
2011.04.06 17:51:58.315,1.04303,1.04321,1.50,3.59
2011.04.06 17:51:58.871,1.04301,1.0432,1.50,2.84
2011.04.06 17:51:59.774,1.04299,1.04316,2.63,2.25
2011.04.06 17:52:00.105,1.043,1.04316,1.13,3.38
2011.04.06 17:52:00.214,1.04302,1.04316,1.50,1.13
2011.04.06 17:52:00.325,1.04302,1.04318,1.65,3.22
2011.04.06 17:52:00.544,1.04305,1.0432,3.51,1.72
2011.04.06 17:52:00.764,1.04308,1.0432,1.88,1.50
2011.04.06 17:52:00.875,1.0431,1.04325,1.13,2.63
2011.04.06 17:52:01.423,1.0431,1.04326,1.88,2.84
2011.04.06 17:52:03.613,1.0431,1.04327,1.88,2.47
2011.04.06 17:52:04.166,1.04311,1.04327,1.13,1.72
2011.04.06 17:52:08.207,1.04309,1.04325,1.50,1.88
2011.04.06 17:52:08.327,1.04308,1.04322,1.50,2.25
2011.04.06 17:52:08.555,1.04303,1.0432,1.50,1.72
2011.04.06 17:52:08.664,1.04302,1.0432,3.00,1.34
2011.04.06 17:52:08.773,1.04302,1.0432,1.50,1.34
2011.04.06 17:52:09.353,1.04302,1.04319,1.50,2.47
2011.04.06 17:52:09.903,1.04302,1.04319,1.50,3.97
2011.04.06 17:52:16.153,1.043,1.04316,1.13,1.34
2011.04.06 17:52:16.265,1.04299,1.04316,2.25,1.34
2011.04.06 17:52:16.704,1.04299,1.04316,1.50,2.47
2011.04.06 17:52:31.113,1.04299,1.04318,3.00,3.59
2011.04.06 17:52:31.667,1.043,1.04318,1.50,3.59
2011.04.06 17:52:32.587,1.043,1.04318,1.88,3.59
2011.04.06 17:52:33.910,1.04299,1.04318,2.63,3.59
2011.04.06 17:52:34.462,1.04299,1.04318,2.63,3.59
2011.04.06 17:52:35.013,1.043,1.04318,1.13,3.59
2011.04.06 17:52:35.562,1.043,1.04318,1.13,3.59
2011.04.06 17:52:35.893,1.04299,1.04317,1.50,2.47
2011.04.06 17:52:37.725,1.04298,1.04317,4.50,1.72
2011.04.06 17:52:37.944,1.04297,1.04316,3.00,2.84
2011.04.06 17:52:41.652,1.04297,1.04316,1.50,2.47
2011.04.06 17:52:43.613,1.04297,1.04316,1.50,2.47
2011.04.06 17:52:44.056,1.04292,1.04307,2.25,2.63
2011.04.06 17:52:44.177,1.04292,1.04311,2.25,3.22
2011.04.06 17:52:44.523,1.04293,1.04311,1.50,2.09
2011.04.06 17:52:44.853,1.04299,1.04311,1.13,1.13
2011.04.06 17:52:44.966,1.04293,1.04311,2.25,1.50
2011.04.06 17:52:45.513,1.04297,1.04311,1.50,1.50
2011.04.06 17:52:46.174,1.04297,1.04311,1.50,2.25
2011.04.06 17:52:46.723,1.04293,1.04311,1.50,3.00
2011.04.06 17:52:49.604,1.04293,1.04311,1.50,4.50
2011.04.06 17:52:51.804,1.04293,1.04311,1.50,1.50
2011.04.06 17:52:52.354,1.04293,1.04311,2.25,1.50
2011.04.06 17:52:53.014,1.04293,1.04311,2.25,1.50
2011.04.06 17:53:05.423,1.04294,1.04311,1.50,1.50
2011.04.06 17:53:07.422,1.04293,1.04311,2.25,2.25
2011.04.06 17:53:07.982,1.04293,1.04311,2.25,1.50
2011.04.06 17:53:09.213,1.04294,1.04311,1.50,1.50
2011.04.06 17:53:09.433,1.04294,1.04311,1.50,1.50
2011.04.06 17:53:10.889,1.04293,1.04311,2.25,1.50
2011.04.06 17:53:11.443,1.04294,1.04311,1.50,1.50
2011.04.06 17:53:14.263,1.04294,1.04312,1.50,2.63
2011.04.06 17:53:14.831,1.04293,1.04312,2.25,1.88
2011.04.06 17:53:16.185,1.04293,1.04312,2.25,1.88
2011.04.06 17:53:18.574,1.04293,1.04312,1.50,2.63
2011.04.06 17:53:19.122,1.04293,1.04312,2.25,1.88
2011.04.06 17:53:21.123,1.04295,1.04312,1.50,1.88
2011.04.06 17:53:22.214,1.04295,1.04312,1.50,2.63
2011.04.06 17:53:22.544,1.04294,1.04312,1.50,1.88
2011.04.06 17:53:23.923,1.04294,1.04312,1.50,2.63
2011.04.06 17:53:24.506,1.04293,1.04312,2.25,1.88
2011.04.06 17:53:28.872,1.04293,1.04312,2.25,1.88
2011.04.06 17:53:29.422,1.04293,1.04312,2.25,2.63
2011.04.06 17:53:30.283,1.04293,1.04312,1.50,2.63
2011.04.06 17:53:32.669,1.04293,1.04312,1.50,2.63
2011.04.06 17:53:33.143,1.04293,1.04312,1.50,2.63
2011.04.06 17:53:33.474,1.04293,1.0431,1.50,2.25
2011.04.06 17:53:33.584,1.04293,1.0431,1.50,3.00
2011.04.06 17:53:46.697,1.04292,1.0431,1.50,1.50
2011.04.06 17:53:50.962,1.04292,1.0431,1.50,1.50
2011.04.06 17:53:51.434,1.04292,1.0431,1.50,1.50
2011.04.06 17:53:51.984,1.04293,1.04311,2.25,1.72
2011.04.06 17:53:52.203,1.04295,1.04311,1.50,1.50
2011.04.06 17:53:54.254,1.04295,1.04312,1.50,4.73
2011.04.06 17:53:54.804,1.04295,1.04312,1.50,2.48
2011.04.06 17:53:55.193,1.04295,1.04312,1.50,1.50
2011.04.06 17:53:55.524,1.04297,1.04314,1.50,1.50
2011.04.06 17:53:56.733,1.04297,1.04315,1.50,1.72
2011.04.06 17:53:59.574,1.04297,1.04314,1.50,2.25
2011.04.06 17:54:02.974,1.04297,1.04313,1.50,1.50
2011.04.06 17:54:03.303,1.04297,1.04313,1.50,2.25
2011.04.06 17:54:03.885,1.04297,1.04313,1.50,1.50
2011.04.06 17:54:31.463,1.04297,1.04314,1.58,1.50
2011.04.06 17:54:33.265,1.04297,1.04314,1.58,1.50
2011.04.06 17:54:39.413,1.04297,1.04314,1.58,1.50
2011.04.06 17:54:39.853,1.04297,1.04314,1.58,1.50
2011.04.06 17:54:40.403,1.04297,1.04314,1.58,1.50
2011.04.06 17:54:40.953,1.04297,1.04314,1.58,1.50
2011.04.06 17:54:41.784,1.04297,1.04314,1.58,1.50
2011.04.06 17:54:42.314,1.04297,1.04314,1.58,1.50
2011.04.06 17:54:43.315,1.04295,1.04314,3.08,1.50
2011.04.06 17:54:43.863,1.04297,1.04312,1.58,3.38
2011.04.06 17:54:44.217,1.04295,1.0431,1.58,1.50
2011.04.06 17:54:44.444,1.04294,1.0431,1.50,1.50
2011.04.06 17:54:46.934,1.04292,1.0431,1.50,1.50
2011.04.06 17:55:05.739,1.04292,1.04311,1.50,2.09
2011.04.06 17:55:06.329,1.04292,1.04311,1.50,2.09
2011.04.06 17:55:07.134,1.04292,1.04311,1.50,2.09
2011.04.06 17:55:09.283,1.04292,1.04311,1.50,2.09
2011.04.06 17:55:09.912,1.04292,1.04306,1.50,1.13
2011.04.06 17:55:13.014,1.04291,1.04306,1.88,1.50
2011.04.06 17:55:18.616,1.04291,1.04306,1.88,1.50
2011.04.06 17:55:30.046,1.04295,1.04306,2.25,2.25
2011.04.06 17:55:30.157,1.04295,1.04306,2.25,1.50
2011.04.06 17:55:30.273,1.04295,1.04311,2.25,1.13
2011.04.06 17:55:31.573,1.04295,1.04311,2.25,1.88
2011.04.06 17:55:32.123,1.04295,1.04311,2.25,1.88
2011.04.06 17:55:33.294,1.04295,1.04311,2.25,2.63
2011.04.06 17:55:38.194,1.04292,1.0431,3.75,1.50
2011.04.06 17:55:41.875,1.04292,1.04309,1.50,1.43
2011.04.06 17:55:42.206,1.04288,1.04304,1.50,2.25
2011.04.06 17:55:42.829,1.04285,1.04304,3.75,4.13
2011.04.06 17:55:43.503,1.04285,1.04303,4.50,2.47
2011.04.06 17:55:43.613,1.04285,1.04303,4.50,2.47
2011.04.06 17:55:44.954,1.04285,1.04303,3.00,2.47
2011.04.06 17:55:45.177,1.04285,1.04301,2.25,1.13
