2012.08.06 08:00:00.757,1.05463,1.05475,2.85,1.35
2012.08.06 08:00:00.994,1.05463,1.05474,1.50,1.73
2012.08.06 08:00:01.348,1.0546,1.05473,1.73,2.48
2012.08.06 08:00:03.145,1.0546,1.05472,1.73,1.73
2012.08.06 08:00:03.267,1.0546,1.05471,1.73,1.73
2012.08.06 08:00:03.537,1.05456,1.05468,2.48,1.50
2012.08.06 08:00:03.888,1.05456,1.05467,2.25,1.35
2012.08.06 08:00:04.240,1.05452,1.05465,5.25,2.48
2012.08.06 08:00:04.362,1.05452,1.05465,6.23,2.25
2012.08.06 08:00:05.058,1.05454,1.05465,1.73,1.13
2012.08.06 08:00:06.121,1.05454,1.05467,1.73,3.98
2012.08.06 08:00:08.466,1.05452,1.05465,5.85,2.25
2012.08.06 08:00:08.932,1.05456,1.05467,1.50,1.73
2012.08.06 08:00:09.333,1.05453,1.05467,3.98,1.73
2012.08.06 08:00:09.847,1.05455,1.05467,1.50,1.73
2012.08.06 08:00:10.475,1.05454,1.05467,3.98,2.48
2012.08.06 08:00:11.178,1.05455,1.05467,1.50,1.73
2012.08.06 08:00:12.108,1.05454,1.05467,3.23,3.23
2012.08.06 08:00:12.950,1.05454,1.05465,1.73,1.50
2012.08.06 08:00:13.471,1.05452,1.05464,1.73,1.50
2012.08.06 08:00:13.821,1.05449,1.05463,1.73,4.35
2012.08.06 08:00:16.884,1.05453,1.05463,1.50,3.60
2012.08.06 08:00:17.061,1.05451,1.05463,1.50,2.85
2012.08.06 08:00:17.567,1.05449,1.05463,3.83,4.35
2012.08.06 08:00:17.686,1.0545,1.05463,1.35,4.35
2012.08.06 08:00:18.029,1.05453,1.05463,1.13,4.35
2012.08.06 08:00:18.332,1.05459,1.05464,1.73,1.50
2012.08.06 08:00:18.684,1.05456,1.05467,2.25,1.73
2012.08.06 08:00:19.236,1.05454,1.05467,3.60,1.73
2012.08.06 08:00:19.356,1.05457,1.05467,1.50,1.73
2012.08.06 08:00:19.994,1.05455,1.05467,1.73,1.73
2012.08.06 08:00:26.719,1.05457,1.05468,2.25,3.00
2012.08.06 08:00:26.784,1.05458,1.05468,2.10,2.25
2012.08.06 08:00:26.905,1.0546,1.0547,1.73,2.48
2012.08.06 08:00:29.457,1.05463,1.05473,1.50,2.48
2012.08.06 08:00:29.994,1.05462,1.05473,1.50,1.73
2012.08.06 08:00:31.680,1.05459,1.0547,1.73,1.73
2012.08.06 08:00:31.746,1.05459,1.0547,1.73,2.93
2012.08.06 08:00:31.811,1.05458,1.05468,3.75,2.10
2012.08.06 08:00:32.049,1.05456,1.05466,1.50,3.23
2012.08.06 08:00:32.171,1.05453,1.05466,3.60,2.48
2012.08.06 08:00:34.123,1.05454,1.05466,1.73,2.10
2012.08.06 08:00:34.200,1.05451,1.05464,2.25,3.23
2012.08.06 08:00:36.740,1.05451,1.05464,2.25,3.23
2012.08.06 08:00:37.272,1.05451,1.05462,1.50,2.48
2012.08.06 08:00:37.789,1.05449,1.05463,2.48,4.35
2012.08.06 08:00:38.314,1.05451,1.05463,1.50,2.85
2012.08.06 08:00:39.186,1.05452,1.05463,1.50,2.85
2012.08.06 08:00:39.808,1.05451,1.05463,1.50,2.10
2012.08.06 08:00:42.597,1.05451,1.05463,2.25,2.10
2012.08.06 08:00:43.137,1.05453,1.05464,1.50,2.48
2012.08.06 08:00:43.990,1.05451,1.05464,3.75,3.98
2012.08.06 08:00:44.518,1.05451,1.05464,3.00,3.98
2012.08.06 08:00:44.637,1.05453,1.05464,1.50,2.48
2012.08.06 08:00:45.110,1.05454,1.05465,4.50,3.23
2012.08.06 08:00:45.291,1.0546,1.05469,1.73,2.33
2012.08.06 08:00:45.527,1.0546,1.05471,1.73,1.73
2012.08.06 08:00:45.769,1.05462,1.05472,1.50,1.73
2012.08.06 08:00:46.290,1.05461,1.05473,1.50,2.85
2012.08.06 08:00:46.639,1.05463,1.05473,1.50,2.85
2012.08.06 08:00:46.988,1.05461,1.05473,1.50,2.85
2012.08.06 08:00:50.911,1.05462,1.05473,1.50,2.85
2012.08.06 08:00:52.988,1.0546,1.0547,2.25,2.48
2012.08.06 08:00:53.223,1.05454,1.05469,3.23,3.23
2012.08.06 08:00:53.343,1.05454,1.05469,3.23,3.98
2012.08.06 08:00:53.810,1.05459,1.0547,1.50,2.48
2012.08.06 08:00:54.139,1.05457,1.05466,1.50,1.73
2012.08.06 08:00:54.443,1.0546,1.05471,1.50,1.73
2012.08.06 08:00:55.021,1.0546,1.0547,1.50,2.25
2012.08.06 08:00:55.313,1.05456,1.0547,3.38,3.23
2012.08.06 08:00:55.958,1.05458,1.0547,1.50,2.48
2012.08.06 08:00:56.852,1.05458,1.05472,4.88,1.73
2012.08.06 08:00:57.373,1.0546,1.05473,1.50,3.23
2012.08.06 08:01:01.138,1.05462,1.05473,1.50,2.48
2012.08.06 08:01:01.647,1.05461,1.05472,1.50,1.73
2012.08.06 08:01:03.441,1.05463,1.05474,1.50,5.10
2012.08.06 08:01:03.622,1.05468,1.05477,1.73,3.38
2012.08.06 08:01:03.917,1.0547,1.05479,1.73,1.50
2012.08.06 08:01:03.980,1.05473,1.05479,1.50,1.50
2012.08.06 08:01:04.501,1.05473,1.05481,1.50,1.73
2012.08.06 08:01:04.678,1.0547,1.05481,3.23,1.73
2012.08.06 08:01:05.089,1.05471,1.05481,1.50,2.10
2012.08.06 08:01:05.445,1.05466,1.05475,2.63,2.25
2012.08.06 08:01:05.745,1.05465,1.05474,1.50,1.73
2012.08.06 08:01:06.039,1.05462,1.05474,1.50,2.48
2012.08.06 08:01:06.416,1.05459,1.05474,4.73,3.98
2012.08.06 08:01:07.340,1.05462,1.05474,1.50,2.48
2012.08.06 08:01:08.323,1.05462,1.05474,1.50,2.48
2012.08.06 08:01:10.247,1.05462,1.05474,1.50,1.73
2012.08.06 08:01:15.626,1.0546,1.05472,2.25,1.73
2012.08.06 08:01:16.202,1.05461,1.05474,1.50,2.48
2012.08.06 08:01:16.870,1.05461,1.05474,1.50,1.73
2012.08.06 08:01:17.528,1.05461,1.05474,1.50,1.73
2012.08.06 08:01:21.990,1.0546,1.05473,2.25,2.48
2012.08.06 08:01:22.563,1.05461,1.05471,1.50,1.73
2012.08.06 08:01:22.683,1.0546,1.05469,3.75,1.35
2012.08.06 08:01:22.920,1.05455,1.05469,1.73,5.70
2012.08.06 08:01:23.221,1.05453,1.05466,3.60,1.73
2012.08.06 08:01:27.667,1.05454,1.05464,1.73,2.25
2012.08.06 08:01:27.901,1.05451,1.05464,1.50,3.60
2012.08.06 08:01:28.422,1.05453,1.05464,1.50,3.60
2012.08.06 08:01:28.714,1.05453,1.0546,1.50,1.50
2012.08.06 08:01:28.949,1.05451,1.05458,2.25,1.35
2012.08.06 08:01:29.074,1.05446,1.05455,2.25,3.38
2012.08.06 08:01:29.139,1.05446,1.05455,4.13,1.50
2012.08.06 08:01:29.202,1.05446,1.05455,2.63,1.73
2012.08.06 08:01:29.265,1.05446,1.05457,3.60,2.25
2012.08.06 08:01:29.329,1.05448,1.05457,1.73,1.50
2012.08.06 08:01:29.451,1.0545,1.0546,1.50,2.25
2012.08.06 08:01:29.571,1.05453,1.05463,1.50,2.48
2012.08.06 08:01:30.002,1.05455,1.05463,1.50,1.73
2012.08.06 08:01:30.130,1.05456,1.05466,1.50,2.48
2012.08.06 08:01:30.732,1.05454,1.05466,2.48,1.73
2012.08.06 08:01:31.253,1.05454,1.05466,2.85,1.73
2012.08.06 08:01:33.077,1.05454,1.05466,4.35,1.73
2012.08.06 08:01:33.141,1.05455,1.05467,1.65,2.48
2012.08.06 08:01:33.492,1.05458,1.05469,1.50,1.73
2012.08.06 08:01:33.614,1.05461,1.05471,2.25,1.73
2012.08.06 08:01:34.094,1.05457,1.05469,2.48,1.50
2012.08.06 08:01:34.477,1.05457,1.05468,1.50,3.23
2012.08.06 08:01:34.604,1.05455,1.05468,2.48,4.73
2012.08.06 08:01:35.739,1.05455,1.05468,2.85,2.25
2012.08.06 08:01:35.976,1.05456,1.05469,2.63,2.48
2012.08.06 08:01:36.099,1.05454,1.05469,3.98,5.85
2012.08.06 08:01:36.392,1.05457,1.05468,1.13,3.98
2012.08.06 08:01:40.819,1.05457,1.05469,1.88,3.60
2012.08.06 08:01:41.114,1.05459,1.0547,1.73,2.25
2012.08.06 08:01:41.179,1.05457,1.0547,3.23,3.38
2012.08.06 08:01:41.362,1.05456,1.05468,1.88,2.48
2012.08.06 08:01:41.654,1.05455,1.05468,2.63,3.23
2012.08.06 08:01:42.004,1.05456,1.05469,2.25,1.73
2012.08.06 08:01:42.889,1.05455,1.05468,3.38,2.48
2012.08.06 08:01:43.668,1.05456,1.05469,1.50,1.73
2012.08.06 08:01:44.187,1.05455,1.05469,1.88,3.23
2012.08.06 08:01:44.365,1.05457,1.05469,1.50,1.73
2012.08.06 08:01:44.658,1.05458,1.0547,1.73,2.25
2012.08.06 08:01:44.778,1.05463,1.05473,1.50,3.98
2012.08.06 08:01:45.088,1.0546,1.05473,3.75,2.48
2012.08.06 08:01:45.151,1.05462,1.05473,2.25,2.48
2012.08.06 08:01:45.905,1.05459,1.05472,2.48,2.48
2012.08.06 08:01:46.424,1.05461,1.05473,1.50,2.10
2012.08.06 08:01:48.104,1.05461,1.05473,3.00,2.10
2012.08.06 08:01:48.541,1.05463,1.05476,2.48,1.73
2012.08.06 08:01:50.141,1.05464,1.05477,1.73,2.25
2012.08.06 08:01:53.246,1.05463,1.05477,3.23,1.13
2012.08.06 08:01:53.308,1.05463,1.05477,2.48,2.25
2012.08.06 08:01:53.659,1.05462,1.05473,1.50,3.60
2012.08.06 08:01:53.723,1.0546,1.05471,1.50,2.25
2012.08.06 08:01:54.243,1.05459,1.05473,3.98,2.10
2012.08.06 08:01:54.306,1.05462,1.05473,1.50,2.10
2012.08.06 08:01:54.722,1.05462,1.0547,1.50,1.58
2012.08.06 08:01:54.960,1.05458,1.0547,2.03,3.45
2012.08.06 08:01:55.024,1.0546,1.05471,2.25,1.13
2012.08.06 08:01:55.146,1.05461,1.05473,2.25,3.60
2012.08.06 08:01:55.537,1.05463,1.05476,3.60,1.88
2012.08.06 08:01:55.831,1.05463,1.05476,4.35,1.88
2012.08.06 08:01:55.894,1.05463,1.05476,4.35,1.88
2012.08.06 08:01:56.755,1.05463,1.05475,2.10,2.63
2012.08.06 08:01:57.272,1.05463,1.05476,4.35,1.88
2012.08.06 08:01:57.622,1.05463,1.05473,2.48,1.50
2012.08.06 08:01:57.801,1.05462,1.05471,1.50,1.50
2012.08.06 08:01:57.921,1.05459,1.0547,1.73,2.25
2012.08.06 08:01:58.388,1.05456,1.05468,2.25,2.48
2012.08.06 08:01:58.509,1.05455,1.05467,1.50,2.25
2012.08.06 08:01:59.056,1.05456,1.05468,1.50,1.73
2012.08.06 08:01:59.691,1.05454,1.05467,4.35,2.25
2012.08.06 08:01:59.926,1.05455,1.05468,1.50,3.98
2012.08.06 08:02:00.110,1.0546,1.05472,1.50,1.35
2012.08.06 08:02:00.313,1.05458,1.05468,1.50,2.03
2012.08.06 08:02:00.439,1.05454,1.05468,2.85,3.98
2012.08.06 08:02:01.217,1.05454,1.05467,3.60,3.53
2012.08.06 08:02:01.888,1.05454,1.05467,3.60,3.53
2012.08.06 08:02:02.155,1.05454,1.05467,5.85,2.78
2012.08.06 08:02:02.508,1.05458,1.05469,2.48,1.50
2012.08.06 08:02:02.629,1.0546,1.05471,1.73,1.05
2012.08.06 08:02:03.147,1.0546,1.05472,1.73,1.28
2012.08.06 08:02:03.860,1.05462,1.05473,1.50,1.73
2012.08.06 08:02:04.041,1.05464,1.05477,2.48,1.73
2012.08.06 08:02:05.106,1.05467,1.05477,1.13,2.48
2012.08.06 08:02:05.455,1.05467,1.05479,3.60,3.00
2012.08.06 08:02:05.745,1.05467,1.05479,5.10,2.25
2012.08.06 08:02:06.297,1.05467,1.05479,4.35,3.00
2012.08.06 08:02:06.916,1.05467,1.05479,3.60,3.75
2012.08.06 08:02:07.264,1.05466,1.05479,2.25,3.75
2012.08.06 08:02:07.665,1.05464,1.05478,2.48,1.73
2012.08.06 08:02:09.357,1.05464,1.05478,2.48,3.23
2012.08.06 08:02:10.737,1.05464,1.05477,1.73,2.55
2012.08.06 08:02:11.248,1.05464,1.05477,1.73,3.00
2012.08.06 08:02:11.537,1.05462,1.05476,4.35,1.80
2012.08.06 08:02:12.800,1.05464,1.05476,1.73,1.05
2012.08.06 08:02:13.997,1.05464,1.05477,2.48,2.25
2012.08.06 08:02:14.063,1.05466,1.05478,3.60,1.50
2012.08.06 08:02:14.125,1.05466,1.05478,4.35,1.50
2012.08.06 08:02:17.448,1.05467,1.05478,1.73,1.50
2012.08.06 08:02:17.686,1.05463,1.05476,2.48,1.80
2012.08.06 08:02:18.288,1.05463,1.05477,5.10,1.35
2012.08.06 08:02:18.407,1.05463,1.05477,5.10,1.35
2012.08.06 08:02:18.790,1.05467,1.05478,1.73,1.80
2012.08.06 08:02:18.910,1.05467,1.05478,1.73,1.50
2012.08.06 08:02:19.434,1.05467,1.0548,1.73,3.38
2012.08.06 08:02:20.072,1.05467,1.05478,1.73,1.50
2012.08.06 08:02:20.538,1.05466,1.05478,1.50,2.48
2012.08.06 08:02:21.068,1.05467,1.05477,2.85,3.00
2012.08.06 08:02:22.041,1.05467,1.05478,3.60,1.05
2012.08.06 08:02:22.562,1.05467,1.05479,3.60,3.75
2012.08.06 08:02:22.797,1.05466,1.05478,2.25,2.85
2012.08.06 08:02:23.034,1.05467,1.05477,2.85,2.25
2012.08.06 08:02:23.574,1.05467,1.05478,4.35,1.50
2012.08.06 08:02:24.842,1.05467,1.05478,3.60,2.25
2012.08.06 08:02:25.134,1.05464,1.05478,1.73,2.03
2012.08.06 08:02:25.769,1.05463,1.05476,3.23,1.50
2012.08.06 08:02:26.319,1.05465,1.05478,1.73,3.23
2012.08.06 08:02:28.793,1.05465,1.05477,1.73,1.28
2012.08.06 08:02:29.251,1.05462,1.05474,2.48,1.50
2012.08.06 08:02:29.371,1.05463,1.05476,2.48,1.80
2012.08.06 08:02:30.748,1.05465,1.05477,1.73,1.73
2012.08.06 08:02:32.414,1.05463,1.05476,3.98,1.50
2012.08.06 08:02:32.988,1.05462,1.05474,1.73,1.50
2012.08.06 08:02:33.277,1.05463,1.05476,2.48,2.25
2012.08.06 08:02:34.794,1.05464,1.05477,1.73,2.03
2012.08.06 08:02:36.379,1.05463,1.05476,2.48,1.50
2012.08.06 08:02:36.893,1.05464,1.05477,1.73,1.73
2012.08.06 08:02:37.238,1.05467,1.05477,1.50,1.73
2012.08.06 08:02:37.584,1.05466,1.05478,4.35,1.05
2012.08.06 08:02:39.142,1.05467,1.05478,1.73,1.50
2012.08.06 08:02:39.670,1.05467,1.05478,2.48,2.25
2012.08.06 08:02:39.790,1.05468,1.05478,1.50,1.73
2012.08.06 08:02:39.911,1.05465,1.05478,2.48,1.73
2012.08.06 08:02:40.430,1.05465,1.05478,1.73,1.73
2012.08.06 08:02:40.558,1.05468,1.05478,1.50,1.73
2012.08.06 08:02:40.620,1.05466,1.05478,3.00,1.73
2012.08.06 08:02:41.741,1.05464,1.05477,1.73,2.48
2012.08.06 08:02:42.206,1.05466,1.05477,3.38,1.73
2012.08.06 08:02:42.554,1.05466,1.05477,3.60,1.50
2012.08.06 08:02:42.729,1.05467,1.05481,2.48,1.50
2012.08.06 08:02:43.233,1.05467,1.05481,2.48,1.50
2012.08.06 08:02:44.536,1.05466,1.0548,4.35,1.50
2012.08.06 08:02:44.714,1.05468,1.05479,1.73,1.50
2012.08.06 08:02:44.951,1.05466,1.05478,1.50,2.48
2012.08.06 08:02:45.186,1.05464,1.05477,2.48,2.25
2012.08.06 08:02:45.533,1.05466,1.05478,1.50,3.53
2012.08.06 08:02:45.939,1.05466,1.05478,1.50,3.23
2012.08.06 08:02:46.173,1.05464,1.05477,1.73,2.25
2012.08.06 08:02:46.656,1.05466,1.05478,1.50,3.23
2012.08.06 08:02:47.010,1.05468,1.05478,1.50,1.73
2012.08.06 08:02:47.188,1.05468,1.05481,1.73,3.75
2012.08.06 08:02:49.298,1.05468,1.05481,2.48,3.00
2012.08.06 08:02:49.593,1.05471,1.05483,1.50,4.35
2012.08.06 08:02:49.884,1.05469,1.05483,1.73,2.85
2012.08.06 08:02:50.913,1.05469,1.05483,1.73,2.85
2012.08.06 08:02:51.648,1.05469,1.05483,1.73,2.85
2012.08.06 08:02:51.824,1.05469,1.05482,1.73,3.00
2012.08.06 08:02:52.173,1.05467,1.05478,2.63,1.50
2012.08.06 08:02:52.352,1.05466,1.05473,1.50,2.85
2012.08.06 08:02:52.472,1.05463,1.05473,3.75,2.85
2012.08.06 08:02:52.936,1.0546,1.05473,3.23,2.85
2012.08.06 08:02:54.011,1.0546,1.05472,1.73,1.73
2012.08.06 08:02:54.366,1.05459,1.0547,1.73,2.25
2012.08.06 08:02:54.819,1.05459,1.05472,2.48,2.03
2012.08.06 08:02:55.340,1.0546,1.05472,1.73,1.28
2012.08.06 08:02:55.800,1.0546,1.05473,3.23,3.60
2012.08.06 08:02:56.148,1.05465,1.05473,1.50,2.10
2012.08.06 08:02:56.327,1.05465,1.05475,1.73,1.50
2012.08.06 08:02:56.390,1.05465,1.05478,1.73,3.98
2012.08.06 08:02:56.910,1.05466,1.05478,1.50,1.73
2012.08.06 08:02:57.484,1.05465,1.05478,1.73,3.23
2012.08.06 08:03:01.229,1.05465,1.05478,1.73,3.98
2012.08.06 08:03:02.001,1.05467,1.05478,1.50,2.48
2012.08.06 08:03:02.635,1.05467,1.0548,4.73,2.25
2012.08.06 08:03:03.156,1.05469,1.05482,1.73,3.00
2012.08.06 08:03:03.737,1.05467,1.0548,6.98,1.50
2012.08.06 08:03:03.857,1.05468,1.05483,2.48,5.10
2012.08.06 08:03:04.380,1.05467,1.05481,1.73,3.00
2012.08.06 08:03:04.619,1.05466,1.05479,1.50,1.73
2012.08.06 08:03:05.159,1.05464,1.05479,3.60,3.23
2012.08.06 08:03:05.222,1.05464,1.05479,3.60,3.23
2012.08.06 08:03:06.178,1.05466,1.05479,2.25,2.48
2012.08.06 08:03:06.583,1.05467,1.05481,2.48,2.25
2012.08.06 08:03:07.114,1.0547,1.05482,1.50,2.78
2012.08.06 08:03:07.236,1.05467,1.05475,3.23,1.50
2012.08.06 08:03:07.479,1.05466,1.05475,1.88,1.73
2012.08.06 08:03:07.919,1.05469,1.05482,1.73,2.25
2012.08.06 08:03:08.349,1.05468,1.05479,1.73,1.50
2012.08.06 08:03:08.905,1.05468,1.05479,1.50,1.73
2012.08.06 08:03:09.426,1.05466,1.05479,2.25,3.98
2012.08.06 08:03:09.720,1.05467,1.0548,1.73,1.50
2012.08.06 08:03:09.782,1.05467,1.05481,2.48,1.50
2012.08.06 08:03:09.961,1.05467,1.05479,2.25,1.73
2012.08.06 08:03:10.255,1.05465,1.05478,2.48,1.73
2012.08.06 08:03:11.367,1.05465,1.05478,2.48,1.73
2012.08.06 08:03:11.430,1.05468,1.05478,1.50,1.73
2012.08.06 08:03:11.551,1.05466,1.05478,1.50,2.48
2012.08.06 08:03:12.391,1.05464,1.05477,5.10,2.48
2012.08.06 08:03:14.436,1.05465,1.05478,1.73,2.78
2012.08.06 08:03:15.067,1.05464,1.05474,2.48,2.63
2012.08.06 08:03:15.360,1.05464,1.05477,2.48,1.73
2012.08.06 08:03:15.594,1.05467,1.05478,1.50,1.28
2012.08.06 08:03:16.226,1.05466,1.05479,1.50,3.98
2012.08.06 08:03:18.312,1.05463,1.05478,3.98,3.23
2012.08.06 08:03:20.624,1.05466,1.05478,1.50,1.28
2012.08.06 08:03:20.917,1.05468,1.05481,1.73,2.25
2012.08.06 08:03:21.379,1.05467,1.05479,4.35,1.50
2012.08.06 08:03:22.976,1.05467,1.05481,5.85,2.25
2012.08.06 08:03:23.563,1.05468,1.05482,2.25,2.25
2012.08.06 08:03:23.913,1.05472,1.05482,1.50,1.50
2012.08.06 08:03:24.152,1.05475,1.05485,1.73,1.50
2012.08.06 08:03:24.217,1.05475,1.05488,1.73,1.73
2012.08.06 08:03:24.452,1.05473,1.05487,1.73,2.03
2012.08.06 08:03:24.572,1.05472,1.05484,5.63,1.73
2012.08.06 08:03:26.366,1.05472,1.05485,2.25,3.53
2012.08.06 08:03:26.660,1.05475,1.05486,1.50,1.13
2012.08.06 08:03:27.182,1.05475,1.05488,1.50,3.23
2012.08.06 08:03:31.704,1.05475,1.05488,2.25,3.23
2012.08.06 08:03:31.939,1.05477,1.0549,2.10,2.48
2012.08.06 08:03:32.178,1.05478,1.05493,3.23,4.28
2012.08.06 08:03:32.695,1.05479,1.05493,1.73,3.98
2012.08.06 08:03:33.684,1.05478,1.0549,1.73,1.50
2012.08.06 08:03:34.996,1.05479,1.05492,1.73,3.23
2012.08.06 08:03:35.520,1.05478,1.05491,3.23,1.50
2012.08.06 08:03:37.258,1.05479,1.05489,1.73,1.50
2012.08.06 08:03:37.614,1.05476,1.05484,2.25,2.25
2012.08.06 08:03:37.678,1.05473,1.05484,1.50,3.23
2012.08.06 08:03:37.914,1.05471,1.05484,2.25,3.23
2012.08.06 08:03:38.324,1.05473,1.05486,3.98,1.43
2012.08.06 08:03:39.133,1.05473,1.05485,3.98,1.43
2012.08.06 08:03:39.254,1.05473,1.05484,2.48,1.50
2012.08.06 08:03:39.375,1.05472,1.05484,1.50,2.48
2012.08.06 08:03:39.839,1.0547,1.05484,1.13,3.98
2012.08.06 08:03:40.372,1.05471,1.05484,1.50,2.48
2012.08.06 08:03:40.777,1.05469,1.05482,3.23,1.05
2012.08.06 08:03:43.474,1.0547,1.05482,1.50,1.50
2012.08.06 08:03:43.886,1.05472,1.05482,1.50,1.50
2012.08.06 08:03:44.935,1.05472,1.05484,2.25,2.48
2012.08.06 08:03:45.176,1.05473,1.05487,4.35,1.50
2012.08.06 08:03:46.350,1.05474,1.05485,1.73,1.05
2012.08.06 08:03:46.803,1.0547,1.05483,3.00,5.10
2012.08.06 08:03:47.329,1.0547,1.05483,2.25,5.10
2012.08.06 08:03:48.402,1.0547,1.05483,1.50,5.10
2012.08.06 08:03:48.756,1.05468,1.05478,1.73,1.88
2012.08.06 08:03:49.109,1.05464,1.05478,3.23,3.60
2012.08.06 08:03:51.871,1.05467,1.05479,1.13,1.73
2012.08.06 08:03:52.219,1.05468,1.0548,1.73,2.25
2012.08.06 08:03:54.019,1.05468,1.0548,1.73,2.63
2012.08.06 08:03:54.198,1.05468,1.05479,1.50,1.73
2012.08.06 08:03:54.623,1.05465,1.05479,3.23,1.73
2012.08.06 08:03:55.558,1.05465,1.05479,2.48,2.48
2012.08.06 08:03:55.739,1.05466,1.05478,1.88,1.73
2012.08.06 08:03:56.133,1.05473,1.05483,2.48,1.35
2012.08.06 08:03:56.204,1.05475,1.05488,1.50,5.10
2012.08.06 08:03:56.734,1.05474,1.05488,1.73,3.60
2012.08.06 08:03:57.609,1.05474,1.05488,2.63,3.60
2012.08.06 08:03:57.961,1.05479,1.05492,2.48,4.20
2012.08.06 08:03:58.311,1.05483,1.05492,1.50,1.20
2012.08.06 08:03:58.464,1.05481,1.05493,1.50,3.60
2012.08.06 08:04:00.491,1.05481,1.05492,2.25,3.23
2012.08.06 08:04:01.024,1.05481,1.05488,1.50,1.50
2012.08.06 08:04:01.093,1.05479,1.05487,1.50,1.73
2012.08.06 08:04:01.386,1.05477,1.05487,1.50,1.95
2012.08.06 08:04:01.450,1.05474,1.05486,1.35,1.50
2012.08.06 08:04:02.158,1.05474,1.05487,2.85,1.73
2012.08.06 08:04:07.589,1.05474,1.05487,2.85,2.48
2012.08.06 08:04:07.825,1.05474,1.05484,2.85,1.73
2012.08.06 08:04:08.377,1.05474,1.0548,1.50,1.50
2012.08.06 08:04:08.679,1.05471,1.05477,1.50,2.48
2012.08.06 08:04:09.262,1.05471,1.05477,1.50,2.48
2012.08.06 08:04:09.327,1.05463,1.05477,1.35,3.98
2012.08.06 08:04:11.143,1.05464,1.05476,2.33,1.50
2012.08.06 08:04:14.644,1.05465,1.05476,1.73,3.23
2012.08.06 08:04:14.708,1.05465,1.05473,1.73,1.13
2012.08.06 08:04:15.059,1.05465,1.05471,1.50,1.50
2012.08.06 08:04:15.121,1.05461,1.05471,1.50,1.50
2012.08.06 08:04:15.242,1.05457,1.05471,2.10,1.50
2012.08.06 08:04:15.650,1.05457,1.0547,2.10,1.50
2012.08.06 08:04:16.172,1.05457,1.05471,2.10,1.50
2012.08.06 08:04:17.139,1.05457,1.0547,1.88,1.50
2012.08.06 08:04:17.437,1.05449,1.05462,2.48,1.50
2012.08.06 08:04:17.616,1.05449,1.05462,2.10,1.50
2012.08.06 08:04:17.943,1.05449,1.05461,1.35,2.85
2012.08.06 08:04:18.245,1.05449,1.05458,1.13,2.48
2012.08.06 08:04:18.822,1.05446,1.05457,1.13,2.85
2012.08.06 08:04:18.999,1.05446,1.05456,1.13,1.50
2012.08.06 08:04:19.291,1.05443,1.05456,2.48,2.48
2012.08.06 08:04:19.754,1.05444,1.05457,1.73,2.70
2012.08.06 08:04:20.164,1.05442,1.05457,2.48,3.98
2012.08.06 08:04:20.459,1.05442,1.05453,1.50,2.48
2012.08.06 08:04:20.585,1.0544,1.05451,2.48,1.73
2012.08.06 08:04:20.942,1.05437,1.05448,2.25,2.70
2012.08.06 08:04:21.206,1.05433,1.05447,1.73,3.98
2012.08.06 08:04:21.271,1.05432,1.05446,3.98,1.73
2012.08.06 08:04:21.809,1.05435,1.05446,1.50,1.73
2012.08.06 08:04:22.337,1.05435,1.05446,1.50,1.73
2012.08.06 08:04:25.097,1.05435,1.05446,1.50,1.73
2012.08.06 08:04:25.623,1.05432,1.05446,3.98,1.73
2012.08.06 08:04:26.753,1.05435,1.05446,1.50,1.73
2012.08.06 08:04:27.272,1.05432,1.05446,3.23,1.73
2012.08.06 08:04:27.789,1.05435,1.05446,1.50,1.73
2012.08.06 08:04:28.958,1.05435,1.05447,1.50,1.73
2012.08.06 08:04:29.078,1.05437,1.05447,1.50,1.73
2012.08.06 08:04:29.429,1.05437,1.0545,2.48,2.48
2012.08.06 08:04:29.609,1.0544,1.0545,1.73,2.48
2012.08.06 08:04:29.792,1.05441,1.05453,4.73,1.50
2012.08.06 08:04:29.856,1.05443,1.05456,1.73,1.73
2012.08.06 08:04:30.152,1.05447,1.05456,1.50,1.73
2012.08.06 08:04:30.508,1.05451,1.05459,1.50,1.50
2012.08.06 08:04:30.846,1.05448,1.05459,1.50,1.88
2012.08.06 08:04:31.258,1.05444,1.05457,1.73,1.50
2012.08.06 08:04:32.131,1.05444,1.05456,1.73,2.48
2012.08.06 08:04:32.370,1.05441,1.05454,1.50,3.60
2012.08.06 08:04:32.494,1.05442,1.05455,2.10,2.48
2012.08.06 08:04:33.020,1.05443,1.05455,1.73,1.73
2012.08.06 08:04:33.541,1.05446,1.05458,2.63,2.48
2012.08.06 08:04:33.895,1.05445,1.05458,1.50,1.73
2012.08.06 08:04:34.414,1.05444,1.05457,1.73,2.48
2012.08.06 08:04:36.988,1.05445,1.05458,1.50,1.73
2012.08.06 08:04:40.254,1.05443,1.05458,4.95,3.23
2012.08.06 08:04:40.374,1.05446,1.05458,1.50,1.73
2012.08.06 08:04:44.822,1.05443,1.05458,4.95,2.48
2012.08.06 08:04:45.830,1.05446,1.05459,1.50,6.83
2012.08.06 08:04:46.653,1.05446,1.05459,3.38,2.70
2012.08.06 08:04:46.958,1.05449,1.0546,1.73,1.20
2012.08.06 08:04:47.491,1.0545,1.0546,1.50,1.50
2012.08.06 08:04:47.613,1.0545,1.05461,1.50,1.73
2012.08.06 08:04:48.200,1.05449,1.05461,1.73,1.73
2012.08.06 08:04:49.370,1.0545,1.05462,1.50,1.73
2012.08.06 08:04:49.893,1.0545,1.05463,3.38,1.73
2012.08.06 08:04:50.180,1.05452,1.05465,1.50,3.23
2012.08.06 08:04:50.417,1.05452,1.05464,2.48,1.50
2012.08.06 08:04:50.885,1.05454,1.05467,1.73,1.20
2012.08.06 08:04:51.464,1.05453,1.05466,3.23,2.70
2012.08.06 08:04:51.875,1.05453,1.05463,1.73,3.60
2012.08.06 08:04:52.053,1.0545,1.05462,1.50,1.20
2012.08.06 08:04:52.573,1.05447,1.0546,4.73,2.25
2012.08.06 08:04:53.561,1.05447,1.0546,3.23,4.50
2012.08.06 08:04:54.086,1.05444,1.05456,1.73,2.25
2012.08.06 08:04:54.149,1.05443,1.05456,5.48,2.70
2012.08.06 08:04:55.772,1.05443,1.05455,2.48,1.95
2012.08.06 08:04:56.302,1.05442,1.05457,3.23,5.70
2012.08.06 08:04:56.713,1.05442,1.05455,3.23,1.73
2012.08.06 08:04:57.064,1.05442,1.05455,1.73,3.45
2012.08.06 08:04:58.093,1.05442,1.05453,1.73,1.50
2012.08.06 08:04:59.745,1.05442,1.05455,5.48,3.23
2012.08.06 08:05:00.262,1.05446,1.05457,1.50,1.73
2012.08.06 08:05:00.778,1.05444,1.05457,1.73,1.73
2012.08.06 08:05:01.979,1.05444,1.05456,1.73,1.50
2012.08.06 08:05:02.335,1.0544,1.05451,2.48,3.45
2012.08.06 08:05:02.519,1.0544,1.05449,1.73,3.23
2012.08.06 08:05:02.874,1.05433,1.05447,1.35,3.23
2012.08.06 08:05:05.935,1.05433,1.05446,2.85,1.73
2012.08.06 08:05:06.280,1.05436,1.05447,1.50,1.73
2012.08.06 08:05:06.516,1.05434,1.05447,1.73,3.98
2012.08.06 08:05:06.579,1.05434,1.05446,1.73,2.48
2012.08.06 08:05:06.698,1.05434,1.05445,1.73,1.50
2012.08.06 08:05:06.932,1.05434,1.05446,1.73,2.48
2012.08.06 08:05:07.339,1.05434,1.05446,3.23,1.73
2012.08.06 08:05:07.634,1.05438,1.05451,1.73,2.48
2012.08.06 08:05:07.870,1.05442,1.05451,1.50,2.48
2012.08.06 08:05:07.992,1.05442,1.05452,1.50,1.73
2012.08.06 08:05:08.170,1.05442,1.05454,3.23,1.13
2012.08.06 08:05:08.691,1.05443,1.05455,1.35,2.25
2012.08.06 08:05:09.210,1.05442,1.05455,3.23,2.25
2012.08.06 08:05:10.687,1.05443,1.05456,2.48,1.73
2012.08.06 08:05:11.214,1.05443,1.05456,2.48,1.73
2012.08.06 08:05:11.469,1.05443,1.05456,2.48,1.73
2012.08.06 08:05:12.218,1.05443,1.05456,2.48,1.73
2012.08.06 08:05:12.793,1.05443,1.05456,2.48,1.73
2012.08.06 08:05:12.855,1.05443,1.05456,2.48,2.48
2012.08.06 08:05:12.974,1.05443,1.05456,2.48,1.73
2012.08.06 08:05:13.093,1.05443,1.05456,2.48,1.73
2012.08.06 08:05:13.268,1.05443,1.05456,2.48,2.48
2012.08.06 08:05:13.444,1.05442,1.05456,4.20,3.98
2012.08.06 08:05:14.073,1.05442,1.05453,2.85,1.50
2012.08.06 08:05:14.136,1.05442,1.05453,2.85,1.50
2012.08.06 08:05:14.312,1.05442,1.05455,4.35,2.25
2012.08.06 08:05:14.432,1.05442,1.05453,2.10,1.50
2012.08.06 08:05:15.383,1.05442,1.05455,4.35,2.25
2012.08.06 08:05:16.068,1.05442,1.05455,4.35,1.50
2012.08.06 08:05:17.532,1.05444,1.05457,1.50,3.23
2012.08.06 08:05:18.886,1.05444,1.05456,1.50,1.73
2012.08.06 08:05:19.619,1.05444,1.05457,1.50,3.98
2012.08.06 08:05:19.681,1.05444,1.05456,1.50,1.73
2012.08.06 08:05:20.195,1.05442,1.05455,4.35,1.50
2012.08.06 08:05:20.774,1.05444,1.05457,1.50,3.23
2012.08.06 08:05:21.339,1.05446,1.05457,1.13,3.23
2012.08.06 08:05:21.577,1.05448,1.05459,1.50,1.50
2012.08.06 08:05:22.097,1.05448,1.0546,1.50,2.25
2012.08.06 08:05:22.643,1.05448,1.05461,3.00,3.98
2012.08.06 08:05:23.456,1.05448,1.05459,1.50,1.50
2012.08.06 08:05:23.977,1.05448,1.05461,3.00,3.98
2012.08.06 08:05:24.556,1.05448,1.05459,1.50,1.50
2012.08.06 08:05:25.997,1.05448,1.05459,1.50,2.25
2012.08.06 08:05:26.524,1.05448,1.05459,1.50,2.25
2012.08.06 08:05:28.213,1.05448,1.05459,1.50,2.25
2012.08.06 08:05:28.751,1.05446,1.05457,3.60,2.25
2012.08.06 08:05:29.099,1.05444,1.05456,2.25,1.73
2012.08.06 08:05:29.279,1.05443,1.05454,1.73,1.50
2012.08.06 08:05:29.799,1.05443,1.05454,1.73,1.50
2012.08.06 08:05:30.417,1.05443,1.05454,1.73,1.50
2012.08.06 08:05:30.816,1.05443,1.05454,1.73,1.50
2012.08.06 08:05:31.325,1.05443,1.05455,1.73,1.73
2012.08.06 08:05:31.675,1.05445,1.05458,2.25,3.23
2012.08.06 08:05:33.901,1.05444,1.05456,2.25,1.73
2012.08.06 08:05:33.963,1.05444,1.05457,2.25,3.23
2012.08.06 08:05:34.513,1.05444,1.05456,2.25,1.73
2012.08.06 08:05:35.029,1.05443,1.05456,1.73,2.48
2012.08.06 08:05:36.466,1.05443,1.05456,1.73,2.48
2012.08.06 08:05:37.023,1.05443,1.05456,1.73,2.48
2012.08.06 08:05:37.646,1.05443,1.05456,1.73,2.48
2012.08.06 08:05:38.148,1.05443,1.05453,1.73,1.50
2012.08.06 08:05:38.670,1.05443,1.05456,1.73,2.48
2012.08.06 08:05:39.208,1.05443,1.05456,1.73,2.48
2012.08.06 08:05:41.750,1.05447,1.05455,1.50,1.73
2012.08.06 08:05:42.045,1.05452,1.05464,3.23,1.50
2012.08.06 08:05:42.167,1.05455,1.05466,1.88,1.35
2012.08.06 08:05:42.406,1.05458,1.05467,1.50,1.50
2012.08.06 08:05:42.785,1.05455,1.05468,1.88,3.23
2012.08.06 08:05:45.234,1.05453,1.05465,2.85,1.73
2012.08.06 08:05:45.757,1.05453,1.05466,2.85,1.73
2012.08.06 08:05:46.224,1.05451,1.05464,4.43,1.50
2012.08.06 08:05:46.528,1.05451,1.05463,1.50,2.48
2012.08.06 08:05:47.046,1.05451,1.05464,2.25,1.73
2012.08.06 08:05:47.553,1.05452,1.05464,1.50,1.73
2012.08.06 08:05:48.272,1.05453,1.05465,1.73,1.73
2012.08.06 08:05:48.793,1.05453,1.05468,4.58,2.48
2012.08.06 08:05:49.330,1.05453,1.05468,4.58,2.48
2012.08.06 08:05:50.667,1.05453,1.05466,1.73,1.73
2012.08.06 08:05:51.133,1.05453,1.05466,1.73,1.73
2012.08.06 08:05:51.654,1.05453,1.05466,1.73,1.73
2012.08.06 08:05:52.004,1.05452,1.05464,2.10,1.50
2012.08.06 08:05:52.339,1.05451,1.05464,1.50,4.35
2012.08.06 08:05:52.813,1.05453,1.05465,2.85,1.73
2012.08.06 08:05:54.400,1.05457,1.05466,1.65,1.73
2012.08.06 08:05:54.695,1.05459,1.05472,1.50,5.48
2012.08.06 08:05:54.815,1.05459,1.05472,1.50,5.10
2012.08.06 08:05:54.936,1.05457,1.05471,1.73,2.48
2012.08.06 08:05:55.055,1.05458,1.05471,1.43,2.48
2012.08.06 08:05:55.116,1.05456,1.0547,5.10,3.23
2012.08.06 08:05:55.468,1.05457,1.05469,1.20,3.23
2012.08.06 08:05:55.992,1.05456,1.05469,1.88,4.73
2012.08.06 08:05:58.250,1.05459,1.05466,1.20,1.73
2012.08.06 08:05:58.546,1.05461,1.05472,2.25,1.35
2012.08.06 08:06:00.028,1.05462,1.05472,2.63,1.73
2012.08.06 08:06:00.092,1.05462,1.05474,3.60,1.50
2012.08.06 08:06:00.211,1.05465,1.05478,2.25,3.60
2012.08.06 08:06:04.610,1.05462,1.05477,5.10,3.23
2012.08.06 08:06:06.394,1.05462,1.05477,5.10,3.23
2012.08.06 08:06:06.909,1.05462,1.05477,5.10,2.48
2012.08.06 08:06:13.086,1.05463,1.05477,2.25,2.48
2012.08.06 08:06:13.203,1.05464,1.05478,2.25,2.48
2012.08.06 08:06:14.764,1.05463,1.05476,2.25,2.48
2012.08.06 08:06:15.112,1.05463,1.05474,2.25,1.50
2012.08.06 08:06:15.460,1.05461,1.05474,2.25,4.35
2012.08.06 08:06:16.276,1.05461,1.05474,2.25,4.35
2012.08.06 08:06:18.120,1.05461,1.05474,2.25,4.35
2012.08.06 08:06:24.409,1.0546,1.05472,1.88,1.73
2012.08.06 08:06:24.947,1.05459,1.0547,1.50,2.48
2012.08.06 08:06:25.876,1.0546,1.05471,1.50,1.73
2012.08.06 08:06:28.457,1.05459,1.05473,1.50,2.70
2012.08.06 08:06:29.179,1.05461,1.05472,1.50,1.73
2012.08.06 08:06:29.733,1.05459,1.05472,1.50,1.73
2012.08.06 08:06:29.910,1.05459,1.05472,1.50,1.73
2012.08.06 08:06:30.428,1.05459,1.05472,3.00,5.48
2012.08.06 08:06:32.098,1.05461,1.05472,1.50,2.48
2012.08.06 08:06:32.395,1.05461,1.05473,3.00,1.73
2012.08.06 08:06:32.578,1.05462,1.05474,4.35,1.50
2012.08.06 08:06:33.119,1.05463,1.05477,2.25,2.48
2012.08.06 08:06:33.750,1.05462,1.05476,4.35,2.48
2012.08.06 08:06:34.324,1.05462,1.05473,4.35,1.50
2012.08.06 08:06:34.501,1.05462,1.05475,5.85,1.73
2012.08.06 08:06:35.018,1.05462,1.05475,5.85,2.48
2012.08.06 08:06:35.688,1.05462,1.05475,6.60,2.48
2012.08.06 08:06:36.212,1.05462,1.05475,5.85,2.48
2012.08.06 08:06:37.029,1.05462,1.05475,5.85,2.48
2012.08.06 08:06:37.724,1.05464,1.05477,3.00,2.48
2012.08.06 08:06:38.074,1.05468,1.0548,3.00,1.73
2012.08.06 08:06:38.253,1.05469,1.05481,1.50,1.73
2012.08.06 08:06:38.723,1.05473,1.05483,1.50,1.73
2012.08.06 08:06:38.795,1.05473,1.05486,3.75,1.73
2012.08.06 08:06:40.463,1.05473,1.05486,2.25,3.98
2012.08.06 08:06:41.060,1.05473,1.05483,2.25,1.50
2012.08.06 08:06:41.357,1.05467,1.0548,3.98,2.48
2012.08.06 08:06:41.595,1.05467,1.05478,3.23,1.50
2012.08.06 08:06:42.001,1.05467,1.0548,2.48,3.23
2012.08.06 08:06:42.627,1.05467,1.05478,2.48,1.50
2012.08.06 08:06:42.974,1.05467,1.05478,2.48,1.50
2012.08.06 08:06:43.550,1.05467,1.0548,2.48,3.23
2012.08.06 08:06:43.729,1.05466,1.05477,1.50,3.23
2012.08.06 08:06:44.252,1.05463,1.05475,1.50,1.73
2012.08.06 08:06:44.799,1.05463,1.05475,1.50,1.73
2012.08.06 08:06:48.805,1.05463,1.05475,1.50,2.48
2012.08.06 08:06:49.482,1.05463,1.05476,3.00,1.73
2012.08.06 08:06:50.068,1.05464,1.05478,1.35,4.73
2012.08.06 08:06:50.532,1.05464,1.05478,1.35,4.73
2012.08.06 08:06:51.045,1.05463,1.05475,1.50,2.48
2012.08.06 08:06:51.281,1.05463,1.05474,1.50,1.73
2012.08.06 08:06:51.585,1.05462,1.0547,1.50,1.73
2012.08.06 08:06:51.710,1.05458,1.05468,1.50,1.50
2012.08.06 08:06:51.950,1.05454,1.05467,1.50,3.98
2012.08.06 08:06:52.355,1.05454,1.05466,1.50,2.48
2012.08.06 08:06:52.418,1.05454,1.05466,1.50,2.48
2012.08.06 08:06:55.090,1.05453,1.05466,3.00,3.23
2012.08.06 08:06:55.444,1.05449,1.0546,3.38,3.23
2012.08.06 08:06:55.967,1.05447,1.05458,1.73,2.25
2012.08.06 08:06:56.486,1.05447,1.0546,3.23,3.23
2012.08.06 08:06:57.221,1.05447,1.0546,3.23,3.23
2012.08.06 08:06:57.797,1.05447,1.05458,1.73,2.25
2012.08.06 08:06:57.976,1.05447,1.05459,1.73,2.48
2012.08.06 08:06:58.323,1.05447,1.05459,1.73,2.48
2012.08.06 08:06:58.556,1.05447,1.05459,1.73,1.95
2012.08.06 08:06:59.019,1.05446,1.05457,1.73,1.50
2012.08.06 08:06:59.083,1.05444,1.05457,3.00,1.73
2012.08.06 08:06:59.608,1.05443,1.05456,2.48,2.48
2012.08.06 08:07:00.070,1.05445,1.05457,1.50,1.73
2012.08.06 08:07:00.825,1.05445,1.05452,1.50,1.50
2012.08.06 08:07:00.888,1.0544,1.05452,2.48,1.50
2012.08.06 08:07:01.413,1.05441,1.05453,2.25,1.73
2012.08.06 08:07:03.905,1.05442,1.05454,3.38,3.23
2012.08.06 08:07:04.085,1.05443,1.05454,2.25,2.25
2012.08.06 08:07:04.208,1.05447,1.05457,1.13,2.48
2012.08.06 08:07:04.388,1.05447,1.05459,2.10,4.17
2012.08.06 08:07:04.906,1.05447,1.05459,2.10,4.17
2012.08.06 08:07:08.511,1.05447,1.05459,2.85,2.25
2012.08.06 08:07:09.038,1.05447,1.05459,2.85,2.25
2012.08.06 08:07:09.587,1.05448,1.05461,2.25,6.60
2012.08.06 08:07:09.763,1.05449,1.05461,1.50,3.60
2012.08.06 08:07:10.112,1.05452,1.05461,1.50,1.73
2012.08.06 08:07:10.464,1.05453,1.05463,5.48,1.88
2012.08.06 08:07:11.009,1.05457,1.05463,3.23,1.88
2012.08.06 08:07:11.243,1.05457,1.05463,3.23,1.13
2012.08.06 08:07:11.307,1.05457,1.05468,3.23,1.50
2012.08.06 08:07:11.371,1.05457,1.0547,2.48,4.73
2012.08.06 08:07:11.605,1.05456,1.05468,3.23,2.25
2012.08.06 08:07:11.953,1.05455,1.05467,2.25,1.73
2012.08.06 08:07:12.247,1.05453,1.05466,4.88,2.48
2012.08.06 08:07:13.054,1.05453,1.05466,3.00,3.98
2012.08.06 08:07:13.580,1.05452,1.05464,1.73,3.38
2012.08.06 08:07:13.760,1.05451,1.05463,1.73,2.25
2012.08.06 08:07:14.117,1.05449,1.05462,2.25,3.98
2012.08.06 08:07:14.643,1.05449,1.05462,1.35,1.73
2012.08.06 08:07:15.000,1.05454,1.05463,2.25,2.48
2012.08.06 08:07:15.694,1.05456,1.05467,1.50,1.73
2012.08.06 08:07:15.871,1.05456,1.05467,1.50,1.73
2012.08.06 08:07:16.379,1.05456,1.05468,2.25,1.73
2012.08.06 08:07:17.949,1.05453,1.05468,3.60,3.23
2012.08.06 08:07:19.801,1.05453,1.05466,2.25,1.73
2012.08.06 08:07:20.035,1.05453,1.05468,2.25,3.98
2012.08.06 08:07:20.329,1.05452,1.05464,1.73,5.63
2012.08.06 08:07:20.683,1.05451,1.05461,1.50,1.73
2012.08.06 08:07:21.039,1.05446,1.05456,3.38,1.73
2012.08.06 08:07:21.545,1.05443,1.05456,3.75,2.48
2012.08.06 08:07:22.064,1.05443,1.05457,3.75,1.73
2012.08.06 08:07:24.449,1.05445,1.05458,2.25,1.73
2012.08.06 08:07:24.568,1.05444,1.05458,2.25,3.23
2012.08.06 08:07:28.038,1.05443,1.05455,2.25,1.73
2012.08.06 08:07:29.324,1.05444,1.05455,1.35,1.73
2012.08.06 08:07:29.673,1.05446,1.0546,3.60,3.23
2012.08.06 08:07:29.794,1.05448,1.05458,2.48,1.50
2012.08.06 08:07:29.974,1.05445,1.05458,1.50,2.48
2012.08.06 08:07:30.093,1.05443,1.05455,3.23,3.60
2012.08.06 08:07:30.272,1.05442,1.05454,1.50,3.23
2012.08.06 08:07:30.794,1.0544,1.05454,1.88,3.23
2012.08.06 08:07:31.525,1.05441,1.05454,1.50,2.85
2012.08.06 08:07:31.990,1.05437,1.05452,5.48,2.48
2012.08.06 08:07:32.285,1.05438,1.05451,1.50,3.23
2012.08.06 08:07:32.801,1.05438,1.05449,1.50,1.50
2012.08.06 08:07:33.459,1.05434,1.05444,1.35,1.35
2012.08.06 08:07:33.697,1.05438,1.05443,1.50,2.25
2012.08.06 08:07:33.761,1.05438,1.05444,1.50,2.63
2012.08.06 08:07:34.240,1.05436,1.05444,1.50,1.50
2012.08.06 08:07:34.420,1.05434,1.05445,1.50,1.73
2012.08.06 08:07:34.968,1.05433,1.05445,3.23,1.73
2012.08.06 08:07:35.032,1.05433,1.05445,3.23,1.73
2012.08.06 08:07:35.599,1.05433,1.05445,3.23,1.73
2012.08.06 08:07:36.191,1.05433,1.05445,3.23,2.48
2012.08.06 08:07:36.768,1.05433,1.05445,3.23,1.73
2012.08.06 08:07:36.944,1.05433,1.05445,3.23,1.73
2012.08.06 08:07:37.661,1.05433,1.05447,3.23,4.73
2012.08.06 08:07:38.180,1.05433,1.05445,2.63,1.73
2012.08.06 08:07:38.698,1.05433,1.05445,2.63,2.48
2012.08.06 08:07:38.967,1.05433,1.05445,2.63,3.23
2012.08.06 08:07:39.483,1.05433,1.05446,3.38,3.23
2012.08.06 08:07:40.579,1.05433,1.05446,3.38,3.23
2012.08.06 08:07:44.045,1.05435,1.05447,1.50,2.48
2012.08.06 08:07:44.395,1.05437,1.05448,1.50,3.23
2012.08.06 08:07:44.457,1.05437,1.05448,1.73,3.00
2012.08.06 08:07:45.244,1.05437,1.05448,1.73,1.50
2012.08.06 08:07:46.301,1.05437,1.05449,1.73,3.23
2012.08.06 08:07:46.539,1.05434,1.05446,3.00,1.73
2012.08.06 08:07:46.661,1.05433,1.05446,1.73,1.73
2012.08.06 08:07:53.350,1.05433,1.05446,2.48,3.23
2012.08.06 08:07:53.701,1.05437,1.05447,1.50,1.73
2012.08.06 08:07:53.938,1.05433,1.05446,2.85,1.73
2012.08.06 08:07:54.120,1.05435,1.05446,1.50,1.73
2012.08.06 08:07:54.474,1.05435,1.05448,3.00,3.23
2012.08.06 08:07:54.596,1.05437,1.0545,1.73,1.73
2012.08.06 08:07:54.659,1.05437,1.0545,2.48,2.48
2012.08.06 08:07:55.010,1.05436,1.05447,1.50,3.23
2012.08.06 08:07:55.520,1.05434,1.05446,3.38,1.73
2012.08.06 08:07:56.037,1.05434,1.05446,2.63,1.73
2012.08.06 08:08:00.774,1.05434,1.05446,3.38,1.73
2012.08.06 08:08:01.121,1.05437,1.05448,2.48,1.50
2012.08.06 08:08:01.299,1.05437,1.05449,2.48,2.48
2012.08.06 08:08:01.496,1.05437,1.05448,2.48,1.50
2012.08.06 08:08:02.962,1.05437,1.05447,2.48,1.50
2012.08.06 08:08:03.199,1.05437,1.05449,3.23,2.48
2012.08.06 08:08:03.378,1.05438,1.05451,4.35,1.73
2012.08.06 08:08:03.784,1.05442,1.05452,1.50,2.48
2012.08.06 08:08:04.300,1.0544,1.05452,3.00,2.48
2012.08.06 08:08:05.417,1.05441,1.05453,1.50,3.98
2012.08.06 08:08:05.767,1.05446,1.05454,1.88,1.50
2012.08.06 08:08:05.888,1.05447,1.05454,1.73,1.50
2012.08.06 08:08:06.010,1.05447,1.05457,1.73,1.88
2012.08.06 08:08:06.186,1.05447,1.05459,1.73,2.48
2012.08.06 08:08:06.937,1.05447,1.05458,1.73,1.50
2012.08.06 08:08:07.988,1.05447,1.05458,1.73,2.25
2012.08.06 08:08:08.395,1.05448,1.05461,4.88,4.73
2012.08.06 08:08:08.575,1.05451,1.05462,2.25,1.73
2012.08.06 08:08:08.931,1.05456,1.05467,1.50,2.48
2012.08.06 08:08:09.280,1.05454,1.05466,2.25,1.73
2012.08.06 08:08:12.943,1.05457,1.05466,1.13,1.73
2012.08.06 08:08:13.179,1.05458,1.05468,1.50,2.25
2012.08.06 08:08:13.527,1.05458,1.05469,1.50,1.50
2012.08.06 08:08:13.822,1.05458,1.05469,1.50,2.25
2012.08.06 08:08:14.340,1.05458,1.05469,1.50,2.25
2012.08.06 08:08:14.748,1.05458,1.05469,1.50,1.50
2012.08.06 08:08:16.431,1.05456,1.05469,1.73,3.00
2012.08.06 08:08:16.723,1.05453,1.05465,1.73,1.73
2012.08.06 08:08:20.496,1.05455,1.05467,1.50,1.73
2012.08.06 08:08:20.997,1.05453,1.05467,3.23,1.73
2012.08.06 08:08:27.209,1.05452,1.05462,2.33,1.13
2012.08.06 08:08:27.562,1.05449,1.05456,1.50,2.25
2012.08.06 08:08:27.893,1.05446,1.05455,1.09,1.73
2012.08.06 08:08:28.356,1.05443,1.05456,2.48,3.23
2012.08.06 08:08:28.533,1.05443,1.05456,1.73,3.23
2012.08.06 08:08:29.481,1.05443,1.05456,1.73,3.98
2012.08.06 08:08:30.428,1.05443,1.05456,1.73,3.23
2012.08.06 08:08:31.240,1.05443,1.05456,1.73,3.23
2012.08.06 08:08:31.801,1.05443,1.05456,1.73,3.23
2012.08.06 08:08:32.853,1.05442,1.05454,2.85,2.48
2012.08.06 08:08:33.398,1.05442,1.05455,4.35,2.48
2012.08.06 08:08:34.087,1.05442,1.05454,2.85,1.73
2012.08.06 08:08:34.610,1.05442,1.05454,2.85,1.73
2012.08.06 08:08:38.479,1.05442,1.05455,3.60,1.73
2012.08.06 08:08:38.994,1.05442,1.05455,3.60,1.73
2012.08.06 08:08:39.517,1.05442,1.05453,2.48,1.88
2012.08.06 08:08:39.581,1.05442,1.05453,1.73,2.63
2012.08.06 08:08:39.934,1.05439,1.05448,1.50,1.58
2012.08.06 08:08:40.116,1.05438,1.05447,1.50,2.25
2012.08.06 08:08:40.239,1.05438,1.0545,3.00,1.73
2012.08.06 08:08:40.651,1.05439,1.0545,1.50,3.23
2012.08.06 08:08:40.886,1.05439,1.05451,1.50,2.85
2012.08.06 08:08:40.949,1.0544,1.05451,1.50,2.85
2012.08.06 08:08:41.054,1.0544,1.05451,1.50,2.85
2012.08.06 08:08:41.346,1.05438,1.05449,2.63,2.25
2012.08.06 08:08:41.695,1.05438,1.0545,3.75,1.73
2012.08.06 08:08:42.245,1.05439,1.0545,1.50,1.73
2012.08.06 08:08:42.829,1.05438,1.05451,2.25,2.85
2012.08.06 08:08:42.949,1.05438,1.05451,3.00,2.85
2012.08.06 08:08:44.434,1.0544,1.05451,2.25,2.85
2012.08.06 08:08:44.964,1.0544,1.05451,1.50,2.10
2012.08.06 08:08:45.444,1.05442,1.05451,1.50,2.10
2012.08.06 08:08:45.963,1.0544,1.05451,1.50,2.85
2012.08.06 08:08:46.481,1.05441,1.05451,3.00,1.73
2012.08.06 08:08:46.829,1.05443,1.05453,1.50,1.50
2012.08.06 08:08:47.234,1.05443,1.05455,3.00,1.50
2012.08.06 08:08:47.900,1.05443,1.05454,3.00,1.50
2012.08.06 08:08:47.963,1.05443,1.05457,3.75,1.73
2012.08.06 08:08:48.859,1.05443,1.05457,3.75,1.73
2012.08.06 08:08:49.533,1.05443,1.05455,3.00,1.50
2012.08.06 08:08:50.698,1.05443,1.05458,3.00,3.23
2012.08.06 08:08:51.042,1.05443,1.05458,1.50,3.23
2012.08.06 08:08:51.573,1.05443,1.05455,1.50,1.50
2012.08.06 08:08:53.314,1.05443,1.05455,1.50,2.25
2012.08.06 08:08:56.032,1.05444,1.05455,1.50,1.50
2012.08.06 08:08:56.653,1.05443,1.05455,2.10,1.50
2012.08.06 08:08:56.956,1.05443,1.05455,1.50,1.50
2012.08.06 08:08:58.326,1.05443,1.05456,1.50,3.23
2012.08.06 08:08:58.881,1.05443,1.05455,1.50,1.50
2012.08.06 08:08:58.999,1.05443,1.05455,1.50,1.50
2012.08.06 08:08:59.537,1.05443,1.05456,1.50,3.23
2012.08.06 08:09:00.080,1.05443,1.05455,1.50,1.50
2012.08.06 08:09:01.549,1.05442,1.05453,1.73,1.13
2012.08.06 08:09:01.728,1.05442,1.05453,1.73,1.88
2012.08.06 08:09:02.141,1.05437,1.05447,2.48,1.50
2012.08.06 08:09:02.724,1.05438,1.05449,1.50,1.50
2012.08.06 08:09:04.509,1.05438,1.05452,3.60,2.48
2012.08.06 08:09:05.702,1.05438,1.05451,2.70,2.48
2012.08.06 08:09:06.676,1.05439,1.05451,1.50,1.73
2012.08.06 08:09:07.201,1.05438,1.05451,4.35,1.73
2012.08.06 08:09:07.370,1.0544,1.05452,1.20,1.73
2012.08.06 08:09:07.724,1.05442,1.05453,3.08,1.50
2012.08.06 08:09:08.836,1.05443,1.05456,3.23,3.23
2012.08.06 08:09:09.184,1.05443,1.05456,3.23,3.23
2012.08.06 08:09:10.190,1.05443,1.05455,2.48,3.23
2012.08.06 08:09:10.772,1.05442,1.05455,1.73,3.23
2012.08.06 08:09:11.250,1.05442,1.05454,1.73,1.50
2012.08.06 08:09:12.940,1.05442,1.05454,2.48,3.00
2012.08.06 08:09:13.059,1.05442,1.05454,1.73,3.00
2012.08.06 08:09:13.237,1.05442,1.05452,1.73,1.50
2012.08.06 08:09:19.297,1.0544,1.05452,1.73,3.00
2012.08.06 08:09:19.692,1.05438,1.0545,1.50,2.25
2012.08.06 08:09:20.588,1.05438,1.0545,1.50,2.25
2012.08.06 08:09:20.822,1.05438,1.05448,1.50,1.50
2012.08.06 08:09:21.112,1.05438,1.0545,1.50,3.00
2012.08.06 08:09:21.288,1.05438,1.0545,2.70,3.00
2012.08.06 08:09:21.584,1.0544,1.0545,1.50,1.50
2012.08.06 08:09:21.819,1.05438,1.0545,1.50,1.50
2012.08.06 08:09:22.234,1.05438,1.05448,2.10,1.50
2012.08.06 08:09:22.750,1.0544,1.05451,1.50,1.73
2012.08.06 08:09:23.458,1.05439,1.05451,3.00,1.73
2012.08.06 08:09:23.973,1.0544,1.05452,1.50,3.98
2012.08.06 08:09:24.496,1.05439,1.05451,3.00,1.73
2012.08.06 08:09:25.051,1.05439,1.05452,3.00,2.48
2012.08.06 08:09:25.115,1.05439,1.05451,1.50,3.23
2012.08.06 08:09:25.322,1.05438,1.0545,2.10,1.50
2012.08.06 08:09:25.553,1.05438,1.05451,1.50,1.73
2012.08.06 08:09:25.672,1.05439,1.05451,1.35,1.73
2012.08.06 08:09:26.025,1.05441,1.05454,3.60,4.35
2012.08.06 08:09:26.203,1.05443,1.05454,1.50,3.38
2012.08.06 08:09:26.734,1.05443,1.05455,2.25,1.50
2012.08.06 08:09:27.942,1.05443,1.05452,1.50,1.50
2012.08.06 08:09:28.063,1.05443,1.05454,1.50,2.25
2012.08.06 08:09:28.298,1.05443,1.05454,1.50,2.25
2012.08.06 08:09:28.360,1.05443,1.05454,1.50,1.50
2012.08.06 08:09:28.712,1.05443,1.05455,2.25,2.25
2012.08.06 08:09:28.774,1.05443,1.05455,2.25,1.50
2012.08.06 08:09:29.124,1.05443,1.05455,4.35,1.50
2012.08.06 08:09:29.187,1.05443,1.05455,4.35,1.50
2012.08.06 08:09:29.704,1.05443,1.05456,3.75,3.23
2012.08.06 08:09:30.230,1.05443,1.05456,3.75,3.23
2012.08.06 08:09:30.292,1.05443,1.05456,3.75,3.23
2012.08.06 08:09:31.427,1.05443,1.05456,3.75,3.23
2012.08.06 08:09:31.943,1.05443,1.05455,2.85,3.00
2012.08.06 08:09:32.178,1.05443,1.05455,4.35,1.50
2012.08.06 08:09:32.241,1.05443,1.05456,3.75,2.48
2012.08.06 08:09:32.360,1.05443,1.05456,4.35,3.23
2012.08.06 08:09:32.709,1.05444,1.05456,1.35,2.48
2012.08.06 08:09:34.076,1.05443,1.05457,2.25,3.98
2012.08.06 08:09:34.974,1.05447,1.05457,1.35,3.23
2012.08.06 08:09:35.325,1.05447,1.05458,3.60,1.50
2012.08.06 08:09:35.852,1.05447,1.05459,2.85,3.00
2012.08.06 08:09:36.029,1.05447,1.05458,5.10,1.50
2012.08.06 08:09:36.207,1.05447,1.05459,4.35,2.25
2012.08.06 08:09:36.617,1.05449,1.05458,2.25,1.50
2012.08.06 08:09:36.682,1.05449,1.0546,1.50,2.48
2012.08.06 08:09:37.205,1.05447,1.05461,3.60,3.98
2012.08.06 08:09:37.751,1.05448,1.05461,1.73,3.23
2012.08.06 08:09:38.106,1.05447,1.05458,3.60,1.50
2012.08.06 08:09:38.226,1.05447,1.05459,2.85,2.25
2012.08.06 08:09:38.738,1.05447,1.05459,3.60,1.50
2012.08.06 08:09:39.254,1.05447,1.05461,2.85,3.98
2012.08.06 08:09:39.739,1.05447,1.05459,2.85,3.75
2012.08.06 08:09:40.030,1.05447,1.0546,2.85,1.73
2012.08.06 08:09:40.210,1.05447,1.05461,2.85,4.35
2012.08.06 08:09:40.976,1.05447,1.0546,2.85,1.73
2012.08.06 08:09:41.303,1.05447,1.05459,2.85,3.00
2012.08.06 08:09:41.537,1.05447,1.05459,2.85,2.25
2012.08.06 08:09:42.332,1.05447,1.0546,2.85,1.73
2012.08.06 08:09:43.724,1.05447,1.05459,3.60,2.25
2012.08.06 08:09:44.239,1.05447,1.05459,2.85,1.50
2012.08.06 08:09:45.288,1.05447,1.0546,4.35,2.48
2012.08.06 08:09:45.814,1.05447,1.05458,2.85,1.50
2012.08.06 08:09:46.274,1.0545,1.05461,1.50,1.73
2012.08.06 08:09:46.506,1.05447,1.05461,5.70,2.48
2012.08.06 08:09:47.107,1.05447,1.05461,4.35,2.48
2012.08.06 08:09:47.401,1.05447,1.05459,2.85,2.25
2012.08.06 08:09:47.927,1.05448,1.05461,1.73,3.23
2012.08.06 08:09:48.397,1.05448,1.05461,3.08,3.23
2012.08.06 08:09:48.738,1.0545,1.05462,2.85,1.73
2012.08.06 08:09:48.869,1.0545,1.05463,2.85,7.35
2012.08.06 08:09:49.946,1.0545,1.05463,2.85,5.10
2012.08.06 08:09:50.066,1.05448,1.05461,3.98,1.73
2012.08.06 08:09:50.598,1.05448,1.05461,3.23,2.48
2012.08.06 08:09:51.114,1.05447,1.0546,4.35,2.48
2012.08.06 08:09:51.234,1.05448,1.05462,1.58,3.23
2012.08.06 08:09:51.584,1.05452,1.05463,1.50,5.10
2012.08.06 08:09:51.816,1.0545,1.05463,1.50,3.60
2012.08.06 08:09:52.729,1.05448,1.05459,2.33,1.50
2012.08.06 08:09:53.247,1.05448,1.05461,3.98,3.23
2012.08.06 08:09:53.823,1.05448,1.05461,3.98,3.23
2012.08.06 08:09:54.512,1.05448,1.05461,3.23,3.98
2012.08.06 08:09:55.031,1.05449,1.05462,3.75,2.48
2012.08.06 08:09:56.811,1.0545,1.05461,1.50,1.73
2012.08.06 08:09:57.107,1.05452,1.05466,2.33,4.35
2012.08.06 08:09:57.171,1.05455,1.05466,1.13,2.48
2012.08.06 08:09:57.518,1.05457,1.05466,2.48,1.50
2012.08.06 08:09:58.334,1.05457,1.05466,1.73,1.50
2012.08.06 08:09:58.515,1.05457,1.05469,1.73,1.50
2012.08.06 08:09:58.577,1.05457,1.0547,1.73,3.75
2012.08.06 08:10:01.338,1.05458,1.0547,1.50,3.00
2012.08.06 08:10:01.400,1.05464,1.05472,2.25,3.60
2012.08.06 08:10:01.697,1.05464,1.05478,4.73,2.25
2012.08.06 08:10:01.760,1.05464,1.05477,3.75,1.73
2012.08.06 08:10:02.971,1.05463,1.05475,2.48,2.85
2012.08.06 08:10:03.326,1.05463,1.05474,2.85,1.50
2012.08.06 08:10:03.563,1.05458,1.05471,3.00,2.48
2012.08.06 08:10:03.626,1.05458,1.05471,3.00,2.48
2012.08.06 08:10:03.977,1.05458,1.05467,1.50,2.25
2012.08.06 08:10:04.156,1.05457,1.05467,2.10,2.25
2012.08.06 08:10:04.394,1.05453,1.05466,2.48,3.23
2012.08.06 08:10:05.941,1.05453,1.05466,1.73,4.35
2012.08.06 08:10:11.094,1.05454,1.05465,1.50,1.73
2012.08.06 08:10:11.275,1.05456,1.05469,2.10,1.50
2012.08.06 08:10:11.446,1.05457,1.0547,1.73,2.48
2012.08.06 08:10:12.029,1.0546,1.05472,2.25,2.85
2012.08.06 08:10:12.699,1.05461,1.05473,1.50,2.48
2012.08.06 08:10:12.763,1.05462,1.05473,1.73,1.50
2012.08.06 08:10:13.301,1.05464,1.05477,2.25,5.10
2012.08.06 08:10:13.843,1.05462,1.05475,3.98,3.98
2012.08.06 08:10:14.370,1.05462,1.05474,2.48,1.50
2012.08.06 08:10:15.157,1.05463,1.05474,1.73,1.50
2012.08.06 08:10:15.699,1.05464,1.05477,3.00,4.73
2012.08.06 08:10:16.166,1.05461,1.05473,1.73,1.50
2012.08.06 08:10:16.530,1.0546,1.0547,2.25,2.25
2012.08.06 08:10:16.600,1.05458,1.05468,1.88,1.50
2012.08.06 08:10:17.797,1.05457,1.05469,2.48,3.00
2012.08.06 08:10:19.977,1.05459,1.05469,2.25,1.50
2012.08.06 08:10:20.328,1.05462,1.05474,3.60,2.25
2012.08.06 08:10:20.564,1.05463,1.05476,1.73,3.23
2012.08.06 08:10:22.336,1.05464,1.05477,1.50,1.73
2012.08.06 08:10:25.092,1.05463,1.05476,1.73,2.48
2012.08.06 08:10:28.090,1.05462,1.05472,1.50,1.92
2012.08.06 08:10:28.155,1.05461,1.05471,2.25,1.73
2012.08.06 08:10:28.333,1.0546,1.05468,3.00,1.50
2012.08.06 08:10:28.684,1.05454,1.05464,1.50,3.60
2012.08.06 08:10:28.863,1.0545,1.05462,1.50,1.73
2012.08.06 08:10:28.925,1.05449,1.05462,4.46,2.48
2012.08.06 08:10:29.678,1.0545,1.05462,2.25,2.33
2012.08.06 08:10:29.799,1.0545,1.05459,2.25,1.50
2012.08.06 08:10:30.093,1.05448,1.05458,2.48,1.50
2012.08.06 08:10:30.620,1.05448,1.05459,3.60,1.50
2012.08.06 08:10:31.256,1.05448,1.05461,4.73,1.73
2012.08.06 08:10:32.056,1.05448,1.05459,1.73,1.50
2012.08.06 08:10:32.575,1.05448,1.05462,2.48,3.23
2012.08.06 08:10:33.653,1.05449,1.05464,3.75,5.85
2012.08.06 08:10:34.011,1.05452,1.05464,1.73,2.25
2012.08.06 08:10:34.548,1.05452,1.05465,2.48,2.10
2012.08.06 08:10:37.528,1.05452,1.05465,2.10,1.73
2012.08.06 08:10:37.765,1.0545,1.05462,2.48,1.50
2012.08.06 08:10:38.001,1.05449,1.05461,1.50,3.23
2012.08.06 08:10:39.971,1.0545,1.05463,1.50,2.48
2012.08.06 08:10:40.207,1.05451,1.05464,1.73,3.38
2012.08.06 08:10:40.272,1.05451,1.05465,4.35,1.50
2012.08.06 08:10:40.824,1.05451,1.05463,1.73,1.88
2012.08.06 08:10:40.889,1.05449,1.05463,3.75,2.10
2012.08.06 08:10:41.125,1.0545,1.05461,2.25,1.73
2012.08.06 08:10:41.190,1.0545,1.05462,5.10,1.50
2012.08.06 08:10:41.258,1.05452,1.05465,1.73,3.23
2012.08.06 08:10:41.801,1.05452,1.05467,5.10,4.73
2012.08.06 08:10:43.470,1.05454,1.05467,2.48,1.50
2012.08.06 08:10:43.820,1.05456,1.05469,4.35,2.25
2012.08.06 08:10:44.281,1.05457,1.05471,2.48,1.73
2012.08.06 08:10:44.802,1.05459,1.05472,1.50,2.48
2012.08.06 08:10:44.922,1.05457,1.0547,3.98,2.25
2012.08.06 08:10:44.985,1.05457,1.0547,2.48,2.25
2012.08.06 08:10:45.281,1.05453,1.05465,1.50,1.50
2012.08.06 08:10:48.971,1.05453,1.05467,1.50,2.48
2012.08.06 08:10:49.836,1.05453,1.05464,1.50,1.50
2012.08.06 08:10:50.819,1.05453,1.05466,2.25,2.48
2012.08.06 08:10:53.322,1.05453,1.05466,3.75,2.48
2012.08.06 08:10:53.697,1.05457,1.0547,3.23,3.23
2012.08.06 08:10:54.217,1.05457,1.05469,1.73,1.50
2012.08.06 08:10:57.587,1.05457,1.0547,4.73,1.73
2012.08.06 08:10:58.107,1.05457,1.05469,2.48,1.50
2012.08.06 08:10:58.399,1.05454,1.05465,3.00,1.73
2012.08.06 08:10:58.791,1.05453,1.05465,1.73,2.48
2012.08.06 08:10:59.816,1.05453,1.05467,2.85,2.48
2012.08.06 08:11:00.383,1.05451,1.05464,5.10,1.50
2012.08.06 08:11:01.996,1.05451,1.05464,3.00,2.85
2012.08.06 08:11:03.872,1.05451,1.05464,5.10,1.50
2012.08.06 08:11:03.992,1.05453,1.05466,1.50,2.48
2012.08.06 08:11:05.585,1.05452,1.05464,1.73,1.50
2012.08.06 08:11:05.821,1.05452,1.05467,4.35,3.23
2012.08.06 08:11:06.467,1.05453,1.05467,1.50,3.23
2012.08.06 08:11:11.242,1.05453,1.05467,1.50,2.48
2012.08.06 08:11:15.035,1.05454,1.05464,1.50,1.50
2012.08.06 08:11:15.097,1.05453,1.05464,1.50,1.50
2012.08.06 08:11:15.605,1.05453,1.05465,1.50,1.50
2012.08.06 08:11:15.781,1.05453,1.05465,1.50,1.50
2012.08.06 08:11:16.318,1.05454,1.05468,2.25,1.73
2012.08.06 08:11:16.890,1.05453,1.05467,1.50,4.73
2012.08.06 08:11:17.237,1.05453,1.05464,1.50,3.00
2012.08.06 08:11:17.300,1.05453,1.05466,1.50,1.73
2012.08.06 08:11:17.815,1.05453,1.05465,1.50,1.50
2012.08.06 08:11:18.541,1.05453,1.05465,1.50,1.50
2012.08.06 08:11:18.894,1.05457,1.05469,2.10,3.00
2012.08.06 08:11:19.133,1.05452,1.05466,2.48,1.73
2012.08.06 08:11:19.369,1.05452,1.05463,2.48,1.50
2012.08.06 08:11:19.720,1.0545,1.05461,1.88,1.73
2012.08.06 08:11:19.842,1.05449,1.0546,1.50,1.50
2012.08.06 08:11:20.134,1.05448,1.05457,1.50,1.50
2012.08.06 08:11:20.255,1.05448,1.0546,1.50,2.25
2012.08.06 08:11:20.791,1.05449,1.05461,1.50,2.48
2012.08.06 08:11:21.294,1.05449,1.05462,2.25,3.23
2012.08.06 08:11:21.814,1.05449,1.05462,1.50,3.23
2012.08.06 08:11:22.354,1.05448,1.05462,2.25,4.73
2012.08.06 08:11:22.591,1.05448,1.05462,1.50,4.73
2012.08.06 08:11:22.984,1.05445,1.05455,1.73,1.50
2012.08.06 08:11:23.052,1.05442,1.05455,4.35,1.50
2012.08.06 08:11:23.571,1.05442,1.05455,2.85,2.25
2012.08.06 08:11:23.919,1.05443,1.05456,2.25,2.48
2012.08.06 08:11:24.443,1.05447,1.05456,1.73,2.25
2012.08.06 08:11:26.034,1.05446,1.05458,1.73,3.00
2012.08.06 08:11:26.212,1.05446,1.05457,1.50,2.48
2012.08.06 08:11:26.448,1.05447,1.05458,1.73,1.50
2012.08.06 08:11:26.626,1.05445,1.05457,1.13,2.48
2012.08.06 08:11:27.169,1.05445,1.05457,1.13,3.23
2012.08.06 08:11:27.690,1.05444,1.05457,3.00,3.98
2012.08.06 08:11:28.207,1.05444,1.05457,2.25,3.23
2012.08.06 08:11:28.326,1.05444,1.05457,2.25,3.23
2012.08.06 08:11:28.560,1.05444,1.05457,3.00,3.98
2012.08.06 08:11:29.463,1.05444,1.05456,2.25,1.73
2012.08.06 08:11:30.036,1.05444,1.05456,1.50,1.73
2012.08.06 08:11:31.320,1.05444,1.05457,2.25,3.98
2012.08.06 08:11:31.673,1.05439,1.0545,4.13,1.73
2012.08.06 08:11:31.925,1.05439,1.0545,3.75,1.73
2012.08.06 08:11:32.471,1.05436,1.05449,4.73,2.63
2012.08.06 08:11:32.594,1.05436,1.05448,2.25,2.48
2012.08.06 08:11:33.521,1.05434,1.05446,1.50,2.48
2012.08.06 08:11:34.058,1.05433,1.05444,2.10,2.25
2012.08.06 08:11:34.575,1.05433,1.05444,2.10,1.50
2012.08.06 08:11:35.192,1.05433,1.05444,2.10,1.50
2012.08.06 08:11:35.714,1.05433,1.05445,2.10,1.73
2012.08.06 08:11:35.775,1.05433,1.05445,2.10,1.73
2012.08.06 08:11:36.010,1.05433,1.05445,2.10,1.73
2012.08.06 08:11:36.073,1.05433,1.05445,2.10,1.73
2012.08.06 08:11:36.249,1.05433,1.05445,2.10,1.73
2012.08.06 08:11:36.795,1.05428,1.05441,3.23,3.00
2012.08.06 08:11:37.107,1.05427,1.05435,1.50,2.25
2012.08.06 08:11:37.231,1.05423,1.05435,3.23,1.50
2012.08.06 08:11:37.633,1.05422,1.05432,1.50,1.73
2012.08.06 08:11:37.998,1.05422,1.05431,1.50,2.48
2012.08.06 08:11:38.355,1.05419,1.05424,1.50,1.50
2012.08.06 08:11:38.974,1.05419,1.05424,1.50,2.25
2012.08.06 08:11:39.279,1.05416,1.05426,1.50,3.23
2012.08.06 08:11:39.937,1.05416,1.0543,1.73,5.10
2012.08.06 08:11:40.677,1.05416,1.05429,4.35,2.25
2012.08.06 08:11:41.435,1.05416,1.05428,2.85,3.00
2012.08.06 08:11:41.556,1.05416,1.05428,2.85,1.50
2012.08.06 08:11:42.122,1.05416,1.05424,1.73,1.88
2012.08.06 08:11:42.474,1.05413,1.05423,1.50,2.48
2012.08.06 08:11:43.404,1.0541,1.05423,2.25,3.23
2012.08.06 08:11:44.151,1.0541,1.05423,2.25,3.23
2012.08.06 08:11:44.326,1.0541,1.05423,2.25,3.23
2012.08.06 08:11:44.964,1.0541,1.05423,2.25,3.98
2012.08.06 08:11:45.582,1.05404,1.05422,1.88,3.23
2012.08.06 08:11:46.441,1.05408,1.05422,1.88,3.23
2012.08.06 08:11:47.023,1.05408,1.0542,4.65,1.50
2012.08.06 08:11:47.430,1.05408,1.05421,3.90,2.48
2012.08.06 08:11:47.952,1.05408,1.05421,3.38,2.48
2012.08.06 08:11:48.014,1.05408,1.05421,3.38,2.48
2012.08.06 08:11:48.839,1.05408,1.05421,4.65,2.48
2012.08.06 08:11:49.367,1.0541,1.05423,4.50,3.98
2012.08.06 08:11:50.280,1.0541,1.05423,2.25,3.23
2012.08.06 08:11:51.171,1.0541,1.05423,3.00,2.48
2012.08.06 08:11:51.687,1.0541,1.05422,1.50,1.73
2012.08.06 08:11:51.978,1.0541,1.05419,1.50,1.50
2012.08.06 08:11:52.332,1.05399,1.05412,3.23,2.25
2012.08.06 08:11:52.454,1.05403,1.0541,1.13,1.50
2012.08.06 08:11:53.093,1.05399,1.05411,2.48,1.95
2012.08.06 08:11:53.215,1.05399,1.05407,2.48,1.50
2012.08.06 08:11:53.396,1.05397,1.05407,2.63,1.73
2012.08.06 08:11:53.459,1.05397,1.05406,2.63,1.73
2012.08.06 08:11:53.991,1.05399,1.05411,3.98,2.48
2012.08.06 08:11:54.055,1.054,1.05411,2.25,1.73
2012.08.06 08:11:54.406,1.05401,1.05412,1.50,1.80
2012.08.06 08:11:54.471,1.05403,1.05412,2.25,2.48
2012.08.06 08:11:54.592,1.05404,1.05416,2.10,3.23
2012.08.06 08:11:55.203,1.05404,1.05416,2.10,3.23
2012.08.06 08:11:55.328,1.05404,1.05416,2.10,2.48
2012.08.06 08:11:55.871,1.05404,1.05414,2.10,1.50
2012.08.06 08:11:56.106,1.05404,1.05416,2.10,1.73
2012.08.06 08:11:56.633,1.05404,1.05416,1.35,2.48
2012.08.06 08:11:56.972,1.05404,1.05414,1.13,1.73
2012.08.06 08:11:57.210,1.05402,1.05413,1.13,3.23
2012.08.06 08:11:57.333,1.05399,1.05412,2.48,3.23
2012.08.06 08:11:57.568,1.05402,1.05411,1.13,1.73
2012.08.06 08:11:57.747,1.05402,1.05408,1.13,1.50
2012.08.06 08:11:57.868,1.05402,1.0541,1.13,2.48
2012.08.06 08:11:58.742,1.05404,1.0541,1.13,1.73
2012.08.06 08:11:59.094,1.05408,1.05414,1.13,1.50
2012.08.06 08:11:59.272,1.05408,1.05415,1.13,1.73
2012.08.06 08:11:59.334,1.05404,1.05414,2.85,1.50
2012.08.06 08:11:59.857,1.05404,1.05417,3.60,3.98
2012.08.06 08:12:00.723,1.05404,1.05417,2.10,2.48
2012.08.06 08:12:00.786,1.05404,1.05417,2.10,2.48
2012.08.06 08:12:09.248,1.05403,1.05415,3.38,1.35
2012.08.06 08:12:09.831,1.05403,1.05411,1.13,1.73
2012.08.06 08:12:10.125,1.05398,1.05409,1.13,1.73
2012.08.06 08:12:12.175,1.05398,1.05408,1.35,1.50
2012.08.06 08:12:12.239,1.05403,1.05408,1.13,1.50
2012.08.06 08:12:12.416,1.05403,1.0541,1.13,2.63
2012.08.06 08:12:12.989,1.05403,1.0541,1.13,1.13
2012.08.06 08:12:13.843,1.05403,1.0541,1.13,1.50
2012.08.06 08:12:14.364,1.05403,1.05414,1.13,3.23
2012.08.06 08:12:14.770,1.05403,1.05414,1.73,1.50
2012.08.06 08:12:15.290,1.05405,1.05416,1.50,2.10
2012.08.06 08:12:15.695,1.05404,1.05416,1.73,2.10
2012.08.06 08:12:15.759,1.05404,1.05416,1.73,2.85
2012.08.06 08:12:16.276,1.05403,1.05417,5.10,2.48
2012.08.06 08:12:16.845,1.05404,1.05416,1.73,1.73
2012.08.06 08:12:17.978,1.05404,1.05417,3.23,3.23
2012.08.06 08:12:18.646,1.05404,1.05415,2.48,1.50
2012.08.06 08:12:19.000,1.05401,1.0541,1.50,2.48
2012.08.06 08:12:19.352,1.05402,1.05409,1.13,1.73
2012.08.06 08:12:19.929,1.05398,1.05409,1.13,1.73
2012.08.06 08:12:20.395,1.05401,1.05409,1.13,1.73
2012.08.06 08:12:20.744,1.05403,1.0541,1.13,1.50
2012.08.06 08:12:20.866,1.05403,1.05411,1.13,1.35
2012.08.06 08:12:21.903,1.05403,1.05411,1.13,3.60
2012.08.06 08:12:22.429,1.05403,1.05411,1.13,3.60
2012.08.06 08:12:22.551,1.05403,1.05411,1.13,4.35
2012.08.06 08:12:22.841,1.05403,1.05411,1.13,5.10
2012.08.06 08:12:23.426,1.05403,1.05411,1.13,4.35
2012.08.06 08:12:23.603,1.05403,1.0541,1.13,2.25
2012.08.06 08:12:24.207,1.05403,1.0541,1.13,2.25
2012.08.06 08:12:24.670,1.05403,1.05411,1.13,2.85
2012.08.06 08:12:26.223,1.05403,1.05412,1.13,4.73
2012.08.06 08:12:26.776,1.05403,1.05412,1.13,2.48
2012.08.06 08:12:28.157,1.05403,1.0541,1.13,2.25
2012.08.06 08:12:28.687,1.05403,1.05412,1.13,5.10
2012.08.06 08:12:29.517,1.05403,1.05411,1.13,2.10
2012.08.06 08:12:30.034,1.05403,1.05411,1.13,3.23
2012.08.06 08:12:30.267,1.05403,1.05411,1.13,3.23
2012.08.06 08:12:30.784,1.05403,1.05411,1.13,1.73
2012.08.06 08:12:33.966,1.05403,1.0541,1.13,1.50
2012.08.06 08:12:34.656,1.05403,1.05412,1.13,3.23
2012.08.06 08:12:35.188,1.05403,1.0541,1.13,1.50
2012.08.06 08:12:35.563,1.05403,1.05411,1.13,1.73
2012.08.06 08:12:36.436,1.05403,1.05412,1.13,1.73
2012.08.06 08:12:36.671,1.05403,1.0541,1.13,2.25
2012.08.06 08:12:37.187,1.05403,1.05412,1.13,2.48
2012.08.06 08:12:40.524,1.05403,1.05412,1.13,1.73
2012.08.06 08:12:41.067,1.05403,1.05412,1.13,2.48
2012.08.06 08:12:41.185,1.05403,1.05411,1.13,1.73
2012.08.06 08:12:41.779,1.05403,1.05412,1.13,1.73
2012.08.06 08:12:42.300,1.05403,1.05413,1.13,2.48
2012.08.06 08:12:45.940,1.05403,1.05414,4.13,1.73
2012.08.06 08:12:46.121,1.05405,1.05416,1.50,2.85
2012.08.06 08:12:46.415,1.05405,1.05417,3.00,1.73
2012.08.06 08:12:46.935,1.05406,1.05419,1.50,2.48
2012.08.06 08:12:47.472,1.05406,1.05419,2.25,2.48
2012.08.06 08:12:47.987,1.05406,1.05419,2.25,2.48
2012.08.06 08:12:48.165,1.05408,1.05419,1.13,2.48
2012.08.06 08:12:48.459,1.05411,1.05421,2.25,1.73
2012.08.06 08:12:48.984,1.05411,1.05422,2.25,1.73
2012.08.06 08:12:49.050,1.05411,1.05422,3.00,1.73
2012.08.06 08:12:49.572,1.05409,1.05421,3.23,1.73
2012.08.06 08:12:50.130,1.05409,1.05422,4.73,3.98
2012.08.06 08:12:51.869,1.05409,1.05422,3.23,2.48
2012.08.06 08:12:53.293,1.05411,1.05422,1.50,1.73
2012.08.06 08:12:53.812,1.05412,1.05423,1.50,3.23
2012.08.06 08:12:53.930,1.0541,1.05423,2.48,2.48
2012.08.06 08:12:54.466,1.05411,1.05423,1.50,2.48
2012.08.06 08:12:54.759,1.05412,1.05423,2.48,1.50
2012.08.06 08:12:54.880,1.05415,1.05425,1.73,1.73
2012.08.06 08:12:55.408,1.05416,1.05427,1.50,1.73
2012.08.06 08:12:55.724,1.05416,1.05427,1.50,1.73
2012.08.06 08:12:55.790,1.05416,1.05428,1.50,2.48
2012.08.06 08:12:55.913,1.05417,1.05428,1.88,2.48
2012.08.06 08:12:56.151,1.05417,1.05429,5.10,1.50
2012.08.06 08:12:56.387,1.05419,1.05432,3.23,3.98
2012.08.06 08:12:56.741,1.05423,1.05434,2.63,1.73
2012.08.06 08:12:56.864,1.05425,1.05435,1.73,1.73
2012.08.06 08:12:57.388,1.05421,1.05434,1.50,1.73
2012.08.06 08:12:57.927,1.05423,1.05434,2.25,1.73
2012.08.06 08:12:59.056,1.05422,1.05434,1.50,1.73
2012.08.06 08:12:59.464,1.05424,1.05438,1.73,3.23
2012.08.06 08:13:00.159,1.05425,1.05439,1.73,2.10
2012.08.06 08:13:00.636,1.05427,1.05442,5.10,3.23
2012.08.06 08:13:03.435,1.05428,1.05441,2.10,1.73
2012.08.06 08:13:03.957,1.0543,1.05443,2.48,3.23
2012.08.06 08:13:04.532,1.0543,1.05445,1.65,3.23
2012.08.06 08:13:05.055,1.0543,1.05444,3.15,1.73
2012.08.06 08:13:05.854,1.0543,1.05445,1.65,3.23
2012.08.06 08:13:07.177,1.05429,1.05444,4.73,1.73
2012.08.06 08:13:07.697,1.0543,1.05443,1.73,1.73
2012.08.06 08:13:08.197,1.05431,1.05446,1.50,2.85
2012.08.06 08:13:08.553,1.05434,1.05448,1.73,2.48
2012.08.06 08:13:09.076,1.05434,1.05448,2.48,1.73
2012.08.06 08:13:13.494,1.05434,1.05448,2.50,1.73
2012.08.06 08:13:14.031,1.05434,1.05448,2.40,1.73
2012.08.06 08:13:15.688,1.05434,1.05449,3.15,2.48
2012.08.06 08:13:15.867,1.05439,1.05449,1.73,1.50
2012.08.06 08:13:16.621,1.05439,1.05452,2.48,2.85
2012.08.06 08:13:17.148,1.0544,1.05453,1.50,1.73
2012.08.06 08:13:17.763,1.05439,1.05452,2.48,2.48
2012.08.06 08:13:19.479,1.05439,1.05452,1.73,2.48
2012.08.06 08:13:20.392,1.05439,1.05451,1.73,1.73
2012.08.06 08:13:20.911,1.05439,1.05451,1.73,1.73
2012.08.06 08:13:22.222,1.05439,1.05451,1.73,1.73
2012.08.06 08:13:22.904,1.05436,1.05451,6.30,1.73
2012.08.06 08:13:23.143,1.05436,1.05445,1.50,1.35
2012.08.06 08:13:23.382,1.05434,1.05447,1.73,1.73
2012.08.06 08:13:23.890,1.05434,1.05447,1.73,1.73
2012.08.06 08:13:25.556,1.05433,1.05446,3.15,2.48
2012.08.06 08:13:25.911,1.05431,1.05438,1.43,3.74
2012.08.06 08:13:26.034,1.05429,1.05437,1.88,3.98
2012.08.06 08:13:26.331,1.05429,1.05438,2.10,1.50
2012.08.06 08:13:26.451,1.05429,1.0544,2.10,3.23
2012.08.06 08:13:26.983,1.05429,1.05439,1.35,1.50
2012.08.06 08:13:27.586,1.05429,1.0544,1.35,3.60
2012.08.06 08:13:29.324,1.05429,1.0544,1.35,3.23
2012.08.06 08:13:29.673,1.05429,1.05437,1.35,1.50
2012.08.06 08:13:30.038,1.05428,1.05437,1.13,2.48
2012.08.06 08:13:30.104,1.05424,1.05437,2.48,2.48
2012.08.06 08:13:30.226,1.05423,1.05436,2.85,1.73
2012.08.06 08:13:30.762,1.05424,1.05436,1.73,1.73
2012.08.06 08:13:32.528,1.05426,1.05438,1.50,1.73
2012.08.06 08:13:33.417,1.05425,1.05438,3.00,2.48
2012.08.06 08:13:35.177,1.05425,1.05438,3.75,2.48
2012.08.06 08:13:35.813,1.05426,1.05439,2.25,1.73
2012.08.06 08:13:36.624,1.05429,1.05438,2.63,1.73
2012.08.06 08:13:36.692,1.05429,1.0544,2.85,1.73
2012.08.06 08:13:36.814,1.05427,1.05439,4.88,1.73
2012.08.06 08:13:37.402,1.05428,1.0544,1.50,3.23
2012.08.06 08:13:37.580,1.05429,1.0544,2.10,1.50
2012.08.06 08:13:38.102,1.05429,1.05442,3.60,1.73
2012.08.06 08:13:38.508,1.05432,1.05442,1.50,2.48
2012.08.06 08:13:38.859,1.05429,1.05442,3.60,2.48
2012.08.06 08:13:39.604,1.05428,1.05439,3.23,1.13
2012.08.06 08:13:39.956,1.05426,1.05433,1.50,1.73
2012.08.06 08:13:40.135,1.0542,1.0543,1.73,1.73
2012.08.06 08:13:41.256,1.05419,1.05432,5.10,2.48
2012.08.06 08:13:42.324,1.05421,1.05432,1.13,3.23
2012.08.06 08:13:42.387,1.05421,1.05431,1.13,1.35
2012.08.06 08:13:42.794,1.05416,1.05428,3.00,3.98
2012.08.06 08:13:43.342,1.05415,1.05426,1.13,1.73
2012.08.06 08:13:49.853,1.05415,1.05427,1.88,1.73
2012.08.06 08:13:50.370,1.05415,1.05427,3.38,1.73
2012.08.06 08:13:51.203,1.05415,1.05427,1.13,3.23
2012.08.06 08:13:51.381,1.05415,1.05426,1.13,1.73
2012.08.06 08:13:51.902,1.05415,1.05427,2.63,1.73
2012.08.06 08:13:52.435,1.05415,1.05427,2.63,1.73
2012.08.06 08:13:53.069,1.05415,1.05426,1.13,2.48
2012.08.06 08:13:53.603,1.05415,1.05426,1.88,2.48
2012.08.06 08:13:54.022,1.05416,1.05426,2.25,1.73
2012.08.06 08:13:54.381,1.05415,1.05424,1.50,2.48
2012.08.06 08:13:54.626,1.05416,1.05423,1.13,1.50
2012.08.06 08:13:54.925,1.05416,1.05426,1.13,3.23
2012.08.06 08:13:57.659,1.05417,1.05429,1.50,2.48
2012.08.06 08:13:57.783,1.05419,1.05431,2.10,2.48
2012.08.06 08:13:57.960,1.05419,1.05431,2.85,2.48
2012.08.06 08:13:58.369,1.05422,1.0543,1.13,2.25
2012.08.06 08:13:58.723,1.05422,1.05431,1.35,2.25
2012.08.06 08:13:58.787,1.05422,1.05433,1.13,3.98
2012.08.06 08:13:58.907,1.0542,1.05433,4.13,3.98
2012.08.06 08:13:59.719,1.0542,1.05431,2.63,1.73
2012.08.06 08:13:59.782,1.0542,1.05429,2.63,1.50
2012.08.06 08:13:59.960,1.0542,1.05432,2.63,2.48
2012.08.06 08:14:01.340,1.0542,1.05433,3.38,1.73
2012.08.06 08:14:01.867,1.0542,1.05431,1.88,1.73
2012.08.06 08:14:02.392,1.0542,1.0543,1.88,1.50
2012.08.06 08:14:02.455,1.0542,1.05428,1.13,1.13
2012.08.06 08:14:02.753,1.05411,1.05422,2.25,1.73
2012.08.06 08:14:02.817,1.05411,1.05423,3.00,1.73
2012.08.06 08:14:02.998,1.05414,1.05424,1.35,2.25
2012.08.06 08:14:03.522,1.05416,1.05427,3.38,1.73
2012.08.06 08:14:04.345,1.05418,1.05428,1.13,1.73
2012.08.06 08:14:04.525,1.0542,1.05431,1.35,1.73
2012.08.06 08:14:05.775,1.05421,1.05432,1.50,2.48
2012.08.06 08:14:06.462,1.0542,1.05431,1.35,1.73
2012.08.06 08:14:06.759,1.05423,1.05432,1.50,1.73
2012.08.06 08:14:06.996,1.05421,1.05432,2.25,1.73
2012.08.06 08:14:07.524,1.0542,1.05431,2.10,2.48
2012.08.06 08:14:08.053,1.0542,1.05431,1.35,2.48
2012.08.06 08:14:08.232,1.05419,1.05431,2.85,1.73
2012.08.06 08:14:08.702,1.05419,1.0543,2.10,1.73
2012.08.06 08:14:08.997,1.05419,1.05429,3.60,1.50
2012.08.06 08:14:09.349,1.0542,1.05431,1.13,2.48
2012.08.06 08:14:09.586,1.05418,1.05428,1.13,1.73
2012.08.06 08:14:10.118,1.05419,1.05428,1.13,2.48
2012.08.06 08:14:10.297,1.05419,1.05431,1.35,2.85
2012.08.06 08:14:11.668,1.05419,1.05431,1.35,2.48
2012.08.06 08:14:11.964,1.05417,1.05427,1.35,2.48
2012.08.06 08:14:12.028,1.05416,1.05427,1.88,3.23
2012.08.06 08:14:12.550,1.05414,1.05424,1.35,2.25
2012.08.06 08:14:13.762,1.05414,1.05425,1.35,1.73
2012.08.06 08:14:13.882,1.05414,1.05425,1.35,3.42
2012.08.06 08:14:14.240,1.05408,1.05414,1.50,1.50
2012.08.06 08:14:14.305,1.05406,1.05414,1.35,1.50
2012.08.06 08:14:14.598,1.05404,1.05412,1.50,2.48
2012.08.06 08:14:15.166,1.05403,1.05414,1.88,2.48
2012.08.06 08:14:16.937,1.05407,1.05411,1.13,2.48
2012.08.06 08:14:17.059,1.05404,1.05413,1.13,1.73
2012.08.06 08:14:17.124,1.05404,1.05415,1.35,1.73
2012.08.06 08:14:17.306,1.05404,1.05413,1.13,1.73
2012.08.06 08:14:17.544,1.05405,1.05414,1.13,1.50
2012.08.06 08:14:17.609,1.05409,1.05414,1.13,1.50
2012.08.06 08:14:17.731,1.05409,1.05416,1.13,1.73
2012.08.06 08:14:17.854,1.05409,1.05419,1.35,4.50
2012.08.06 08:14:18.038,1.05405,1.05417,2.85,1.50
2012.08.06 08:14:18.218,1.05405,1.05416,2.10,1.73
2012.08.06 08:14:18.397,1.05407,1.05416,1.50,1.73
2012.08.06 08:14:18.517,1.05405,1.05415,2.10,2.48
2012.08.06 08:14:19.035,1.05405,1.05416,2.10,3.23
2012.08.06 08:14:19.443,1.0541,1.05416,1.13,1.73
2012.08.06 08:14:19.679,1.0541,1.05419,1.13,3.00
2012.08.06 08:14:20.209,1.0541,1.05418,1.13,1.50
2012.08.06 08:14:20.920,1.0541,1.05418,1.13,2.25
2012.08.06 08:14:21.099,1.0541,1.0542,1.13,3.75
2012.08.06 08:14:21.964,1.0541,1.0542,1.13,2.25
2012.08.06 08:14:23.532,1.0541,1.0542,1.13,3.00
2012.08.06 08:14:23.882,1.0541,1.05422,1.88,3.98
2012.08.06 08:14:24.422,1.0541,1.05422,4.13,2.48
2012.08.06 08:14:25.147,1.05411,1.05424,3.75,3.23
2012.08.06 08:14:25.268,1.05415,1.05424,1.13,1.73
2012.08.06 08:14:25.331,1.05415,1.05424,1.13,1.50
2012.08.06 08:14:25.450,1.05415,1.05426,1.88,1.35
2012.08.06 08:14:25.874,1.05415,1.05427,1.88,2.48
2012.08.06 08:14:26.398,1.05415,1.05425,1.13,1.50
2012.08.06 08:14:27.088,1.05415,1.05427,1.13,3.98
2012.08.06 08:14:27.614,1.05415,1.05427,1.88,1.73
2012.08.06 08:14:28.027,1.05416,1.05422,1.13,1.50
2012.08.06 08:14:28.378,1.0542,1.05425,1.13,2.25
2012.08.06 08:14:28.443,1.0542,1.05427,1.13,3.00
2012.08.06 08:14:28.795,1.0542,1.05428,2.63,1.50
2012.08.06 08:14:28.858,1.05418,1.05429,2.40,1.50
2012.08.06 08:14:29.208,1.05424,1.05432,1.13,1.73
2012.08.06 08:14:29.272,1.05424,1.05432,1.35,1.50
2012.08.06 08:14:29.451,1.05424,1.05436,2.10,1.73
2012.08.06 08:14:29.516,1.05422,1.05434,2.25,2.48
2012.08.06 08:14:29.935,1.05425,1.05435,1.35,1.73
2012.08.06 08:14:31.013,1.05425,1.05436,1.35,3.23
2012.08.06 08:14:31.420,1.05425,1.05434,1.35,1.50
2012.08.06 08:14:31.657,1.0542,1.05432,2.10,1.73
2012.08.06 08:14:34.726,1.0542,1.05429,1.35,1.50
2012.08.06 08:14:35.245,1.0542,1.05428,1.35,1.50
2012.08.06 08:14:35.833,1.0542,1.05429,1.35,1.50
2012.08.06 08:14:36.011,1.05419,1.05428,1.35,1.50
2012.08.06 08:14:36.360,1.05419,1.05429,1.35,2.25
2012.08.06 08:14:36.881,1.05419,1.05428,1.35,1.50
2012.08.06 08:14:38.377,1.05419,1.05429,1.35,1.50
2012.08.06 08:14:38.899,1.05419,1.0543,2.10,1.73
2012.08.06 08:14:39.648,1.0542,1.05433,2.10,3.23
2012.08.06 08:14:39.886,1.05425,1.05435,1.35,2.48
2012.08.06 08:14:40.528,1.05421,1.05433,1.35,3.42
2012.08.06 08:14:40.601,1.05419,1.05429,1.35,1.50
2012.08.06 08:14:41.664,1.05419,1.05432,1.73,3.23
2012.08.06 08:14:41.957,1.05419,1.05432,3.90,1.73
2012.08.06 08:14:42.482,1.05418,1.05427,3.23,1.50
2012.08.06 08:14:42.663,1.05413,1.05425,2.25,2.48
2012.08.06 08:14:43.013,1.05411,1.05421,1.88,1.73
2012.08.06 08:14:45.062,1.0541,1.05423,3.53,2.48
2012.08.06 08:14:46.394,1.0541,1.05419,1.35,1.50
2012.08.06 08:14:47.375,1.0541,1.05418,1.35,1.50
2012.08.06 08:14:47.552,1.0541,1.0542,1.35,1.73
2012.08.06 08:14:48.016,1.05411,1.05422,1.88,2.48
2012.08.06 08:14:48.135,1.05411,1.05422,1.88,2.48
2012.08.06 08:14:48.656,1.05411,1.05422,2.63,1.73
2012.08.06 08:14:49.176,1.05411,1.05423,2.55,2.48
2012.08.06 08:14:49.811,1.0541,1.05421,1.35,1.73
2012.08.06 08:14:53.350,1.0541,1.05423,2.70,3.23
2012.08.06 08:14:53.876,1.0541,1.05421,1.35,2.48
2012.08.06 08:14:53.939,1.0541,1.05417,1.35,1.50
2012.08.06 08:14:54.470,1.0541,1.05417,1.13,1.73
2012.08.06 08:14:54.534,1.05407,1.05418,1.35,3.23
2012.08.06 08:14:54.714,1.05405,1.05417,2.48,1.73
2012.08.06 08:14:55.094,1.0541,1.05417,1.13,2.25
2012.08.06 08:14:55.641,1.0541,1.05419,1.13,3.75
2012.08.06 08:14:56.264,1.0541,1.05419,1.13,3.00
2012.08.06 08:14:56.899,1.0541,1.05419,1.13,3.00
2012.08.06 08:14:57.079,1.05405,1.05417,2.10,1.73
2012.08.06 08:14:57.600,1.05405,1.05414,1.35,1.50
2012.08.06 08:14:58.123,1.05405,1.05416,1.35,1.73
2012.08.06 08:14:58.935,1.05404,1.05414,1.35,1.50
2012.08.06 08:14:59.058,1.05404,1.05411,1.35,1.50
2012.08.06 08:14:59.180,1.05402,1.05411,1.13,1.73
2012.08.06 08:15:02.039,1.05402,1.05408,1.13,1.50
2012.08.06 08:15:02.561,1.05402,1.05407,1.13,1.50
2012.08.06 08:15:02.629,1.05402,1.0541,1.13,1.73
2012.08.06 08:15:03.718,1.05402,1.05407,1.13,1.50
2012.08.06 08:15:04.065,1.05402,1.05409,1.13,1.50
2012.08.06 08:15:04.584,1.05402,1.05411,1.13,1.73
2012.08.06 08:15:05.102,1.05402,1.05409,1.13,1.50
2012.08.06 08:15:05.537,1.05404,1.05409,1.13,1.50
2012.08.06 08:15:06.062,1.05403,1.05413,1.35,3.00
2012.08.06 08:15:06.184,1.05407,1.05413,1.13,2.25
2012.08.06 08:15:06.248,1.05407,1.05416,1.35,1.50
2012.08.06 08:15:06.599,1.05403,1.05416,1.35,1.73
2012.08.06 08:15:06.776,1.05403,1.05413,1.35,1.50
2012.08.06 08:15:07.361,1.05403,1.05414,1.35,1.50
2012.08.06 08:15:07.734,1.05407,1.05414,1.50,1.50
2012.08.06 08:15:07.973,1.05405,1.05417,2.25,1.73
2012.08.06 08:15:08.036,1.05404,1.05417,1.73,2.25
2012.08.06 08:15:08.274,1.05404,1.05414,1.73,1.50
2012.08.06 08:15:08.337,1.05405,1.05417,2.25,2.48
2012.08.06 08:15:08.401,1.05407,1.05417,2.25,2.48
2012.08.06 08:15:08.754,1.05409,1.0542,1.58,1.50
2012.08.06 08:15:09.279,1.05409,1.05421,1.73,1.73
2012.08.06 08:15:10.861,1.05409,1.05422,1.73,1.73
2012.08.06 08:15:11.386,1.05408,1.05417,2.10,1.50
2012.08.06 08:15:11.909,1.05408,1.05418,2.85,1.50
2012.08.06 08:15:12.663,1.05408,1.05419,2.10,1.50
2012.08.06 08:15:13.348,1.05408,1.05419,2.85,1.50
2012.08.06 08:15:13.468,1.05408,1.05419,1.35,1.50
2012.08.06 08:15:13.533,1.05404,1.05419,2.85,3.75
2012.08.06 08:15:13.654,1.05403,1.05417,1.73,2.48
2012.08.06 08:15:14.181,1.05403,1.05415,1.73,1.73
2012.08.06 08:15:14.778,1.05402,1.05413,4.35,1.50
2012.08.06 08:15:15.303,1.05402,1.05413,3.60,1.50
2012.08.06 08:15:15.807,1.05403,1.05414,1.73,1.50
2012.08.06 08:15:17.197,1.05402,1.05413,3.60,1.50
2012.08.06 08:15:17.605,1.05404,1.05413,1.13,1.73
2012.08.06 08:15:33.279,1.05404,1.05409,1.13,1.50
2012.08.06 08:15:33.955,1.05404,1.05411,1.13,2.48
2012.08.06 08:15:35.182,1.05403,1.05411,1.13,2.48
2012.08.06 08:15:35.691,1.05402,1.0541,1.13,1.73
2012.08.06 08:15:43.917,1.05402,1.05411,1.13,1.73
2012.08.06 08:15:44.445,1.05402,1.0541,1.13,2.85
2012.08.06 08:15:44.624,1.05397,1.05409,1.73,1.88
2012.08.06 08:15:44.688,1.05395,1.05407,3.19,2.25
2012.08.06 08:15:44.868,1.05395,1.05403,1.09,3.23
2012.08.06 08:15:44.932,1.0539,1.05403,3.00,3.23
2012.08.06 08:15:45.344,1.05389,1.054,1.73,1.05
2012.08.06 08:15:45.669,1.05388,1.05396,1.35,1.50
2012.08.06 08:15:45.849,1.05384,1.05397,2.48,1.73
2012.08.06 08:15:48.060,1.05383,1.05396,2.10,2.48
2012.08.06 08:15:48.411,1.05382,1.05392,2.25,1.73
2012.08.06 08:15:48.818,1.05382,1.05394,4.13,2.10
2012.08.06 08:15:48.881,1.05382,1.05394,3.60,1.50
2012.08.06 08:15:49.385,1.05382,1.05396,3.60,2.48
2012.08.06 08:15:50.489,1.05382,1.05394,2.48,2.63
2012.08.06 08:15:50.552,1.05382,1.05394,2.25,3.98
2012.08.06 08:15:51.471,1.05381,1.05392,1.50,1.73
2012.08.06 08:15:51.993,1.05381,1.05392,1.50,1.73
2012.08.06 08:15:52.686,1.05378,1.05389,2.18,3.37
2012.08.06 08:15:52.808,1.05374,1.05383,1.50,2.48
2012.08.06 08:15:52.870,1.05369,1.05382,1.73,1.73
2012.08.06 08:15:52.932,1.05369,1.05379,1.73,1.50
2012.08.06 08:15:53.112,1.0537,1.05382,2.25,3.23
2012.08.06 08:15:53.521,1.0537,1.05381,1.50,1.73
2012.08.06 08:15:54.048,1.05367,1.05379,2.10,1.50
2012.08.06 08:15:54.478,1.05366,1.05378,1.50,3.60
2012.08.06 08:15:55.175,1.05367,1.05379,3.60,2.25
2012.08.06 08:15:55.492,1.05366,1.05377,3.23,2.25
2012.08.06 08:15:55.786,1.05363,1.05377,2.10,3.98
2012.08.06 08:15:56.330,1.05365,1.05377,1.50,2.48
2012.08.06 08:15:56.508,1.05366,1.05377,1.50,1.73
2012.08.06 08:15:56.573,1.05366,1.05378,1.73,2.25
2012.08.06 08:15:57.042,1.05369,1.0538,3.98,1.50
2012.08.06 08:15:57.107,1.05372,1.05382,1.35,1.50
2012.08.06 08:15:57.343,1.05372,1.05382,1.50,2.48
2012.08.06 08:15:57.698,1.05372,1.05386,2.10,4.73
2012.08.06 08:15:58.230,1.05372,1.05386,2.10,4.73
2012.08.06 08:15:58.463,1.05372,1.05383,2.10,1.50
2012.08.06 08:15:58.796,1.05372,1.05381,2.10,1.50
2012.08.06 08:15:59.781,1.05372,1.05383,2.85,1.50
2012.08.06 08:16:00.301,1.05373,1.05383,1.50,1.50
2012.08.06 08:16:00.479,1.05377,1.05383,1.13,1.50
2012.08.06 08:16:00.542,1.05377,1.05385,1.13,1.50
2012.08.06 08:16:00.895,1.05378,1.05389,2.03,3.23
2012.08.06 08:16:01.018,1.0538,1.05391,2.25,2.48
2012.08.06 08:16:01.196,1.0538,1.05391,3.00,1.73
2012.08.06 08:16:01.603,1.05382,1.05395,2.10,2.25
2012.08.06 08:16:01.666,1.05382,1.05394,1.35,1.50
2012.08.06 08:16:02.020,1.05377,1.05384,1.50,1.88
2012.08.06 08:16:02.315,1.05376,1.05382,1.50,1.50
2012.08.06 08:16:02.378,1.05371,1.05382,1.50,1.50
2012.08.06 08:16:02.499,1.0537,1.05383,1.50,1.13
2012.08.06 08:16:02.618,1.0537,1.05383,1.50,1.13
2012.08.06 08:16:03.176,1.0537,1.05384,2.25,6.74
2012.08.06 08:16:03.529,1.05369,1.05381,2.25,1.50
2012.08.06 08:16:03.767,1.05366,1.05379,4.13,2.25
2012.08.06 08:16:04.119,1.05366,1.05377,3.38,1.50
2012.08.06 08:16:04.416,1.05366,1.05379,2.63,1.50
2012.08.06 08:16:04.960,1.05368,1.05379,1.50,1.50
2012.08.06 08:16:05.136,1.05369,1.05379,1.50,1.50
2012.08.06 08:16:05.488,1.05373,1.05383,2.10,2.25
2012.08.06 08:16:06.282,1.0537,1.05382,1.73,1.50
2012.08.06 08:16:06.632,1.05373,1.0538,1.50,2.48
2012.08.06 08:16:06.867,1.05372,1.0538,1.50,2.48
2012.08.06 08:16:06.988,1.05371,1.0538,1.50,2.48
2012.08.06 08:16:07.051,1.0537,1.0538,1.50,2.48
2012.08.06 08:16:07.573,1.05367,1.0538,3.60,3.23
2012.08.06 08:16:08.413,1.05368,1.0538,1.58,1.73
2012.08.06 08:16:08.938,1.0537,1.05382,1.50,2.48
2012.08.06 08:16:09.540,1.05369,1.05382,3.00,4.73
2012.08.06 08:16:10.060,1.0537,1.05383,1.50,4.73
2012.08.06 08:16:10.591,1.0537,1.05383,1.50,4.73
2012.08.06 08:16:11.190,1.05371,1.05383,1.50,3.60
2012.08.06 08:16:11.539,1.05372,1.05383,1.50,1.73
2012.08.06 08:16:11.603,1.05372,1.05384,2.48,1.50
2012.08.06 08:16:12.129,1.05373,1.05386,2.48,1.73
2012.08.06 08:16:12.652,1.05374,1.05387,1.20,4.35
2012.08.06 08:16:12.889,1.05375,1.05387,5.25,1.73
2012.08.06 08:16:13.331,1.05377,1.05387,2.48,1.50
2012.08.06 08:16:13.404,1.05376,1.05389,3.60,2.25
2012.08.06 08:16:13.468,1.05377,1.05389,1.73,5.24
2012.08.06 08:16:13.589,1.05376,1.05389,1.50,5.84
2012.08.06 08:16:14.007,1.05374,1.05386,1.58,2.48
2012.08.06 08:16:15.192,1.05374,1.05386,1.58,2.48
2012.08.06 08:16:15.311,1.05374,1.05386,1.58,2.48
2012.08.06 08:16:16.324,1.05374,1.05384,1.58,1.13
2012.08.06 08:16:16.672,1.05372,1.05381,2.10,1.73
2012.08.06 08:16:16.966,1.05376,1.05389,2.10,2.25
2012.08.06 08:16:17.713,1.05376,1.05389,2.10,2.25
2012.08.06 08:16:19.274,1.05377,1.0539,2.48,3.75
2012.08.06 08:16:20.130,1.05379,1.05391,1.73,2.48
2012.08.06 08:16:20.730,1.05379,1.05392,3.23,3.60
2012.08.06 08:16:21.309,1.0538,1.05392,3.00,2.10
2012.08.06 08:16:21.863,1.05379,1.05392,1.73,2.10
2012.08.06 08:16:22.414,1.05378,1.05392,3.23,2.10
2012.08.06 08:16:22.817,1.05381,1.05392,1.50,2.10
2012.08.06 08:16:25.073,1.0538,1.05393,1.50,4.35
2012.08.06 08:16:25.957,1.0538,1.05393,3.00,2.85
2012.08.06 08:16:27.391,1.0538,1.05393,3.00,2.85
2012.08.06 08:16:36.395,1.0538,1.05391,1.50,1.73
2012.08.06 08:16:36.739,1.0538,1.05387,1.50,1.50
2012.08.06 08:16:37.206,1.05376,1.05386,1.50,2.10
2012.08.06 08:16:37.328,1.05373,1.05386,2.48,2.85
2012.08.06 08:16:37.392,1.05373,1.05386,2.48,3.23
2012.08.06 08:16:37.738,1.05372,1.05377,1.50,1.50
2012.08.06 08:16:37.805,1.0537,1.05377,1.50,1.73
2012.08.06 08:16:38.284,1.05367,1.05372,1.50,1.50
2012.08.06 08:16:38.571,1.05364,1.05374,2.25,4.72
2012.08.06 08:16:38.637,1.05364,1.05374,2.25,5.47
2012.08.06 08:16:38.701,1.05364,1.05372,2.25,1.73
2012.08.06 08:16:39.380,1.05367,1.05372,1.50,1.50
2012.08.06 08:16:39.502,1.05362,1.05372,1.50,1.73
2012.08.06 08:16:39.678,1.05363,1.05372,1.50,1.73
2012.08.06 08:16:39.856,1.05362,1.05372,1.50,1.73
2012.08.06 08:16:40.411,1.05362,1.05372,2.25,1.73
2012.08.06 08:16:41.023,1.05363,1.05372,1.50,1.73
2012.08.06 08:16:41.785,1.05361,1.05372,1.50,1.73
2012.08.06 08:16:44.198,1.05361,1.05372,1.50,1.73
2012.08.06 08:16:44.802,1.05361,1.05372,1.50,1.73
2012.08.06 08:16:45.718,1.0536,1.05372,3.23,1.73
2012.08.06 08:16:47.696,1.05361,1.05372,1.50,1.73
2012.08.06 08:16:48.268,1.05363,1.05372,2.25,1.73
2012.08.06 08:16:48.826,1.05362,1.05372,1.50,1.73
2012.08.06 08:16:49.497,1.0536,1.05372,3.98,1.73
2012.08.06 08:16:50.032,1.05362,1.05372,1.50,1.73
2012.08.06 08:16:50.324,1.05363,1.05376,3.98,3.60
2012.08.06 08:16:50.387,1.05364,1.05376,2.48,1.73
2012.08.06 08:16:50.452,1.05364,1.05376,3.23,1.73
2012.08.06 08:16:50.963,1.05364,1.05376,3.98,1.73
2012.08.06 08:16:51.319,1.05364,1.05376,3.23,2.48
2012.08.06 08:16:52.103,1.05364,1.05376,2.48,1.73
2012.08.06 08:16:52.728,1.05364,1.05377,1.73,5.85
2012.08.06 08:16:53.244,1.05365,1.05377,1.50,4.73
2012.08.06 08:16:53.594,1.05368,1.0538,1.50,1.58
2012.08.06 08:16:54.145,1.05371,1.05382,2.25,1.73
2012.08.06 08:16:54.498,1.05376,1.05383,2.25,1.73
2012.08.06 08:16:54.850,1.05378,1.05385,2.48,2.25
2012.08.06 08:16:55.312,1.0538,1.05388,2.25,1.50
2012.08.06 08:16:55.374,1.05382,1.0539,1.50,1.50
2012.08.06 08:16:55.666,1.0538,1.0539,1.50,1.50
2012.08.06 08:16:55.958,1.05377,1.05387,2.85,3.00
2012.08.06 08:16:56.255,1.05375,1.05387,2.48,3.23
2012.08.06 08:16:56.320,1.05375,1.05385,1.73,1.73
2012.08.06 08:16:56.898,1.05374,1.05385,1.73,2.48
2012.08.06 08:16:57.265,1.05373,1.05383,1.73,1.50
2012.08.06 08:16:57.730,1.05373,1.05385,1.73,2.48
2012.08.06 08:16:57.969,1.05372,1.05384,1.73,5.25
2012.08.06 08:16:58.205,1.0537,1.0538,1.50,1.50
2012.08.06 08:16:58.326,1.05369,1.05382,2.48,3.23
2012.08.06 08:17:00.271,1.05369,1.05382,1.73,3.23
2012.08.06 08:17:00.562,1.05369,1.05382,1.73,3.23
2012.08.06 08:17:00.857,1.05367,1.05377,1.73,1.50
2012.08.06 08:17:01.559,1.05367,1.05379,1.73,3.00
2012.08.06 08:17:02.039,1.05367,1.05379,2.48,1.50
2012.08.06 08:17:02.276,1.0537,1.05382,2.25,3.98
2012.08.06 08:17:03.345,1.0537,1.05382,3.00,1.73
2012.08.06 08:17:04.316,1.0537,1.05382,2.25,1.73
2012.08.06 08:17:04.795,1.0537,1.05382,2.25,1.73
2012.08.06 08:17:04.971,1.0537,1.05382,2.25,1.73
2012.08.06 08:17:06.589,1.05369,1.05381,1.73,1.73
2012.08.06 08:17:07.081,1.05369,1.05381,1.73,1.73
2012.08.06 08:17:07.429,1.05369,1.05382,4.35,1.73
2012.08.06 08:17:07.973,1.05375,1.05382,1.50,1.35
2012.08.06 08:17:08.505,1.05374,1.05382,3.23,1.13
2012.08.06 08:17:08.740,1.05374,1.05382,2.48,1.13
2012.08.06 08:17:09.088,1.05374,1.05382,3.23,1.13
2012.08.06 08:17:09.324,1.05374,1.05382,3.98,1.13
2012.08.06 08:17:09.910,1.05374,1.05382,3.23,1.13
2012.08.06 08:17:10.180,1.05374,1.05382,3.23,1.13
2012.08.06 08:17:10.527,1.05374,1.05382,3.23,1.13
2012.08.06 08:17:11.211,1.05374,1.05382,2.48,1.13
2012.08.06 08:17:11.392,1.05372,1.05378,2.48,1.13
2012.08.06 08:17:11.629,1.05372,1.05383,2.48,2.25
2012.08.06 08:17:11.750,1.05372,1.05383,2.25,2.48
2012.08.06 08:17:11.813,1.05372,1.05383,1.50,2.48
2012.08.06 08:17:12.334,1.0537,1.05383,2.48,2.85
2012.08.06 08:17:13.365,1.05371,1.05383,1.50,2.10
2012.08.06 08:17:13.486,1.05372,1.05381,2.25,1.35
2012.08.06 08:17:13.815,1.05373,1.05383,1.73,1.13
2012.08.06 08:17:14.351,1.05373,1.05386,3.08,1.35
2012.08.06 08:17:14.472,1.05375,1.05386,1.73,2.85
2012.08.06 08:17:14.824,1.05378,1.05387,2.48,1.13
2012.08.06 08:17:15.183,1.05376,1.05385,3.00,2.25
2012.08.06 08:17:15.247,1.05376,1.05382,3.00,1.88
2012.08.06 08:17:15.772,1.05371,1.05381,1.50,2.48
2012.08.06 08:17:16.238,1.05371,1.0538,1.50,1.50
2012.08.06 08:17:16.486,1.05368,1.0538,2.48,1.50
2012.08.06 08:17:16.732,1.05368,1.05382,3.98,3.98
2012.08.06 08:17:17.280,1.05368,1.05382,4.73,2.48
2012.08.06 08:17:17.631,1.05369,1.05382,1.73,2.48
2012.08.06 08:17:18.001,1.05373,1.05384,1.73,2.63
2012.08.06 08:17:18.068,1.05373,1.05384,1.73,2.63
2012.08.06 08:17:18.594,1.05373,1.05383,3.98,1.13
2012.08.06 08:17:19.115,1.05373,1.05382,1.73,1.13
2012.08.06 08:17:20.140,1.05371,1.05382,1.50,1.80
2012.08.06 08:17:20.714,1.05369,1.05382,3.23,3.30
2012.08.06 08:17:21.005,1.05372,1.05382,2.25,1.73
2012.08.06 08:17:22.069,1.05374,1.05382,3.23,1.88
2012.08.06 08:17:22.419,1.05378,1.05384,1.50,1.88
2012.08.06 08:17:22.767,1.05374,1.05384,1.73,1.88
2012.08.06 08:17:23.290,1.05373,1.05384,3.23,3.38
2012.08.06 08:17:23.818,1.05374,1.05384,1.73,3.38
2012.08.06 08:17:24.341,1.05374,1.05383,1.73,1.13
2012.08.06 08:17:24.859,1.05374,1.05383,1.73,1.13
2012.08.06 08:17:25.510,1.05374,1.05383,2.48,1.13
2012.08.06 08:17:27.550,1.05374,1.05383,1.73,1.13
2012.08.06 08:17:28.090,1.05373,1.05383,1.73,1.13
2012.08.06 08:17:28.720,1.05373,1.05383,1.50,2.10
2012.08.06 08:17:28.900,1.0537,1.05382,2.48,1.73
2012.08.06 08:17:29.418,1.05369,1.05382,3.60,3.23
2012.08.06 08:17:29.987,1.0537,1.05382,1.73,3.23
2012.08.06 08:17:30.050,1.0537,1.05382,2.48,3.23
2012.08.06 08:17:30.617,1.05371,1.05382,1.50,1.73
2012.08.06 08:17:30.796,1.05373,1.05382,1.50,2.10
2012.08.06 08:17:30.859,1.05373,1.05382,1.73,1.13
2012.08.06 08:17:33.032,1.05374,1.05382,3.23,1.13
2012.08.06 08:17:34.029,1.05374,1.05382,3.23,1.13
2012.08.06 08:17:35.364,1.05374,1.05382,3.98,1.13
2012.08.06 08:17:36.160,1.05374,1.05382,3.23,1.13
2012.08.06 08:17:43.103,1.05375,1.05385,1.73,1.73
2012.08.06 08:17:43.398,1.05377,1.05387,2.63,1.88
2012.08.06 08:17:43.855,1.0538,1.05387,2.48,1.13
2012.08.06 08:17:44.379,1.05381,1.05387,1.50,1.13
2012.08.06 08:17:45.589,1.0538,1.05387,1.73,1.13
2012.08.06 08:17:46.178,1.05376,1.05387,1.50,2.85
2012.08.06 08:17:46.243,1.05375,1.05382,1.88,1.13
2012.08.06 08:17:46.480,1.05372,1.05382,2.48,1.13
2012.08.06 08:17:48.660,1.05372,1.05383,3.23,1.13
2012.08.06 08:17:50.409,1.05376,1.05387,2.25,1.35
2012.08.06 08:17:50.481,1.05376,1.05387,3.23,1.13
2012.08.06 08:17:52.223,1.05378,1.05389,2.48,1.13
2012.08.06 08:17:52.630,1.05381,1.05392,1.50,1.73
2012.08.06 08:17:52.865,1.05383,1.05395,1.73,2.48
2012.08.06 08:17:53.391,1.05382,1.05393,3.23,1.50
2012.08.06 08:17:53.685,1.05379,1.05393,2.48,3.23
2012.08.06 08:17:53.806,1.05379,1.05393,2.48,3.23
2012.08.06 08:17:54.157,1.0538,1.05393,3.00,1.73
2012.08.06 08:17:54.809,1.05378,1.0539,5.25,1.50
2012.08.06 08:17:55.335,1.05378,1.05393,6.00,3.98
2012.08.06 08:17:55.879,1.0538,1.05393,1.50,3.98
2012.08.06 08:17:56.182,1.05381,1.05392,1.50,1.73
2012.08.06 08:17:56.970,1.0538,1.05392,1.50,2.48
2012.08.06 08:17:57.377,1.05378,1.0539,3.60,2.25
2012.08.06 08:17:57.733,1.05372,1.05383,1.73,1.88
2012.08.06 08:17:57.855,1.05372,1.05382,1.73,2.63
2012.08.06 08:17:57.977,1.0537,1.05381,1.73,2.48
2012.08.06 08:17:58.218,1.0537,1.0538,1.73,1.73
2012.08.06 08:17:58.745,1.05369,1.0538,1.73,1.73
2012.08.06 08:17:59.280,1.05369,1.0538,1.73,1.73
2012.08.06 08:17:59.515,1.05368,1.05381,3.98,1.73
2012.08.06 08:18:00.036,1.05371,1.05383,2.25,3.60
2012.08.06 08:18:00.555,1.05371,1.05383,2.25,2.85
2012.08.06 08:18:03.113,1.05372,1.05383,3.00,1.35
2012.08.06 08:18:03.175,1.05374,1.05383,1.73,1.13
2012.08.06 08:18:03.354,1.05377,1.05383,1.50,1.13
2012.08.06 08:18:03.710,1.05377,1.05383,2.48,1.13
2012.08.06 08:18:04.076,1.05378,1.05391,1.73,3.60
2012.08.06 08:18:04.714,1.05379,1.0539,1.73,2.25
2012.08.06 08:18:05.240,1.05379,1.05391,3.23,1.73
2012.08.06 08:18:05.473,1.05379,1.05391,2.48,3.23
2012.08.06 08:18:05.593,1.05378,1.05388,2.48,1.50
2012.08.06 08:18:05.773,1.05379,1.05391,2.48,1.35
2012.08.06 08:18:05.951,1.05379,1.05391,2.48,2.10
2012.08.06 08:18:06.254,1.05379,1.05391,2.48,1.35
2012.08.06 08:18:06.609,1.05379,1.05389,1.73,1.50
2012.08.06 08:18:07.071,1.05378,1.05389,2.48,1.50
2012.08.06 08:18:07.135,1.05378,1.0539,1.73,1.50
2012.08.06 08:18:07.598,1.05378,1.05389,2.48,1.50
2012.08.06 08:18:08.006,1.05378,1.05389,1.73,3.00
2012.08.06 08:18:08.069,1.05378,1.05389,1.73,2.25
2012.08.06 08:18:09.428,1.05378,1.0539,2.48,2.25
2012.08.06 08:18:09.547,1.05378,1.0539,2.48,2.25
2012.08.06 08:18:10.068,1.05379,1.05391,1.73,1.73
2012.08.06 08:18:10.206,1.05379,1.05391,1.73,1.73
2012.08.06 08:18:10.553,1.05379,1.05389,1.73,2.25
2012.08.06 08:18:11.068,1.05377,1.05389,2.85,3.00
2012.08.06 08:18:11.392,1.05376,1.05388,1.50,1.05
2012.08.06 08:18:11.462,1.05374,1.05384,1.73,1.50
2012.08.06 08:18:11.984,1.05375,1.05386,1.50,1.73
2012.08.06 08:18:12.277,1.05376,1.05388,1.50,3.23
2012.08.06 08:18:13.721,1.05374,1.05387,2.48,2.48
2012.08.06 08:18:14.358,1.05375,1.05388,3.00,2.48
2012.08.06 08:18:14.710,1.05378,1.05388,1.73,1.50
2012.08.06 08:18:14.832,1.05378,1.05391,3.23,1.73
2012.08.06 08:18:15.336,1.05378,1.0539,2.48,2.48
2012.08.06 08:18:15.855,1.05381,1.05391,1.50,3.60
2012.08.06 08:18:16.378,1.05379,1.05391,1.73,3.23
2012.08.06 08:18:16.911,1.05378,1.05391,2.48,2.85
2012.08.06 08:18:16.975,1.05381,1.05391,1.50,2.85
2012.08.06 08:18:17.038,1.0538,1.05391,1.73,3.60
2012.08.06 08:18:17.559,1.05381,1.05392,1.50,1.73
2012.08.06 08:18:18.315,1.05379,1.05392,1.73,4.35
2012.08.06 08:18:19.001,1.0538,1.05391,1.73,1.73
2012.08.06 08:18:19.518,1.0538,1.05391,2.48,1.73
2012.08.06 08:18:22.034,1.05378,1.05389,2.48,1.50
2012.08.06 08:18:22.579,1.05379,1.05392,2.48,3.23
2012.08.06 08:18:23.498,1.0538,1.05392,3.23,1.73
2012.08.06 08:18:23.679,1.0538,1.05392,3.23,1.73
2012.08.06 08:18:23.855,1.0538,1.05392,1.73,3.60
2012.08.06 08:18:24.201,1.05379,1.05392,3.23,2.48
2012.08.06 08:18:24.490,1.05379,1.05392,2.48,3.30
2012.08.06 08:18:24.893,1.05379,1.05392,3.23,3.98
2012.08.06 08:18:25.409,1.05381,1.05392,2.25,2.48
2012.08.06 08:18:25.930,1.0538,1.05392,1.73,2.85
2012.08.06 08:18:26.049,1.0538,1.05392,2.48,2.48
2012.08.06 08:18:26.456,1.0538,1.05393,3.23,2.85
2012.08.06 08:18:26.973,1.05379,1.05391,2.48,2.48
2012.08.06 08:18:27.774,1.05379,1.05391,2.48,1.35
2012.08.06 08:18:28.295,1.05383,1.05393,1.50,2.10
2012.08.06 08:18:30.069,1.05382,1.05393,1.50,2.10
2012.08.06 08:18:30.735,1.05381,1.05393,3.00,2.10
2012.08.06 08:18:31.367,1.0538,1.05392,1.73,2.48
2012.08.06 08:18:32.629,1.05382,1.0539,4.50,2.48
2012.08.06 08:18:32.940,1.0539,1.05398,1.50,1.58
2012.08.06 08:18:33.234,1.0539,1.05401,1.73,2.10
2012.08.06 08:18:33.299,1.0539,1.05401,1.73,1.35
2012.08.06 08:18:33.648,1.0539,1.05401,3.23,1.35
2012.08.06 08:18:33.827,1.05391,1.05401,1.50,1.43
2012.08.06 08:18:34.124,1.05393,1.054,1.35,1.35
2012.08.06 08:18:34.479,1.05397,1.05405,2.25,1.58
2012.08.06 08:18:34.602,1.05397,1.05408,4.35,2.70
2012.08.06 08:18:35.313,1.05397,1.05408,2.25,1.73
2012.08.06 08:18:35.378,1.05397,1.05408,1.50,1.13
2012.08.06 08:18:35.500,1.05395,1.05407,1.73,2.48
2012.08.06 08:18:36.136,1.05395,1.05408,1.73,3.30
2012.08.06 08:18:36.614,1.05392,1.05403,1.50,3.23
2012.08.06 08:18:37.197,1.05393,1.05403,1.50,1.73
2012.08.06 08:18:37.954,1.05393,1.05404,1.50,1.73
2012.08.06 08:18:38.540,1.05392,1.05404,3.00,1.73
2012.08.06 08:18:39.067,1.05393,1.05404,1.50,1.73
2012.08.06 08:18:40.925,1.05392,1.05404,3.00,1.73
2012.08.06 08:18:41.874,1.05393,1.05404,1.50,1.73
2012.08.06 08:18:42.406,1.05393,1.05404,1.50,1.73
2012.08.06 08:18:43.160,1.05392,1.05404,1.50,1.73
2012.08.06 08:18:43.507,1.05392,1.05404,1.50,1.73
2012.08.06 08:18:44.010,1.05392,1.05404,1.50,1.73
2012.08.06 08:18:45.271,1.05389,1.05402,1.73,3.42
2012.08.06 08:18:45.507,1.05388,1.05399,1.73,1.88
2012.08.06 08:18:45.861,1.05387,1.05394,2.25,1.50
2012.08.06 08:18:45.925,1.05387,1.05394,1.50,1.73
2012.08.06 08:18:46.508,1.05383,1.05393,2.25,1.73
2012.08.06 08:18:49.919,1.05382,1.05394,1.50,2.48
2012.08.06 08:18:51.320,1.05383,1.05394,1.73,1.50
2012.08.06 08:18:51.439,1.05386,1.05397,1.50,1.35
2012.08.06 08:18:51.965,1.05385,1.05397,2.48,1.35
2012.08.06 08:18:52.651,1.05384,1.05393,1.73,1.13
2012.08.06 08:18:53.612,1.05383,1.05393,1.50,1.35
2012.08.06 08:18:53.734,1.05382,1.05393,2.25,1.35
2012.08.06 08:18:54.141,1.0538,1.05393,5.25,2.10
2012.08.06 08:18:54.319,1.05381,1.05393,1.50,2.10
2012.08.06 08:18:54.875,1.05381,1.05393,1.50,2.10
2012.08.06 08:18:55.655,1.05381,1.05393,1.50,1.35
2012.08.06 08:18:56.182,1.05383,1.05393,1.50,1.35
2012.08.06 08:18:56.362,1.05384,1.05395,1.73,2.25
2012.08.06 08:18:56.903,1.05384,1.05397,3.98,3.45
2012.08.06 08:18:57.423,1.05384,1.05397,3.98,3.45
2012.08.06 08:18:57.926,1.05384,1.05397,3.98,3.38
2012.08.06 08:18:58.046,1.05384,1.05397,3.98,3.38
2012.08.06 08:18:58.168,1.05384,1.05395,2.48,1.50
2012.08.06 08:18:58.578,1.05384,1.05397,4.73,4.88
2012.08.06 08:18:59.578,1.05385,1.05397,4.50,1.13
2012.08.06 08:18:59.730,1.05385,1.05397,3.00,1.20
2012.08.06 08:19:00.250,1.05385,1.05397,3.00,1.13
2012.08.06 08:19:00.955,1.05385,1.05397,2.25,1.13
2012.08.06 08:19:08.182,1.05386,1.05397,1.50,1.13
2012.08.06 08:19:08.535,1.05389,1.05401,1.73,1.50
2012.08.06 08:19:09.772,1.05389,1.05401,1.73,2.25
2012.08.06 08:19:09.894,1.05388,1.05401,2.48,2.25
2012.08.06 08:19:10.191,1.05389,1.05402,1.73,3.75
2012.08.06 08:19:10.370,1.05389,1.05402,1.73,3.75
2012.08.06 08:19:10.489,1.05388,1.05402,2.48,3.00
2012.08.06 08:19:11.044,1.05388,1.05401,3.23,2.25
2012.08.06 08:19:11.166,1.05388,1.05401,3.23,2.25
2012.08.06 08:19:11.710,1.0539,1.05401,1.50,2.25
2012.08.06 08:19:12.060,1.05389,1.05401,1.73,4.50
2012.08.06 08:19:12.123,1.05389,1.05401,1.73,4.50
2012.08.06 08:19:12.676,1.0539,1.05399,1.50,2.25
2012.08.06 08:19:13.919,1.05388,1.05398,1.73,2.25
2012.08.06 08:19:14.273,1.05387,1.05395,1.88,1.50
2012.08.06 08:19:14.564,1.05387,1.05397,1.13,2.48
2012.08.06 08:19:17.045,1.05387,1.054,4.13,1.73
2012.08.06 08:19:17.225,1.05387,1.054,3.60,1.50
2012.08.06 08:19:17.635,1.05387,1.054,4.35,1.50
2012.08.06 08:19:17.757,1.05388,1.05401,2.48,2.25
2012.08.06 08:19:18.275,1.05387,1.054,3.60,1.50
2012.08.06 08:19:18.794,1.05387,1.05401,5.10,1.50
2012.08.06 08:19:18.973,1.05387,1.05399,4.35,1.50
2012.08.06 08:19:19.332,1.05387,1.05395,1.88,1.50
2012.08.06 08:19:19.568,1.05387,1.05397,1.88,2.48
2012.08.06 08:19:21.281,1.05387,1.05397,1.88,2.48
2012.08.06 08:19:21.752,1.05387,1.05399,2.85,2.25
2012.08.06 08:19:22.047,1.05389,1.05402,2.48,1.50
2012.08.06 08:19:22.225,1.05388,1.05401,3.23,3.00
2012.08.06 08:19:22.573,1.05388,1.05401,3.23,2.25
2012.08.06 08:19:23.237,1.05388,1.05401,3.23,3.00
2012.08.06 08:19:23.415,1.05388,1.05399,1.73,2.25
2012.08.06 08:19:23.791,1.05386,1.05398,3.00,1.80
2012.08.06 08:19:24.319,1.05386,1.05397,1.50,2.25
2012.08.06 08:19:24.766,1.05385,1.05397,1.50,2.25
2012.08.06 08:19:25.287,1.05385,1.05398,3.00,2.48
2012.08.06 08:19:25.805,1.05385,1.05398,3.00,1.73
2012.08.06 08:19:26.323,1.05386,1.05397,1.50,1.50
2012.08.06 08:19:26.847,1.05385,1.05396,1.50,1.50
2012.08.06 08:19:27.371,1.05385,1.05396,1.50,1.58
2012.08.06 08:19:27.657,1.05385,1.05398,1.50,3.98
2012.08.06 08:19:28.175,1.05385,1.05398,1.50,4.05
2012.08.06 08:19:28.702,1.05385,1.05398,1.50,3.98
2012.08.06 08:19:29.378,1.05385,1.05398,2.25,3.98
2012.08.06 08:19:30.087,1.05386,1.05398,1.50,4.05
2012.08.06 08:19:30.643,1.05386,1.05398,1.50,3.98
2012.08.06 08:19:31.391,1.05385,1.05398,1.50,3.23
2012.08.06 08:19:31.924,1.05385,1.05398,2.25,3.23
2012.08.06 08:19:32.277,1.05384,1.05394,1.73,1.50
2012.08.06 08:19:32.742,1.05386,1.05394,1.50,2.48
2012.08.06 08:19:32.922,1.05386,1.05397,2.25,1.73
2012.08.06 08:19:33.924,1.05386,1.05397,1.50,1.73
2012.08.06 08:19:34.162,1.05385,1.05394,1.73,1.13
2012.08.06 08:19:34.688,1.05386,1.05393,1.50,1.73
2012.08.06 08:19:35.252,1.05385,1.05397,1.50,3.38
2012.08.06 08:19:35.605,1.05385,1.05397,1.50,3.38
2012.08.06 08:19:36.112,1.05391,1.05397,1.50,1.50
2012.08.06 08:19:36.177,1.05393,1.05399,1.50,1.50
2012.08.06 08:19:36.299,1.05392,1.05403,1.50,2.48
2012.08.06 08:19:36.823,1.05391,1.05403,1.50,2.10
2012.08.06 08:19:37.352,1.05389,1.05402,3.23,1.73
2012.08.06 08:19:37.531,1.05389,1.05402,2.48,2.48
2012.08.06 08:19:37.885,1.05383,1.05393,2.63,2.10
2012.08.06 08:19:38.348,1.05385,1.05394,1.73,1.50
2012.08.06 08:19:38.582,1.05384,1.05398,1.73,4.35
2012.08.06 08:19:38.998,1.05385,1.05398,1.73,3.60
2012.08.06 08:19:39.350,1.05388,1.05398,1.50,1.73
2012.08.06 08:19:39.588,1.05388,1.05401,3.23,3.75
2012.08.06 08:19:39.883,1.05387,1.054,3.23,1.50
2012.08.06 08:19:40.561,1.05388,1.054,1.73,2.25
2012.08.06 08:19:40.856,1.0539,1.054,1.73,2.25
2012.08.06 08:19:41.153,1.05383,1.05393,1.50,2.48
2012.08.06 08:19:42.553,1.05382,1.05394,1.50,3.98
2012.08.06 08:19:43.028,1.05383,1.05394,1.73,2.25
2012.08.06 08:19:43.206,1.05386,1.05398,1.50,2.48
2012.08.06 08:19:43.553,1.05386,1.05399,1.50,5.93
2012.08.06 08:19:43.733,1.05385,1.05398,2.48,1.80
2012.08.06 08:19:44.027,1.05384,1.05395,1.73,1.50
2012.08.06 08:19:45.154,1.05383,1.05394,1.50,3.23
2012.08.06 08:19:45.992,1.05383,1.05394,3.98,1.50
2012.08.06 08:19:46.397,1.05384,1.05397,1.73,2.48
2012.08.06 08:19:46.743,1.05384,1.05397,1.73,2.48
2012.08.06 08:19:47.147,1.05384,1.05397,1.73,2.48
2012.08.06 08:19:48.080,1.05384,1.05397,1.73,2.48
2012.08.06 08:19:48.257,1.05383,1.05394,2.25,2.85
2012.08.06 08:19:49.258,1.05382,1.05393,1.50,1.73
2012.08.06 08:19:49.774,1.05382,1.05393,1.50,1.73
2012.08.06 08:19:49.837,1.05381,1.05392,2.25,1.50
2012.08.06 08:19:50.072,1.05379,1.0539,1.73,3.00
2012.08.06 08:19:50.311,1.05377,1.05389,1.50,3.60
2012.08.06 08:19:51.004,1.05376,1.05387,1.50,1.50
2012.08.06 08:19:51.640,1.05378,1.05388,1.50,4.73
2012.08.06 08:19:51.880,1.05373,1.05384,1.50,1.73
2012.08.06 08:19:52.115,1.05372,1.05383,1.50,2.10
2012.08.06 08:19:52.636,1.05372,1.05383,1.50,2.10
2012.08.06 08:19:53.221,1.05372,1.05383,1.50,2.10
2012.08.06 08:19:54.780,1.05372,1.05383,1.50,2.10
2012.08.06 08:19:55.337,1.05372,1.05383,1.50,2.10
2012.08.06 08:19:55.853,1.05373,1.05383,1.50,2.10
2012.08.06 08:19:56.088,1.05371,1.05382,2.25,1.73
2012.08.06 08:19:56.265,1.05371,1.05382,2.25,1.73
2012.08.06 08:19:56.385,1.05371,1.05382,2.25,2.48
2012.08.06 08:19:56.449,1.05369,1.05382,3.23,3.98
2012.08.06 08:19:56.823,1.05369,1.05381,1.73,2.25
2012.08.06 08:19:57.348,1.05369,1.05383,1.73,5.85
2012.08.06 08:19:57.882,1.05371,1.05383,1.50,3.60
2012.08.06 08:19:59.130,1.05371,1.05383,1.50,2.85
2012.08.06 08:20:01.045,1.05372,1.05383,1.50,2.85
2012.08.06 08:20:01.621,1.05372,1.05383,1.50,2.85
2012.08.06 08:20:02.187,1.05372,1.05383,1.50,2.85
2012.08.06 08:20:04.020,1.05371,1.05382,1.50,2.48
2012.08.06 08:20:04.255,1.05369,1.05382,2.48,3.98
2012.08.06 08:20:04.608,1.05367,1.05375,1.50,3.60
2012.08.06 08:20:05.192,1.05364,1.05374,1.73,1.73
2012.08.06 08:20:05.876,1.05363,1.05374,2.70,1.73
2012.08.06 08:20:06.404,1.05363,1.05376,2.70,1.50
2012.08.06 08:20:06.852,1.05365,1.05377,2.48,1.73
2012.08.06 08:20:07.380,1.05363,1.05376,3.23,1.50
2012.08.06 08:20:08.072,1.05364,1.05377,3.68,1.73
2012.08.06 08:20:08.579,1.05364,1.05378,3.45,3.60
2012.08.06 08:20:08.936,1.05368,1.05381,2.85,3.75
2012.08.06 08:20:09.175,1.05371,1.05383,1.50,3.23
2012.08.06 08:20:09.296,1.05373,1.05383,1.50,1.73
2012.08.06 08:20:09.361,1.05373,1.05386,1.73,2.63
2012.08.06 08:20:10.173,1.05374,1.05387,2.48,5.55
2012.08.06 08:20:10.693,1.05373,1.05386,2.48,1.50
2012.08.06 08:20:10.757,1.05373,1.05386,2.48,2.25
2012.08.06 08:20:10.821,1.05372,1.05383,2.63,4.35
2012.08.06 08:20:11.136,1.05368,1.05382,1.73,2.48
2012.08.06 08:20:11.545,1.05368,1.05382,1.73,2.48
2012.08.06 08:20:12.052,1.05367,1.05382,5.85,2.48
2012.08.06 08:20:12.343,1.05368,1.05382,3.08,1.73
2012.08.06 08:20:12.464,1.05371,1.05382,1.50,1.73
2012.08.06 08:20:12.818,1.0537,1.05383,2.25,2.85
2012.08.06 08:20:12.937,1.0537,1.05382,2.25,1.50
2012.08.06 08:20:13.000,1.0537,1.05383,1.50,3.60
2012.08.06 08:20:13.178,1.0537,1.05383,3.38,1.73
2012.08.06 08:20:13.703,1.05371,1.05385,3.23,2.25
2012.08.06 08:20:14.222,1.05371,1.0538,1.50,1.50
2012.08.06 08:20:14.521,1.05365,1.05378,2.85,2.48
2012.08.06 08:20:14.700,1.05364,1.05375,1.73,1.50
2012.08.06 08:20:15.226,1.05364,1.05375,1.43,1.50
2012.08.06 08:20:15.402,1.05364,1.05377,2.93,2.48
2012.08.06 08:20:15.909,1.05364,1.05377,3.68,2.48
2012.08.06 08:20:16.545,1.05364,1.05377,4.05,2.48
2012.08.06 08:20:16.666,1.05365,1.05377,2.70,2.48
2012.08.06 08:20:17.021,1.05368,1.0538,2.48,2.25
2012.08.06 08:20:17.373,1.05375,1.05382,2.85,1.73
2012.08.06 08:20:17.726,1.05376,1.05384,3.98,1.50
2012.08.06 08:20:17.847,1.05377,1.0539,2.48,2.25
2012.08.06 08:20:18.197,1.05377,1.05388,1.73,1.50
2012.08.06 08:20:18.548,1.05374,1.05385,1.73,1.50
2012.08.06 08:20:18.698,1.05373,1.05385,3.23,1.50
2012.08.06 08:20:19.220,1.05376,1.05385,2.63,1.50
2012.08.06 08:20:19.341,1.05376,1.05387,2.85,2.25
2012.08.06 08:20:19.404,1.05376,1.05389,3.60,2.25
2012.08.06 08:20:19.663,1.05376,1.0539,5.85,2.25
2012.08.06 08:20:20.183,1.05377,1.0539,1.73,2.25
2012.08.06 08:20:20.723,1.05376,1.05389,7.35,2.25
2012.08.06 08:20:23.465,1.05376,1.05388,4.35,1.50
2012.08.06 08:20:23.985,1.05376,1.05386,1.35,1.50
2012.08.06 08:20:24.106,1.05372,1.05385,3.23,2.25
2012.08.06 08:20:24.572,1.05372,1.05383,1.73,2.25
2012.08.06 08:20:24.865,1.0537,1.0538,3.75,1.50
2012.08.06 08:20:25.047,1.05368,1.05379,2.25,2.10
2012.08.06 08:20:25.451,1.05365,1.05377,1.73,3.00
2012.08.06 08:20:25.920,1.05367,1.05377,1.73,3.00
2012.08.06 08:20:25.984,1.05367,1.05377,2.48,1.50
2012.08.06 08:20:26.337,1.05368,1.05378,1.50,2.85
2012.08.06 08:20:26.516,1.05365,1.05378,3.45,3.60
2012.08.06 08:20:27.223,1.05364,1.05376,1.95,2.25
2012.08.06 08:20:27.834,1.05364,1.05376,1.43,3.00
2012.08.06 08:20:28.757,1.05364,1.05376,1.43,3.00
2012.08.06 08:20:29.346,1.05364,1.05376,1.20,2.25
2012.08.06 08:20:29.747,1.05367,1.05379,3.38,1.80
2012.08.06 08:20:29.925,1.05367,1.05379,3.60,1.50
2012.08.06 08:20:30.448,1.05367,1.05379,2.10,3.75
2012.08.06 08:20:30.626,1.05366,1.05378,1.50,2.85
2012.08.06 08:20:30.806,1.05364,1.05377,2.93,2.25
2012.08.06 08:20:31.330,1.05364,1.05377,2.93,3.08
2012.08.06 08:20:31.868,1.05364,1.05377,2.93,2.25
2012.08.06 08:20:32.393,1.05366,1.05378,1.73,3.60
2012.08.06 08:20:34.476,1.05364,1.05377,3.68,1.50
2012.08.06 08:20:34.825,1.05363,1.05373,2.70,1.73
2012.08.06 08:20:36.202,1.05361,1.05373,3.00,1.73
2012.08.06 08:20:36.439,1.05362,1.05374,1.50,2.85
2012.08.06 08:20:36.618,1.05364,1.05376,1.73,1.58
2012.08.06 08:20:37.897,1.05364,1.05376,1.73,1.50
2012.08.06 08:20:38.416,1.05364,1.05376,1.73,1.50
2012.08.06 08:20:38.652,1.05366,1.05376,1.50,1.50
2012.08.06 08:20:38.889,1.05364,1.05377,1.73,2.25
2012.08.06 08:20:39.125,1.05368,1.0538,1.50,1.13
2012.08.06 08:20:39.474,1.05368,1.05377,1.50,3.38
2012.08.06 08:20:39.768,1.05363,1.05377,2.48,3.38
2012.08.06 08:20:40.676,1.05363,1.05376,1.73,1.50
2012.08.06 08:20:41.194,1.05363,1.05377,1.73,3.45
