2016.07.22 05:00:00.146,0.74794,0.74805,2.44,2.62
2016.07.22 05:00:00.248,0.74794,0.74805,2.44,1.87
2016.07.22 05:00:00.350,0.74793,0.74805,1.19,2.62
2016.07.22 05:00:00.445,0.74793,0.74805,1.19,1.87
2016.07.22 05:00:00.497,0.74793,0.74805,1.19,1.95
2016.07.22 05:00:00.600,0.74794,0.74805,1.25,1.95
2016.07.22 05:00:00.719,0.74794,0.74805,1.00,1.12
2016.07.22 05:00:00.770,0.74794,0.74805,1.00,1.87
2016.07.22 05:00:02.003,0.74794,0.74804,1.00,1.00
2016.07.22 05:00:02.358,0.74794,0.74804,1.00,1.25
2016.07.22 05:00:03.220,0.74793,0.74802,1.10,1.00
2016.07.22 05:00:03.322,0.74793,0.74802,1.57,1.25
2016.07.22 05:00:03.374,0.74793,0.74802,1.50,1.31
2016.07.22 05:00:03.476,0.74794,0.74802,1.50,1.25
2016.07.22 05:00:03.527,0.74794,0.74805,1.50,2.14
2016.07.22 05:00:03.730,0.74794,0.74805,1.50,2.89
2016.07.22 05:00:03.874,0.74794,0.74805,1.50,2.14
2016.07.22 05:00:03.925,0.74794,0.74805,1.50,2.89
2016.07.22 05:00:04.027,0.74794,0.74805,1.00,2.89
2016.07.22 05:00:04.434,0.74794,0.74805,1.00,2.14
2016.07.22 05:00:05.157,0.74794,0.74805,1.00,2.89
2016.07.22 05:00:05.208,0.74794,0.74805,1.00,3.64
2016.07.22 05:00:05.449,0.74794,0.74805,1.00,2.89
2016.07.22 05:00:05.501,0.74794,0.74805,1.00,2.14
2016.07.22 05:00:05.552,0.74794,0.74805,1.00,2.89
2016.07.22 05:00:05.603,0.74794,0.74805,1.00,3.64
2016.07.22 05:00:05.666,0.74794,0.74805,1.00,2.89
2016.07.22 05:00:05.769,0.74794,0.74805,1.00,3.64
2016.07.22 05:00:05.973,0.74794,0.74805,1.50,3.64
2016.07.22 05:00:06.024,0.74794,0.74805,1.00,3.64
2016.07.22 05:00:06.278,0.74794,0.74805,1.00,2.89
2016.07.22 05:00:06.533,0.74794,0.74805,1.00,2.14
2016.07.22 05:00:06.633,0.74794,0.74805,1.00,2.89
2016.07.22 05:00:07.270,0.74794,0.74805,1.00,3.64
2016.07.22 05:00:07.423,0.74794,0.74805,1.00,2.89
2016.07.22 05:00:07.778,0.74794,0.74805,1.00,2.14
2016.07.22 05:00:07.942,0.74794,0.74805,1.00,1.39
2016.07.22 05:00:08.108,0.74794,0.74805,1.00,2.14
2016.07.22 05:00:08.452,0.74794,0.74805,1.50,2.14
2016.07.22 05:00:08.503,0.74794,0.74805,1.50,1.39
2016.07.22 05:00:08.554,0.74794,0.74805,1.00,1.39
2016.07.22 05:00:08.944,0.74794,0.74805,1.50,1.39
2016.07.22 05:00:09.046,0.74794,0.74805,1.00,1.39
2016.07.22 05:00:09.563,0.74794,0.74805,1.50,1.39
2016.07.22 05:00:09.665,0.74794,0.74805,1.00,1.39
2016.07.22 05:00:09.767,0.74794,0.74805,1.00,1.29
2016.07.22 05:00:12.641,0.74793,0.74805,3.37,1.29
2016.07.22 05:00:12.743,0.74793,0.74805,3.37,2.51
2016.07.22 05:00:13.750,0.74793,0.74805,2.62,2.51
2016.07.22 05:00:13.814,0.74793,0.74805,2.70,2.44
2016.07.22 05:00:15.181,0.74793,0.74804,2.70,1.31
2016.07.22 05:00:15.232,0.74793,0.74804,1.10,1.31
2016.07.22 05:00:15.283,0.74791,0.74802,4.57,1.00
2016.07.22 05:00:15.381,0.74791,0.74802,3.52,3.75
2016.07.22 05:00:15.434,0.7479,0.74801,1.15,3.00
2016.07.22 05:00:15.487,0.7479,0.748,1.10,1.00
2016.07.22 05:00:15.590,0.7479,0.748,1.00,1.00
2016.07.22 05:00:18.367,0.74787,0.748,4.76,1.50
2016.07.22 05:00:18.419,0.74787,0.74799,2.89,1.00
2016.07.22 05:00:18.471,0.74787,0.74799,2.44,3.00
2016.07.22 05:00:18.523,0.74787,0.74799,2.25,3.19
2016.07.22 05:00:18.574,0.74787,0.74799,1.50,3.64
2016.07.22 05:00:18.626,0.74787,0.74799,1.50,4.39
2016.07.22 05:00:18.677,0.74787,0.74799,1.69,5.14
2016.07.22 05:00:18.728,0.74787,0.74799,1.69,4.39
2016.07.22 05:00:19.351,0.74787,0.74799,1.50,3.64
2016.07.22 05:00:19.706,0.74787,0.74799,1.50,4.39
2016.07.22 05:00:19.859,0.74787,0.74798,1.50,2.06
2016.07.22 05:00:19.910,0.74786,0.74798,1.50,2.81
2016.07.22 05:00:19.961,0.74785,0.74798,1.50,5.44
2016.07.22 05:00:20.164,0.74785,0.74798,1.50,5.51
2016.07.22 05:00:20.367,0.74785,0.74796,1.50,1.12
2016.07.22 05:00:20.571,0.74785,0.74796,1.00,1.12
2016.07.22 05:00:21.094,0.74784,0.74797,3.75,1.37
2016.07.22 05:00:21.297,0.74784,0.74797,3.00,1.37
2016.07.22 05:00:23.552,0.74784,0.74797,3.37,1.37
2016.07.22 05:00:23.756,0.74784,0.74797,4.12,1.37
2016.07.22 05:00:23.886,0.74784,0.74797,3.37,1.37
2016.07.22 05:00:23.988,0.74784,0.74798,3.37,5.89
2016.07.22 05:00:24.184,0.74784,0.74796,4.12,1.12
2016.07.22 05:00:24.549,0.74784,0.74798,3.37,5.89
2016.07.22 05:00:24.600,0.74784,0.74796,4.12,1.12
2016.07.22 05:00:25.686,0.74784,0.74796,3.75,1.12
2016.07.22 05:00:25.952,0.74786,0.74796,1.00,1.12
2016.07.22 05:00:26.003,0.74786,0.74797,1.00,1.87
2016.07.22 05:00:26.105,0.74786,0.74796,1.00,1.12
2016.07.22 05:00:26.767,0.74785,0.74794,1.00,1.19
2016.07.22 05:00:26.818,0.74784,0.74794,2.62,1.19
2016.07.22 05:00:26.870,0.74782,0.74794,5.02,2.81
2016.07.22 05:00:26.921,0.74783,0.74794,1.12,2.81
2016.07.22 05:00:26.972,0.74784,0.74796,2.25,5.81
2016.07.22 05:00:27.023,0.74784,0.74795,2.32,1.69
2016.07.22 05:00:27.226,0.74784,0.74796,2.32,4.69
2016.07.22 05:00:27.864,0.74784,0.74796,2.32,3.56
2016.07.22 05:00:27.915,0.74784,0.74796,2.32,2.44
2016.07.22 05:00:27.966,0.74784,0.74796,2.32,1.69
2016.07.22 05:00:28.068,0.74784,0.74796,2.32,2.44
2016.07.22 05:00:29.088,0.74784,0.74796,1.10,1.19
2016.07.22 05:00:30.382,0.74785,0.74796,1.00,1.19
2016.07.22 05:00:32.083,0.74785,0.74795,1.00,1.19
2016.07.22 05:00:32.286,0.74785,0.74796,1.00,1.19
2016.07.22 05:00:34.890,0.74785,0.74797,1.00,3.26
2016.07.22 05:00:34.992,0.74785,0.74796,1.00,1.19
2016.07.22 05:00:35.297,0.74785,0.74797,1.00,3.26
2016.07.22 05:00:35.399,0.74785,0.74796,1.00,1.19
2016.07.22 05:00:35.591,0.74785,0.74797,1.00,3.26
2016.07.22 05:00:36.516,0.74785,0.74797,1.00,2.51
2016.07.22 05:00:36.567,0.74785,0.74797,1.00,1.76
2016.07.22 05:00:36.618,0.74785,0.74798,1.00,7.57
2016.07.22 05:00:36.669,0.74785,0.74798,1.00,6.26
2016.07.22 05:00:36.720,0.74785,0.74798,1.00,6.19
2016.07.22 05:00:36.771,0.74785,0.74798,1.50,7.12
2016.07.22 05:00:36.822,0.74787,0.74798,1.00,6.37
2016.07.22 05:00:36.873,0.74787,0.74798,1.37,3.19
2016.07.22 05:00:36.924,0.74787,0.74798,1.37,1.25
2016.07.22 05:00:36.975,0.74787,0.74798,2.25,1.25
2016.07.22 05:00:37.026,0.74787,0.748,3.00,3.71
2016.07.22 05:00:37.146,0.74787,0.748,1.87,3.90
2016.07.22 05:00:37.197,0.74787,0.748,3.75,3.15
2016.07.22 05:00:37.248,0.74787,0.748,3.07,3.15
2016.07.22 05:00:37.299,0.74787,0.748,2.32,2.89
2016.07.22 05:00:37.705,0.74787,0.748,2.70,2.89
2016.07.22 05:00:38.498,0.74787,0.748,2.70,4.20
2016.07.22 05:00:40.205,0.74787,0.748,2.70,3.26
2016.07.22 05:00:41.021,0.74788,0.748,1.12,3.26
2016.07.22 05:00:43.206,0.74788,0.748,1.12,2.51
2016.07.22 05:00:43.308,0.74788,0.748,1.12,3.26
2016.07.22 05:00:43.410,0.74788,0.748,1.12,2.51
2016.07.22 05:00:43.614,0.74788,0.748,1.87,3.26
2016.07.22 05:00:43.716,0.74788,0.748,1.12,3.26
2016.07.22 05:00:44.114,0.74788,0.748,1.87,3.26
2016.07.22 05:00:44.381,0.74788,0.748,1.12,2.51
2016.07.22 05:00:45.117,0.74788,0.748,1.12,3.26
2016.07.22 05:00:46.026,0.74788,0.748,1.12,2.51
2016.07.22 05:00:46.127,0.74788,0.748,1.12,2.51
2016.07.22 05:00:47.075,0.74788,0.748,1.12,2.51
2016.07.22 05:00:49.689,0.74788,0.748,1.12,3.45
2016.07.22 05:00:49.790,0.74788,0.748,1.00,3.07
2016.07.22 05:00:50.167,0.74788,0.748,1.00,2.14
2016.07.22 05:00:50.472,0.74788,0.748,1.00,3.07
2016.07.22 05:00:50.624,0.74788,0.748,1.00,3.45
2016.07.22 05:00:50.726,0.74788,0.748,1.00,3.07
2016.07.22 05:00:50.980,0.74788,0.748,1.00,2.14
2016.07.22 05:00:51.468,0.74788,0.748,1.00,3.07
2016.07.22 05:00:51.786,0.74788,0.748,1.00,3.82
2016.07.22 05:00:52.023,0.74788,0.748,1.50,3.82
2016.07.22 05:00:52.074,0.74788,0.748,1.50,2.89
2016.07.22 05:00:52.124,0.74788,0.748,1.00,3.26
2016.07.22 05:00:54.071,0.74788,0.748,1.00,4.20
2016.07.22 05:00:54.325,0.74788,0.748,1.00,3.82
2016.07.22 05:00:54.376,0.74788,0.748,1.00,2.89
2016.07.22 05:00:54.985,0.74788,0.748,1.00,1.66
2016.07.22 05:00:55.187,0.74788,0.748,1.00,2.70
2016.07.22 05:00:55.238,0.74788,0.748,1.12,3.30
2016.07.22 05:00:55.289,0.74788,0.74799,1.12,2.06
2016.07.22 05:00:55.340,0.74787,0.74799,3.82,2.81
2016.07.22 05:00:55.391,0.74787,0.74799,3.75,2.89
2016.07.22 05:00:55.442,0.74787,0.74799,3.75,2.96
2016.07.22 05:00:55.497,0.74787,0.74799,3.75,2.96
2016.07.22 05:00:55.955,0.74787,0.74799,2.62,2.96
2016.07.22 05:00:56.006,0.74787,0.74798,2.62,2.44
2016.07.22 05:00:56.058,0.74787,0.74798,3.00,2.44
2016.07.22 05:00:56.160,0.74787,0.74798,3.00,2.81
2016.07.22 05:00:56.261,0.74787,0.74798,2.25,2.81
2016.07.22 05:00:56.827,0.74787,0.74798,2.25,2.06
2016.07.22 05:00:56.878,0.74787,0.74798,3.00,2.06
2016.07.22 05:00:57.082,0.74787,0.74798,2.25,2.06
2016.07.22 05:00:57.288,0.74787,0.74799,3.00,4.01
2016.07.22 05:00:57.339,0.74787,0.74799,3.00,4.61
2016.07.22 05:00:57.391,0.74787,0.74798,2.62,1.22
2016.07.22 05:00:57.561,0.74787,0.74798,1.87,1.22
2016.07.22 05:00:57.969,0.74787,0.74798,2.62,1.22
2016.07.22 05:00:58.121,0.74787,0.74798,3.75,1.22
2016.07.22 05:00:58.172,0.74787,0.74798,3.00,1.22
2016.07.22 05:00:58.223,0.74787,0.74798,1.87,1.22
2016.07.22 05:00:58.562,0.74787,0.74798,2.62,1.22
2016.07.22 05:00:58.874,0.74787,0.74798,1.87,1.22
2016.07.22 05:00:59.451,0.74787,0.74798,2.62,1.22
2016.07.22 05:00:59.869,0.74787,0.74798,1.87,1.22
2016.07.22 05:01:00.164,0.74787,0.74797,1.87,1.10
2016.07.22 05:01:00.266,0.74787,0.74797,1.12,1.10
2016.07.22 05:01:00.758,0.74787,0.74797,1.50,1.10
2016.07.22 05:01:00.962,0.74787,0.74797,1.12,1.10
2016.07.22 05:01:01.230,0.74787,0.74799,1.87,3.26
2016.07.22 05:01:01.332,0.74787,0.74798,1.87,1.31
2016.07.22 05:01:03.502,0.74786,0.74798,1.50,3.94
2016.07.22 05:01:03.554,0.74786,0.74797,1.00,1.57
2016.07.22 05:01:03.706,0.74786,0.74797,1.00,2.70
2016.07.22 05:01:03.757,0.74786,0.74796,1.00,1.12
2016.07.22 05:01:06.742,0.74786,0.74797,1.00,3.64
2016.07.22 05:01:11.900,0.74786,0.74797,1.00,4.76
2016.07.22 05:01:11.951,0.74786,0.74797,1.00,5.51
2016.07.22 05:01:12.002,0.74786,0.74797,1.00,4.76
2016.07.22 05:01:13.745,0.74786,0.74797,1.00,4.01
2016.07.22 05:01:14.135,0.74786,0.74797,1.00,2.89
2016.07.22 05:01:14.851,0.74786,0.74797,1.00,4.39
2016.07.22 05:01:14.953,0.74785,0.74797,1.00,2.89
2016.07.22 05:01:15.004,0.74785,0.74796,1.00,1.25
2016.07.22 05:01:15.055,0.74784,0.74796,2.70,1.69
2016.07.22 05:01:15.107,0.74784,0.74796,1.20,1.69
2016.07.22 05:01:15.209,0.74784,0.74796,1.20,1.31
2016.07.22 05:01:15.260,0.74784,0.74797,1.20,5.14
2016.07.22 05:01:15.851,0.74784,0.74797,1.20,7.39
2016.07.22 05:01:16.458,0.74786,0.74797,1.00,6.26
2016.07.22 05:01:19.017,0.74786,0.74797,1.00,7.01
2016.07.22 05:01:20.287,0.74786,0.74797,1.00,6.26
2016.07.22 05:01:22.029,0.74786,0.74797,1.00,7.01
2016.07.22 05:01:22.629,0.74786,0.74797,1.00,6.26
2016.07.22 05:01:24.231,0.74786,0.74797,1.00,5.14
2016.07.22 05:01:24.632,0.74786,0.74797,1.00,6.26
2016.07.22 05:01:25.034,0.74786,0.74797,1.00,4.76
2016.07.22 05:01:26.785,0.74786,0.74797,1.00,5.51
2016.07.22 05:01:26.940,0.74786,0.74797,1.00,4.39
2016.07.22 05:01:27.073,0.74786,0.74797,1.00,3.64
2016.07.22 05:01:27.188,0.74786,0.74797,1.00,2.89
2016.07.22 05:01:27.693,0.74786,0.74797,1.00,2.14
2016.07.22 05:01:29.046,0.74786,0.74797,1.00,2.51
2016.07.22 05:01:29.377,0.74786,0.74797,1.00,3.26
2016.07.22 05:01:29.429,0.74786,0.74796,1.00,1.00
2016.07.22 05:01:29.755,0.74786,0.74796,1.00,1.12
2016.07.22 05:01:33.005,0.74786,0.74796,1.00,1.87
2016.07.22 05:01:33.268,0.74786,0.74796,1.00,1.12
2016.07.22 05:01:33.573,0.74786,0.74796,1.00,1.87
2016.07.22 05:01:37.364,0.74786,0.74796,1.00,1.12
2016.07.22 05:01:37.669,0.74786,0.74796,1.00,1.00
2016.07.22 05:01:38.714,0.74786,0.74796,1.00,1.00
2016.07.22 05:01:40.255,0.74786,0.74796,1.00,1.25
2016.07.22 05:01:49.861,0.74786,0.74797,1.00,3.26
2016.07.22 05:01:50.335,0.74786,0.74797,1.00,2.51
2016.07.22 05:01:50.887,0.74786,0.74797,1.00,3.26
2016.07.22 05:01:50.938,0.74786,0.74797,1.00,4.01
2016.07.22 05:01:50.989,0.74786,0.74797,1.00,3.26
2016.07.22 05:01:51.744,0.74785,0.74797,1.87,2.44
2016.07.22 05:01:53.793,0.74785,0.74797,1.87,1.69
2016.07.22 05:01:53.993,0.74785,0.74797,1.87,2.44
2016.07.22 05:01:54.097,0.74785,0.74797,1.87,1.69
2016.07.22 05:01:54.199,0.74785,0.74797,1.87,3.19
2016.07.22 05:01:54.301,0.74785,0.74797,1.12,1.69
2016.07.22 05:01:54.596,0.74785,0.74797,1.87,1.69
2016.07.22 05:01:54.698,0.74785,0.74797,1.12,2.44
2016.07.22 05:01:54.799,0.74785,0.74797,1.12,1.69
2016.07.22 05:01:55.077,0.74785,0.74797,1.87,2.44
2016.07.22 05:01:55.128,0.74785,0.74797,1.87,3.19
2016.07.22 05:01:55.229,0.74785,0.74797,1.12,2.44
2016.07.22 05:01:55.332,0.74785,0.74797,1.12,1.69
2016.07.22 05:01:55.535,0.74785,0.74797,1.12,2.44
2016.07.22 05:01:55.637,0.74785,0.74797,1.12,1.69
2016.07.22 05:01:55.800,0.74785,0.74797,1.12,2.44
2016.07.22 05:01:55.901,0.74785,0.74797,1.87,3.19
2016.07.22 05:01:56.003,0.74785,0.74797,1.12,2.44
2016.07.22 05:01:56.207,0.74785,0.74797,1.12,1.69
2016.07.22 05:01:56.488,0.74785,0.74797,1.12,2.44
2016.07.22 05:01:57.758,0.74785,0.74797,1.50,2.06
2016.07.22 05:01:57.809,0.74785,0.74797,1.50,2.06
2016.07.22 05:01:57.860,0.74785,0.74797,1.50,1.69
2016.07.22 05:01:58.608,0.74785,0.74797,1.12,1.69
2016.07.22 05:01:58.659,0.74785,0.74797,1.00,1.69
2016.07.22 05:02:03.520,0.74785,0.74797,1.00,1.19
2016.07.22 05:02:05.201,0.74785,0.74797,1.00,1.25
2016.07.22 05:02:10.616,0.74785,0.74798,1.00,5.14
2016.07.22 05:02:11.760,0.74785,0.74797,1.00,1.25
2016.07.22 05:02:12.462,0.74784,0.74797,4.12,1.25
2016.07.22 05:02:12.942,0.74784,0.74798,4.12,5.89
2016.07.22 05:02:13.192,0.74784,0.74798,4.12,5.89
2016.07.22 05:02:13.895,0.74784,0.74798,3.00,5.14
2016.07.22 05:02:13.946,0.74784,0.74798,3.37,5.06
2016.07.22 05:02:13.997,0.74784,0.74798,3.45,5.06
2016.07.22 05:02:14.285,0.74784,0.74798,1.95,5.06
2016.07.22 05:02:14.843,0.74784,0.74797,1.95,1.25
2016.07.22 05:02:16.109,0.74785,0.74797,1.07,1.25
2016.07.22 05:02:17.347,0.74785,0.74796,1.07,1.00
2016.07.22 05:02:17.448,0.74785,0.74797,1.57,1.25
2016.07.22 05:02:17.651,0.74785,0.74798,1.57,5.81
2016.07.22 05:02:17.765,0.74785,0.74798,1.57,6.94
2016.07.22 05:02:18.249,0.74785,0.74798,1.57,6.19
2016.07.22 05:02:18.573,0.74785,0.74797,1.57,1.25
2016.07.22 05:02:18.624,0.74785,0.74797,1.07,1.69
2016.07.22 05:02:29.822,0.74785,0.74797,1.20,2.06
2016.07.22 05:02:29.873,0.74785,0.74797,1.20,1.31
2016.07.22 05:02:33.976,0.74785,0.74797,1.20,2.06
2016.07.22 05:02:34.027,0.74784,0.74797,4.20,1.31
2016.07.22 05:02:34.129,0.74784,0.74797,3.45,1.31
2016.07.22 05:02:34.231,0.74784,0.74797,4.20,1.31
2016.07.22 05:02:34.282,0.74784,0.74797,3.45,1.31
2016.07.22 05:02:34.741,0.74784,0.74797,3.07,1.31
2016.07.22 05:02:39.244,0.74784,0.74797,3.07,1.31
2016.07.22 05:02:41.991,0.74784,0.74797,3.07,1.31
2016.07.22 05:02:42.101,0.74785,0.74797,1.00,1.31
2016.07.22 05:02:42.256,0.74785,0.74797,1.00,2.06
2016.07.22 05:02:42.307,0.74785,0.74797,1.12,2.06
2016.07.22 05:02:42.358,0.74785,0.74797,1.12,1.31
2016.07.22 05:02:42.469,0.74785,0.74798,1.12,5.81
2016.07.22 05:02:43.194,0.74785,0.74798,1.00,5.44
2016.07.22 05:02:43.847,0.74785,0.74797,1.50,1.31
2016.07.22 05:02:43.898,0.74785,0.74797,1.87,1.31
2016.07.22 05:02:45.844,0.74785,0.74797,1.37,1.31
2016.07.22 05:02:46.345,0.74785,0.74798,1.37,5.81
2016.07.22 05:02:47.051,0.74785,0.74797,1.37,1.31
2016.07.22 05:02:47.447,0.74785,0.74797,1.87,1.31
2016.07.22 05:02:47.653,0.74785,0.74798,1.37,6.56
2016.07.22 05:02:47.953,0.74785,0.74797,1.37,1.31
2016.07.22 05:02:48.055,0.74785,0.74797,1.87,1.31
2016.07.22 05:02:49.071,0.74785,0.74797,1.37,2.06
2016.07.22 05:02:49.276,0.74785,0.74797,1.37,1.31
2016.07.22 05:02:49.327,0.74785,0.74797,1.00,1.31
2016.07.22 05:02:49.758,0.74784,0.74797,3.07,1.25
2016.07.22 05:02:53.458,0.74784,0.74797,3.07,3.19
2016.07.22 05:02:53.509,0.74784,0.74797,4.20,3.94
2016.07.22 05:02:53.561,0.74784,0.74797,2.70,3.19
2016.07.22 05:02:53.612,0.74784,0.74797,1.95,3.19
2016.07.22 05:02:53.663,0.74784,0.74797,1.95,3.26
2016.07.22 05:02:54.018,0.74784,0.74797,1.20,3.26
2016.07.22 05:02:54.220,0.74784,0.74797,1.95,3.26
2016.07.22 05:02:54.835,0.74784,0.74797,1.20,3.26
2016.07.22 05:02:55.417,0.74784,0.74797,1.95,3.26
2016.07.22 05:02:56.048,0.74784,0.74797,1.20,3.26
2016.07.22 05:02:56.462,0.74784,0.74796,1.20,1.25
2016.07.22 05:02:56.513,0.74784,0.74796,1.95,1.25
2016.07.22 05:02:56.614,0.74784,0.74796,1.20,1.25
2016.07.22 05:02:57.461,0.74784,0.74796,1.95,1.25
2016.07.22 05:02:57.746,0.74785,0.74796,1.87,1.25
2016.07.22 05:02:57.797,0.74785,0.74797,1.87,4.76
2016.07.22 05:03:00.995,0.74785,0.74797,1.87,3.26
2016.07.22 05:03:01.682,0.74785,0.74797,1.87,3.26
2016.07.22 05:03:02.415,0.74785,0.74797,1.50,3.26
2016.07.22 05:03:02.467,0.74785,0.74797,1.50,2.51
2016.07.22 05:03:02.568,0.74785,0.74797,1.50,4.76
2016.07.22 05:03:02.772,0.74785,0.74797,1.50,3.26
2016.07.22 05:03:02.975,0.74785,0.74797,1.50,4.76
2016.07.22 05:03:03.178,0.74785,0.74797,1.50,4.76
2016.07.22 05:03:04.337,0.74785,0.74797,1.50,5.14
2016.07.22 05:03:04.388,0.74784,0.74796,4.95,2.44
2016.07.22 05:03:04.439,0.74784,0.74796,4.20,2.44
2016.07.22 05:03:04.838,0.74784,0.74796,4.95,2.44
2016.07.22 05:03:05.290,0.74784,0.74796,4.95,2.25
2016.07.22 05:03:06.193,0.74784,0.74796,4.95,1.50
2016.07.22 05:03:06.244,0.74784,0.74796,5.32,1.50
2016.07.22 05:03:07.646,0.74784,0.74796,6.07,1.50
2016.07.22 05:03:09.225,0.74784,0.74796,4.95,1.50
2016.07.22 05:03:09.733,0.74784,0.74796,5.70,1.50
2016.07.22 05:03:10.283,0.74784,0.74797,5.70,2.81
2016.07.22 05:03:11.624,0.74784,0.74797,5.70,2.06
2016.07.22 05:03:11.982,0.74784,0.74797,5.70,2.81
2016.07.22 05:03:12.606,0.74784,0.74797,6.45,1.31
2016.07.22 05:03:13.050,0.74784,0.74797,5.70,1.31
2016.07.22 05:03:13.863,0.74786,0.74797,1.00,1.31
2016.07.22 05:03:18.900,0.74786,0.74797,1.00,1.25
2016.07.22 05:03:20.262,0.74786,0.74797,1.00,1.19
2016.07.22 05:03:22.433,0.74786,0.74797,1.12,1.19
2016.07.22 05:03:22.535,0.74786,0.74797,1.12,1.19
2016.07.22 05:03:23.189,0.74786,0.74797,1.12,1.00
2016.07.22 05:03:23.240,0.74786,0.74797,1.00,1.50
2016.07.22 05:03:23.342,0.74786,0.74797,1.00,1.00
2016.07.22 05:03:23.393,0.74785,0.74798,1.57,2.62
2016.07.22 05:03:23.444,0.74785,0.74798,1.57,3.00
2016.07.22 05:03:23.545,0.74785,0.74797,1.95,1.00
2016.07.22 05:03:23.596,0.74785,0.74797,1.20,1.00
2016.07.22 05:03:23.647,0.74785,0.74797,1.95,1.00
2016.07.22 05:03:23.765,0.74785,0.74798,1.95,3.00
2016.07.22 05:03:23.816,0.74786,0.74798,1.00,3.75
2016.07.22 05:03:24.339,0.74786,0.74798,1.69,3.75
2016.07.22 05:03:25.641,0.74786,0.74798,1.19,3.75
2016.07.22 05:03:25.895,0.74787,0.74798,1.19,3.00
2016.07.22 05:03:25.946,0.74787,0.74798,1.19,1.50
2016.07.22 05:03:25.997,0.74788,0.74798,1.19,1.50
2016.07.22 05:03:26.048,0.74793,0.748,1.12,4.20
2016.07.22 05:03:26.100,0.74794,0.74802,1.00,2.70
2016.07.22 05:03:26.151,0.74794,0.74803,2.25,2.62
2016.07.22 05:03:26.202,0.74794,0.74803,2.81,2.62
2016.07.22 05:03:26.253,0.74796,0.74803,1.10,2.62
2016.07.22 05:03:26.305,0.74796,0.74806,3.82,1.12
2016.07.22 05:03:26.356,0.74798,0.74806,1.00,1.12
2016.07.22 05:03:26.407,0.74798,0.74807,1.19,1.87
2016.07.22 05:03:26.520,0.74796,0.74807,1.19,1.12
2016.07.22 05:03:26.573,0.74796,0.74807,1.19,1.50
2016.07.22 05:03:26.624,0.74796,0.74807,1.19,2.25
2016.07.22 05:03:26.929,0.74796,0.74807,1.19,1.50
2016.07.22 05:03:27.031,0.74795,0.74805,2.06,1.00
2016.07.22 05:03:27.083,0.74795,0.74805,1.69,1.00
2016.07.22 05:03:27.235,0.74795,0.74805,1.69,1.00
2016.07.22 05:03:28.147,0.74795,0.74806,1.69,1.00
2016.07.22 05:03:29.522,0.74795,0.74806,1.69,1.12
2016.07.22 05:03:30.150,0.74795,0.74805,1.69,1.00
2016.07.22 05:03:30.628,0.74795,0.74806,1.69,1.50
2016.07.22 05:03:33.165,0.74795,0.74806,1.69,1.00
2016.07.22 05:03:34.369,0.74795,0.74806,1.69,1.00
2016.07.22 05:03:40.079,0.74795,0.74807,1.69,1.50
2016.07.22 05:03:40.130,0.74795,0.74807,2.44,2.25
2016.07.22 05:03:40.283,0.74795,0.74807,3.56,2.25
2016.07.22 05:03:40.334,0.74795,0.74807,3.56,1.50
2016.07.22 05:03:40.967,0.74795,0.74807,2.81,1.50
2016.07.22 05:03:41.069,0.74795,0.74807,1.69,1.50
2016.07.22 05:03:41.272,0.74795,0.74806,1.69,1.00
2016.07.22 05:03:44.779,0.74795,0.74806,1.69,1.50
2016.07.22 05:03:44.880,0.74795,0.74806,1.69,1.00
2016.07.22 05:03:45.135,0.74795,0.74806,1.69,1.50
2016.07.22 05:03:45.186,0.74795,0.74806,1.69,1.50
2016.07.22 05:03:45.340,0.74795,0.74806,1.69,1.00
2016.07.22 05:03:45.449,0.74795,0.74805,1.69,1.00
2016.07.22 05:03:48.161,0.74795,0.74806,1.69,1.12
2016.07.22 05:03:48.986,0.74795,0.74806,1.69,1.12
2016.07.22 05:03:49.709,0.74795,0.74806,1.69,1.00
2016.07.22 05:03:49.760,0.74795,0.74806,2.06,1.00
2016.07.22 05:03:55.301,0.74796,0.74806,1.19,1.00
2016.07.22 05:03:55.352,0.74796,0.74807,1.19,2.70
2016.07.22 05:03:55.672,0.74796,0.74807,1.19,1.95
2016.07.22 05:03:56.474,0.74796,0.74807,1.19,1.47
2016.07.22 05:03:57.259,0.74796,0.74807,1.19,1.95
2016.07.22 05:03:57.727,0.74796,0.74807,1.19,2.70
2016.07.22 05:03:58.333,0.74796,0.74807,1.19,3.45
2016.07.22 05:03:58.385,0.74796,0.74807,1.19,1.95
2016.07.22 05:03:59.251,0.74796,0.74807,1.19,2.70
2016.07.22 05:03:59.781,0.74796,0.74807,1.19,1.95
2016.07.22 05:04:00.289,0.74796,0.74807,1.19,2.70
2016.07.22 05:04:00.390,0.74796,0.74807,1.19,1.95
2016.07.22 05:04:00.642,0.74796,0.74807,1.19,2.70
2016.07.22 05:04:00.693,0.74796,0.74806,1.19,1.12
2016.07.22 05:04:00.795,0.74796,0.74807,1.19,2.70
2016.07.22 05:04:00.846,0.74796,0.74806,1.19,1.12
2016.07.22 05:04:08.553,0.74796,0.74806,1.19,1.00
2016.07.22 05:04:08.655,0.74796,0.74806,1.19,1.50
2016.07.22 05:04:08.706,0.74796,0.74806,1.19,2.25
2016.07.22 05:04:09.107,0.74796,0.74806,1.19,2.32
2016.07.22 05:04:09.159,0.74796,0.74806,1.19,1.57
2016.07.22 05:04:09.210,0.74796,0.74806,1.19,1.10
2016.07.22 05:04:11.259,0.74795,0.74806,1.31,1.10
2016.07.22 05:04:11.311,0.74795,0.74806,1.31,1.10
2016.07.22 05:04:11.413,0.74795,0.74806,1.19,1.10
2016.07.22 05:04:14.575,0.74795,0.74806,1.19,1.20
2016.07.22 05:04:14.704,0.74795,0.74806,1.19,1.10
2016.07.22 05:04:15.185,0.74795,0.74806,2.06,1.20
2016.07.22 05:04:15.287,0.74795,0.74806,2.44,1.20
2016.07.22 05:04:15.719,0.74795,0.74806,2.44,1.95
2016.07.22 05:04:15.872,0.74795,0.74806,3.19,2.70
2016.07.22 05:04:15.925,0.74795,0.74806,2.81,1.57
2016.07.22 05:04:15.999,0.74795,0.74806,1.69,1.57
2016.07.22 05:04:17.511,0.74795,0.74806,1.69,1.95
2016.07.22 05:04:17.613,0.74795,0.74806,1.69,1.57
2016.07.22 05:04:18.413,0.74795,0.74806,1.69,2.32
2016.07.22 05:04:21.133,0.74795,0.74806,1.69,1.57
2016.07.22 05:04:21.628,0.74795,0.74806,1.69,2.32
2016.07.22 05:04:21.687,0.74795,0.74806,1.69,1.57
2016.07.22 05:04:21.891,0.74795,0.74806,1.69,2.32
2016.07.22 05:04:22.094,0.74795,0.74806,1.69,1.57
2016.07.22 05:04:25.231,0.74796,0.74806,1.19,1.57
2016.07.22 05:04:29.032,0.74796,0.74806,1.19,2.32
2016.07.22 05:04:29.235,0.74796,0.74806,1.19,1.57
2016.07.22 05:04:30.278,0.74796,0.74806,1.19,1.10
2016.07.22 05:04:30.329,0.74796,0.74806,1.19,1.50
2016.07.22 05:04:30.431,0.74796,0.74806,1.19,1.00
2016.07.22 05:04:35.276,0.74795,0.74806,1.19,1.00
2016.07.22 05:04:36.230,0.74795,0.74808,1.19,8.25
2016.07.22 05:04:36.281,0.74795,0.74808,1.19,8.25
2016.07.22 05:04:36.433,0.74795,0.74807,1.19,1.87
2016.07.22 05:04:36.987,0.74795,0.74807,1.19,1.87
2016.07.22 05:04:37.139,0.74795,0.74806,1.19,1.12
2016.07.22 05:04:37.331,0.74795,0.74807,1.19,2.62
2016.07.22 05:04:38.417,0.74795,0.74807,1.19,1.37
2016.07.22 05:04:40.196,0.74796,0.74807,1.19,1.37
2016.07.22 05:04:40.399,0.74796,0.74807,1.19,1.87
2016.07.22 05:04:40.653,0.74796,0.74807,1.19,1.12
2016.07.22 05:04:40.704,0.74796,0.74808,1.19,7.87
2016.07.22 05:04:40.806,0.74796,0.74808,1.19,6.75
2016.07.22 05:04:41.019,0.74796,0.74807,1.19,1.12
2016.07.22 05:04:41.850,0.74796,0.74807,1.19,1.87
2016.07.22 05:04:42.541,0.74796,0.74807,1.19,1.12
2016.07.22 05:04:42.643,0.74796,0.74808,1.19,7.12
2016.07.22 05:04:42.998,0.74796,0.74807,1.19,1.00
2016.07.22 05:04:43.049,0.74796,0.74807,1.19,1.00
2016.07.22 05:04:43.100,0.74796,0.74807,1.19,1.50
2016.07.22 05:04:44.164,0.74796,0.74807,1.19,1.50
2016.07.22 05:04:44.317,0.74796,0.74807,1.19,1.00
2016.07.22 05:04:44.532,0.74796,0.74807,1.19,1.00
2016.07.22 05:04:44.744,0.74796,0.74807,1.19,1.50
2016.07.22 05:04:47.669,0.74796,0.74807,1.19,1.00
2016.07.22 05:04:47.720,0.74796,0.74807,1.19,1.50
2016.07.22 05:04:47.948,0.74796,0.74807,1.19,1.00
2016.07.22 05:04:48.050,0.74796,0.74807,1.19,1.50
2016.07.22 05:04:48.152,0.74796,0.74807,1.19,1.00
2016.07.22 05:04:48.936,0.74796,0.74807,1.19,1.50
2016.07.22 05:04:49.724,0.74796,0.74808,1.19,4.50
2016.07.22 05:04:49.775,0.74796,0.74808,1.19,4.50
2016.07.22 05:04:50.223,0.74795,0.74808,1.69,4.50
2016.07.22 05:04:51.504,0.74795,0.74808,1.69,4.57
2016.07.22 05:04:51.828,0.74795,0.74808,1.69,5.70
2016.07.22 05:04:55.547,0.74795,0.74808,1.69,7.57
2016.07.22 05:04:56.029,0.74795,0.74808,1.69,6.45
2016.07.22 05:04:56.080,0.74795,0.74806,1.69,1.00
2016.07.22 05:04:56.131,0.74795,0.74806,1.19,1.00
2016.07.22 05:04:56.336,0.74795,0.74807,1.19,3.07
2016.07.22 05:04:56.439,0.74795,0.74807,1.19,1.95
2016.07.22 05:04:56.490,0.74795,0.74807,1.69,1.95
2016.07.22 05:04:56.541,0.74795,0.74806,1.69,1.00
2016.07.22 05:04:57.580,0.74795,0.74807,1.69,3.07
2016.07.22 05:04:57.632,0.74795,0.74807,1.69,2.32
2016.07.22 05:04:57.913,0.74795,0.74806,1.19,1.00
2016.07.22 05:04:57.965,0.74795,0.74806,1.19,1.37
2016.07.22 05:04:58.017,0.74795,0.74807,1.19,3.45
2016.07.22 05:04:58.221,0.74795,0.74806,1.19,1.37
2016.07.22 05:04:58.323,0.74795,0.74807,1.19,3.45
2016.07.22 05:04:59.230,0.74794,0.74807,1.29,3.45
2016.07.22 05:04:59.435,0.74794,0.74806,1.29,1.37
2016.07.22 05:04:59.848,0.74794,0.74807,1.29,3.45
2016.07.22 05:05:01.256,0.74794,0.74806,1.29,1.37
2016.07.22 05:05:01.623,0.74794,0.74807,1.29,3.45
2016.07.22 05:05:01.826,0.74794,0.74806,1.29,1.37
2016.07.22 05:05:02.417,0.74794,0.74807,1.29,3.45
2016.07.22 05:05:02.570,0.74794,0.74807,1.19,3.52
2016.07.22 05:05:03.390,0.74794,0.74807,1.19,4.27
2016.07.22 05:05:03.440,0.74794,0.74806,1.19,1.47
2016.07.22 05:05:03.644,0.74794,0.74807,1.19,4.27
2016.07.22 05:05:04.328,0.74794,0.74807,1.31,4.65
2016.07.22 05:05:04.379,0.74794,0.74807,1.31,6.15
2016.07.22 05:05:04.768,0.74794,0.74806,1.31,1.47
2016.07.22 05:05:04.820,0.74794,0.74807,1.31,6.15
2016.07.22 05:05:05.266,0.74794,0.74806,1.31,1.47
2016.07.22 05:05:06.235,0.74794,0.74807,1.31,6.15
2016.07.22 05:05:06.438,0.74794,0.74807,1.31,5.40
2016.07.22 05:05:06.540,0.74794,0.74806,1.31,1.47
2016.07.22 05:05:07.036,0.74794,0.74807,1.31,5.40
2016.07.22 05:05:07.823,0.74794,0.74806,1.31,1.47
2016.07.22 05:05:08.827,0.74794,0.74807,1.31,5.40
2016.07.22 05:05:09.725,0.74794,0.74806,1.31,1.47
2016.07.22 05:05:10.234,0.74794,0.74807,1.31,5.40
2016.07.22 05:05:10.641,0.74794,0.74806,1.31,1.47
2016.07.22 05:05:11.429,0.74794,0.74807,1.31,5.40
2016.07.22 05:05:13.234,0.74794,0.74806,1.31,1.47
2016.07.22 05:05:13.541,0.74794,0.74807,1.31,6.15
2016.07.22 05:05:13.592,0.74794,0.74807,1.31,3.90
2016.07.22 05:05:13.643,0.74794,0.74806,1.31,1.47
2016.07.22 05:05:13.847,0.74794,0.74807,1.31,3.90
2016.07.22 05:05:14.278,0.74794,0.74806,1.31,1.47
2016.07.22 05:05:14.438,0.74794,0.74807,1.31,3.90
2016.07.22 05:05:14.952,0.74794,0.74806,1.31,1.47
2016.07.22 05:05:15.054,0.74794,0.74807,2.06,2.02
2016.07.22 05:05:15.156,0.74794,0.74807,2.06,1.27
2016.07.22 05:05:15.441,0.74794,0.74808,2.06,5.70
2016.07.22 05:05:16.405,0.74794,0.74808,2.06,6.45
2016.07.22 05:05:17.055,0.74794,0.74808,3.19,6.45
2016.07.22 05:05:17.530,0.74794,0.74808,3.19,5.70
2016.07.22 05:05:18.994,0.74796,0.74807,1.00,1.27
2016.07.22 05:05:24.489,0.74796,0.74807,1.00,2.02
2016.07.22 05:05:25.189,0.74796,0.74807,1.25,2.02
2016.07.22 05:05:28.246,0.74796,0.74807,1.25,2.40
2016.07.22 05:05:30.299,0.74796,0.74807,1.25,2.25
2016.07.22 05:05:32.827,0.74796,0.74807,1.25,1.87
2016.07.22 05:05:34.515,0.74796,0.74807,1.25,3.37
2016.07.22 05:05:35.211,0.74796,0.74807,1.00,3.37
2016.07.22 05:05:38.471,0.74796,0.74807,1.00,3.75
2016.07.22 05:05:38.523,0.74796,0.74806,1.00,1.00
2016.07.22 05:05:38.676,0.74796,0.74806,1.10,1.00
2016.07.22 05:05:38.778,0.74796,0.74806,1.00,1.00
2016.07.22 05:05:40.846,0.74796,0.74807,1.00,3.00
2016.07.22 05:05:41.681,0.74796,0.74807,1.00,3.75
2016.07.22 05:05:47.513,0.74795,0.74807,1.25,3.00
2016.07.22 05:05:49.195,0.74795,0.74807,1.25,2.25
2016.07.22 05:05:50.260,0.74795,0.74807,1.25,1.50
2016.07.22 05:05:50.415,0.74795,0.74807,1.25,1.00
2016.07.22 05:05:50.466,0.74795,0.74807,1.69,1.50
2016.07.22 05:05:50.517,0.74795,0.74807,2.44,1.50
2016.07.22 05:05:50.619,0.74795,0.74807,1.69,1.00
2016.07.22 05:05:55.208,0.74795,0.74808,1.69,3.82
2016.07.22 05:05:55.259,0.74795,0.74807,5.06,1.12
2016.07.22 05:05:55.310,0.74795,0.74807,5.44,1.12
2016.07.22 05:05:57.517,0.74796,0.74807,1.69,1.12
2016.07.22 05:05:57.568,0.74797,0.74808,1.19,1.20
2016.07.22 05:05:57.619,0.748,0.74809,1.00,3.90
2016.07.22 05:05:57.670,0.74799,0.74809,1.69,1.65
2016.07.22 05:05:57.722,0.748,0.74809,2.44,1.17
2016.07.22 05:05:57.773,0.748,0.74811,2.44,4.50
2016.07.22 05:05:57.824,0.748,0.74811,1.56,4.50
2016.07.22 05:05:57.875,0.74799,0.74811,4.31,5.25
2016.07.22 05:05:57.927,0.748,0.74811,1.56,5.62
2016.07.22 05:05:58.004,0.748,0.7481,1.56,1.10
2016.07.22 05:05:58.055,0.74799,0.7481,1.69,1.10
2016.07.22 05:05:58.107,0.74799,0.7481,1.19,1.10
2016.07.22 05:05:58.829,0.74799,0.7481,1.19,1.57
2016.07.22 05:05:59.854,0.74799,0.7481,2.44,1.10
2016.07.22 05:05:59.908,0.74801,0.74811,1.19,4.50
2016.07.22 05:05:59.959,0.74801,0.74811,1.19,1.12
2016.07.22 05:06:00.010,0.74801,0.74811,1.31,1.00
2016.07.22 05:06:00.061,0.74801,0.74812,1.31,1.87
2016.07.22 05:06:00.214,0.74801,0.74812,1.31,1.12
2016.07.22 05:06:00.265,0.74802,0.74812,2.44,1.12
2016.07.22 05:06:00.317,0.74803,0.74812,1.19,1.12
2016.07.22 05:06:00.368,0.74804,0.74814,1.19,1.50
2016.07.22 05:06:00.450,0.74804,0.74814,1.39,1.50
2016.07.22 05:06:00.501,0.74804,0.74815,2.14,1.12
2016.07.22 05:06:00.553,0.74804,0.74815,1.76,1.12
2016.07.22 05:06:00.604,0.74803,0.74815,2.51,1.12
2016.07.22 05:06:00.672,0.74805,0.74816,1.19,3.52
2016.07.22 05:06:00.723,0.74804,0.74816,1.56,1.17
2016.07.22 05:06:00.774,0.74804,0.74817,1.56,4.65
2016.07.22 05:06:00.876,0.74804,0.74816,2.06,1.95
2016.07.22 05:06:00.928,0.74804,0.74816,2.81,2.70
2016.07.22 05:06:01.133,0.74804,0.74816,2.06,2.70
2016.07.22 05:06:01.316,0.74804,0.74816,2.06,1.20
2016.07.22 05:06:03.553,0.74804,0.74816,2.06,1.57
2016.07.22 05:06:09.752,0.74804,0.74816,2.06,1.57
2016.07.22 05:06:09.853,0.74804,0.74816,1.69,1.57
2016.07.22 05:06:09.955,0.74804,0.74816,1.31,1.57
2016.07.22 05:06:10.967,0.74803,0.74816,3.56,1.95
2016.07.22 05:06:11.069,0.74803,0.74815,3.19,1.57
2016.07.22 05:06:11.245,0.74803,0.74815,3.94,1.57
2016.07.22 05:06:12.634,0.74803,0.74815,5.81,1.57
2016.07.22 05:06:12.685,0.74803,0.74815,7.31,1.10
2016.07.22 05:06:12.736,0.74803,0.74816,7.31,2.02
2016.07.22 05:06:12.859,0.74803,0.74816,5.89,1.20
2016.07.22 05:06:12.961,0.74803,0.74816,5.14,1.20
2016.07.22 05:06:14.745,0.74803,0.74816,5.89,1.20
2016.07.22 05:06:15.152,0.74803,0.74816,6.64,1.20
2016.07.22 05:06:15.773,0.74803,0.74816,5.89,1.20
2016.07.22 05:06:16.655,0.74803,0.74816,5.51,1.20
2016.07.22 05:06:18.252,0.74803,0.74816,4.76,1.20
2016.07.22 05:06:21.273,0.74803,0.74816,3.64,1.20
2016.07.22 05:06:21.973,0.74803,0.74815,2.14,1.00
2016.07.22 05:06:22.024,0.74803,0.74815,2.14,1.00
2016.07.22 05:06:22.177,0.74803,0.74816,2.14,3.45
2016.07.22 05:06:22.228,0.74803,0.74816,2.06,3.52
2016.07.22 05:06:22.567,0.74803,0.74815,2.06,1.00
2016.07.22 05:06:25.182,0.74803,0.74815,2.81,1.00
2016.07.22 05:06:25.957,0.74803,0.74816,2.81,3.52
2016.07.22 05:06:26.008,0.74803,0.74816,5.06,2.02
2016.07.22 05:06:26.059,0.74804,0.74816,1.69,1.20
2016.07.22 05:06:29.765,0.74804,0.74816,1.69,1.95
2016.07.22 05:06:31.847,0.74804,0.74816,1.69,2.32
2016.07.22 05:06:31.898,0.74804,0.74816,1.69,3.07
2016.07.22 05:06:35.466,0.74804,0.74816,1.25,3.45
2016.07.22 05:06:35.568,0.74804,0.74816,1.25,4.20
2016.07.22 05:06:35.619,0.74803,0.74815,2.81,1.12
2016.07.22 05:06:35.670,0.74803,0.74815,2.81,2.02
2016.07.22 05:06:35.975,0.74803,0.74814,2.06,1.00
2016.07.22 05:06:36.077,0.74803,0.74815,2.06,1.27
2016.07.22 05:06:36.128,0.74803,0.74815,2.06,2.77
2016.07.22 05:06:36.586,0.74803,0.74815,1.31,2.77
2016.07.22 05:06:38.538,0.74803,0.74815,1.31,2.02
2016.07.22 05:06:42.019,0.74803,0.74815,2.06,2.02
2016.07.22 05:06:42.071,0.74803,0.74815,2.81,2.02
2016.07.22 05:06:42.376,0.74803,0.74815,2.81,1.27
2016.07.22 05:06:42.427,0.74803,0.74816,2.81,3.52
2016.07.22 05:06:42.782,0.74803,0.74816,2.06,3.52
2016.07.22 05:06:42.883,0.74803,0.74816,2.06,2.77
2016.07.22 05:06:42.985,0.74803,0.74816,2.81,2.77
2016.07.22 05:06:43.474,0.74803,0.74816,2.81,3.15
2016.07.22 05:06:43.525,0.74803,0.74816,3.56,3.15
2016.07.22 05:06:44.018,0.74803,0.74816,3.56,2.40
2016.07.22 05:06:44.069,0.74803,0.74816,3.56,2.02
2016.07.22 05:06:44.120,0.74803,0.74816,2.81,2.02
2016.07.22 05:06:45.006,0.74803,0.74816,2.06,2.02
2016.07.22 05:06:45.057,0.74803,0.74816,2.06,2.40
2016.07.22 05:06:45.165,0.74803,0.74815,2.81,1.27
2016.07.22 05:06:46.682,0.74803,0.74815,3.56,1.27
2016.07.22 05:06:46.892,0.74803,0.74815,3.94,1.27
2016.07.22 05:06:46.994,0.74803,0.74815,3.19,1.27
2016.07.22 05:06:47.096,0.74803,0.74816,4.69,2.77
2016.07.22 05:06:47.197,0.74803,0.74816,3.19,2.70
2016.07.22 05:06:47.350,0.74803,0.74814,3.19,1.00
2016.07.22 05:06:49.751,0.74803,0.74814,3.19,1.00
2016.07.22 05:06:49.852,0.74803,0.74814,2.81,1.00
2016.07.22 05:06:52.178,0.74803,0.74814,3.19,1.00
2016.07.22 05:06:53.751,0.74803,0.74814,2.44,1.00
2016.07.22 05:07:00.068,0.74803,0.74814,1.69,1.00
2016.07.22 05:07:01.092,0.74802,0.74814,8.89,1.00
2016.07.22 05:07:01.143,0.74802,0.74814,8.14,1.00
2016.07.22 05:07:01.194,0.74802,0.74814,7.39,1.00
2016.07.22 05:07:02.634,0.74803,0.74814,1.69,1.00
2016.07.22 05:07:02.787,0.74803,0.74814,1.56,1.00
2016.07.22 05:07:03.876,0.74803,0.74814,2.06,1.00
2016.07.22 05:07:05.584,0.74803,0.74814,1.56,1.00
2016.07.22 05:07:05.635,0.74804,0.74814,2.06,1.00
2016.07.22 05:07:05.686,0.74804,0.74814,2.44,1.00
2016.07.22 05:07:06.271,0.74804,0.74814,1.69,1.00
2016.07.22 05:07:06.424,0.74804,0.74814,2.44,1.00
2016.07.22 05:07:06.727,0.74804,0.74814,1.69,1.00
2016.07.22 05:07:08.630,0.74804,0.74816,1.69,1.87
2016.07.22 05:07:08.681,0.74804,0.74816,2.06,1.87
2016.07.22 05:07:09.267,0.74804,0.74816,2.81,1.87
2016.07.22 05:07:09.695,0.74804,0.74816,2.44,2.25
2016.07.22 05:07:09.746,0.74804,0.74816,1.69,2.25
2016.07.22 05:07:09.797,0.74804,0.74816,1.31,2.25
2016.07.22 05:07:11.068,0.74804,0.74816,2.06,1.50
2016.07.22 05:07:11.120,0.74804,0.74817,5.06,4.65
2016.07.22 05:07:11.172,0.74805,0.74817,1.25,3.15
2016.07.22 05:07:11.324,0.74805,0.74817,1.25,2.40
2016.07.22 05:07:11.543,0.74805,0.74817,1.25,3.90
2016.07.22 05:07:11.830,0.74805,0.74817,1.25,2.40
2016.07.22 05:07:11.932,0.74805,0.74817,1.25,3.15
2016.07.22 05:07:12.626,0.74805,0.74817,1.25,2.40
2016.07.22 05:07:12.728,0.74805,0.74816,1.25,1.12
2016.07.22 05:07:16.409,0.74805,0.74815,1.25,1.00
2016.07.22 05:07:20.274,0.74805,0.74815,1.00,1.00
2016.07.22 05:07:28.537,0.74805,0.74817,1.00,4.27
2016.07.22 05:07:28.640,0.74805,0.74817,1.00,3.52
2016.07.22 05:07:28.691,0.74805,0.74817,1.00,3.15
2016.07.22 05:07:28.742,0.74805,0.74817,1.00,2.40
2016.07.22 05:07:28.793,0.74805,0.74817,1.00,2.77
2016.07.22 05:07:28.844,0.74804,0.74817,2.81,2.77
2016.07.22 05:07:28.896,0.74804,0.74817,2.81,2.77
2016.07.22 05:07:28.947,0.74804,0.74817,2.44,3.90
2016.07.22 05:07:29.995,0.74804,0.74817,3.94,5.40
2016.07.22 05:07:30.765,0.74804,0.74816,2.81,1.12
2016.07.22 05:07:30.816,0.74804,0.74816,2.81,1.87
2016.07.22 05:07:30.968,0.74804,0.74816,1.31,1.87
2016.07.22 05:07:31.172,0.74804,0.74816,1.31,1.87
2016.07.22 05:07:31.579,0.74804,0.74816,1.31,1.87
2016.07.22 05:07:32.081,0.74803,0.74816,3.94,2.25
2016.07.22 05:07:32.132,0.74803,0.74815,2.81,1.00
2016.07.22 05:07:32.183,0.74803,0.74815,3.56,1.00
2016.07.22 05:07:32.501,0.74803,0.74815,2.81,1.12
2016.07.22 05:07:32.553,0.74803,0.74815,4.31,1.12
2016.07.22 05:07:33.357,0.74803,0.74815,4.31,1.87
2016.07.22 05:07:33.409,0.74804,0.74815,1.31,1.50
2016.07.22 05:07:33.460,0.74804,0.74815,1.31,1.00
2016.07.22 05:07:33.511,0.74804,0.74815,2.81,1.00
2016.07.22 05:07:41.167,0.74804,0.74814,2.81,1.00
2016.07.22 05:07:42.148,0.74804,0.74815,2.81,1.87
2016.07.22 05:07:42.199,0.74804,0.74815,1.31,1.87
2016.07.22 05:07:42.252,0.74804,0.74815,1.31,2.62
2016.07.22 05:07:42.454,0.74804,0.74815,1.31,1.87
2016.07.22 05:07:43.825,0.74804,0.74815,1.31,1.50
2016.07.22 05:07:43.877,0.74804,0.74815,1.31,1.00
2016.07.22 05:07:45.891,0.74804,0.74816,1.31,1.50
2016.07.22 05:07:46.876,0.74804,0.74816,1.19,1.12
2016.07.22 05:07:48.293,0.74804,0.74816,1.19,1.12
2016.07.22 05:07:48.425,0.74804,0.74816,1.19,1.00
2016.07.22 05:07:48.683,0.74804,0.74816,1.19,1.00
2016.07.22 05:07:49.192,0.74804,0.74816,1.19,1.00
2016.07.22 05:07:49.472,0.74804,0.74816,1.19,3.37
2016.07.22 05:07:49.524,0.74803,0.74816,4.31,3.37
2016.07.22 05:07:49.575,0.74803,0.74816,3.56,2.25
2016.07.22 05:07:49.627,0.74803,0.74816,1.31,3.00
2016.07.22 05:07:49.678,0.74803,0.74814,1.69,1.00
2016.07.22 05:07:51.157,0.74803,0.74815,1.69,1.00
2016.07.22 05:07:51.208,0.74803,0.74815,2.06,1.00
2016.07.22 05:07:51.260,0.74803,0.74815,2.44,1.00
2016.07.22 05:07:53.335,0.74803,0.74815,2.81,1.00
2016.07.22 05:07:53.386,0.74803,0.74815,4.31,1.00
2016.07.22 05:07:54.206,0.74803,0.74815,4.31,1.00
2016.07.22 05:07:54.258,0.74803,0.74815,2.81,1.00
2016.07.22 05:07:54.309,0.74803,0.74815,2.81,1.00
2016.07.22 05:07:54.411,0.74803,0.74815,3.56,1.00
2016.07.22 05:07:54.957,0.74803,0.74815,5.06,1.12
2016.07.22 05:07:55.059,0.74803,0.74815,3.94,1.00
2016.07.22 05:07:55.110,0.74804,0.74816,1.31,1.87
2016.07.22 05:07:55.212,0.74804,0.74816,1.39,1.87
2016.07.22 05:07:55.263,0.74804,0.74816,1.39,1.50
2016.07.22 05:08:01.176,0.74803,0.74816,3.34,1.50
2016.07.22 05:08:01.227,0.74803,0.74816,4.09,1.50
2016.07.22 05:08:01.329,0.74803,0.74816,3.19,1.50
2016.07.22 05:08:01.380,0.74803,0.74814,2.44,1.00
2016.07.22 05:08:01.431,0.74803,0.74814,3.19,1.00
2016.07.22 05:08:02.164,0.74803,0.74814,2.44,1.00
2016.07.22 05:08:03.737,0.74803,0.74814,2.44,1.00
2016.07.22 05:08:06.107,0.74803,0.74814,3.19,1.00
2016.07.22 05:08:06.898,0.74803,0.74815,3.94,1.00
2016.07.22 05:08:08.470,0.74803,0.74815,4.69,1.00
2016.07.22 05:08:09.043,0.74803,0.74815,3.94,1.00
2016.07.22 05:08:09.094,0.74803,0.74816,3.19,1.10
2016.07.22 05:08:10.676,0.74803,0.74816,3.26,1.10
2016.07.22 05:08:10.891,0.74803,0.74816,4.01,1.10
2016.07.22 05:08:10.993,0.74805,0.74816,1.25,1.10
2016.07.22 05:08:11.096,0.74804,0.74816,1.31,1.10
2016.07.22 05:08:11.300,0.74804,0.74816,1.31,1.20
2016.07.22 05:08:11.402,0.74804,0.74816,1.31,1.10
2016.07.22 05:08:11.504,0.74804,0.74816,1.69,1.10
2016.07.22 05:08:11.639,0.74804,0.74816,1.31,1.20
2016.07.22 05:08:12.047,0.74804,0.74815,1.31,1.00
2016.07.22 05:08:12.098,0.74804,0.74814,1.31,1.00
2016.07.22 05:08:12.200,0.74804,0.74815,1.31,2.25
2016.07.22 05:08:12.251,0.74804,0.74815,1.31,2.25
2016.07.22 05:08:12.850,0.74804,0.74815,1.31,3.00
2016.07.22 05:08:13.361,0.74804,0.74815,1.31,2.25
2016.07.22 05:08:13.748,0.74804,0.74815,1.31,1.87
2016.07.22 05:08:13.902,0.74804,0.74815,1.31,1.50
2016.07.22 05:08:14.215,0.74804,0.74815,1.31,1.00
2016.07.22 05:08:14.266,0.74804,0.74815,1.31,1.00
2016.07.22 05:08:16.224,0.74804,0.74815,1.39,1.00
2016.07.22 05:08:19.665,0.74804,0.74815,2.14,1.00
2016.07.22 05:08:19.716,0.74804,0.74815,2.14,1.50
2016.07.22 05:08:19.817,0.74804,0.74814,2.14,1.00
2016.07.22 05:08:19.868,0.74804,0.74814,1.39,1.00
2016.07.22 05:08:20.106,0.74804,0.74815,1.39,1.00
2016.07.22 05:08:20.157,0.74804,0.74815,2.14,1.00
2016.07.22 05:08:22.727,0.74804,0.74816,1.39,1.00
2016.07.22 05:08:22.778,0.74804,0.74816,2.14,1.00
2016.07.22 05:08:22.829,0.74804,0.74817,2.14,3.45
2016.07.22 05:08:23.301,0.74804,0.74817,1.76,4.95
2016.07.22 05:08:29.752,0.74804,0.74817,2.14,4.95
2016.07.22 05:08:29.830,0.74804,0.74817,2.14,4.57
2016.07.22 05:08:32.066,0.74804,0.74817,1.39,4.57
2016.07.22 05:08:32.117,0.74804,0.74817,1.76,3.07
2016.07.22 05:08:32.169,0.74804,0.74815,1.76,1.50
2016.07.22 05:08:32.220,0.74804,0.74814,1.76,1.00
2016.07.22 05:08:32.271,0.74804,0.74814,2.14,1.12
2016.07.22 05:08:32.322,0.74804,0.74814,1.69,1.12
2016.07.22 05:08:32.373,0.74803,0.74814,3.94,1.00
2016.07.22 05:08:32.424,0.74803,0.74814,4.69,1.00
2016.07.22 05:08:32.475,0.74803,0.74814,3.94,1.00
2016.07.22 05:08:32.526,0.74803,0.74814,3.19,1.00
2016.07.22 05:08:32.683,0.74804,0.74814,1.25,1.00
2016.07.22 05:08:32.734,0.74804,0.74816,1.25,3.52
2016.07.22 05:08:32.785,0.74804,0.74816,1.25,2.77
2016.07.22 05:08:32.887,0.74804,0.74816,1.25,3.52
2016.07.22 05:08:33.040,0.74804,0.74816,1.25,4.27
2016.07.22 05:08:33.604,0.74804,0.74816,1.25,3.52
2016.07.22 05:08:33.655,0.74804,0.74814,1.25,1.00
2016.07.22 05:08:35.193,0.74804,0.74814,1.19,1.00
2016.07.22 05:08:40.489,0.74803,0.74814,2.44,1.00
2016.07.22 05:08:40.540,0.74803,0.74813,1.69,1.00
2016.07.22 05:08:40.654,0.74803,0.74814,1.69,1.50
2016.07.22 05:08:40.720,0.74803,0.74814,2.44,1.50
2016.07.22 05:08:40.771,0.74803,0.74814,2.44,1.00
2016.07.22 05:08:40.822,0.74803,0.74814,1.19,1.00
2016.07.22 05:08:42.159,0.74803,0.74813,1.19,1.00
2016.07.22 05:08:42.261,0.74803,0.74814,1.19,1.50
2016.07.22 05:08:42.312,0.74803,0.74814,1.31,1.50
2016.07.22 05:08:42.515,0.74803,0.74814,1.31,1.50
2016.07.22 05:08:42.719,0.74802,0.74814,1.66,1.50
2016.07.22 05:08:42.821,0.74803,0.74814,1.31,2.25
2016.07.22 05:08:42.926,0.74802,0.74814,1.66,2.62
2016.07.22 05:08:42.979,0.74802,0.74812,1.56,1.00
2016.07.22 05:08:43.259,0.74803,0.74812,1.31,1.00
2016.07.22 05:08:43.310,0.74802,0.74812,1.56,1.00
2016.07.22 05:08:43.361,0.74802,0.74814,1.56,1.57
2016.07.22 05:08:43.616,0.74803,0.74814,1.31,2.32
2016.07.22 05:08:44.124,0.74802,0.74814,1.69,1.57
2016.07.22 05:08:44.175,0.74802,0.74814,2.06,1.10
2016.07.22 05:08:44.226,0.74803,0.74814,1.31,1.57
2016.07.22 05:08:46.195,0.74803,0.74814,1.31,1.57
2016.07.22 05:08:46.449,0.74803,0.74814,1.31,2.32
2016.07.22 05:08:49.704,0.74803,0.74814,1.31,2.32
2016.07.22 05:08:53.034,0.74803,0.74814,1.56,2.32
2016.07.22 05:08:53.086,0.74802,0.74814,2.44,1.57
2016.07.22 05:08:53.339,0.74802,0.74814,3.94,1.57
2016.07.22 05:08:55.065,0.74802,0.74814,2.81,1.57
2016.07.22 05:08:55.338,0.74802,0.74814,2.44,1.57
2016.07.22 05:08:55.441,0.74802,0.74814,2.06,1.57
2016.07.22 05:08:55.644,0.74802,0.74814,1.31,2.70
2016.07.22 05:08:55.696,0.74801,0.74811,3.26,1.00
2016.07.22 05:08:55.747,0.748,0.74811,1.01,3.37
2016.07.22 05:08:55.798,0.74799,0.74809,3.19,1.00
2016.07.22 05:08:55.849,0.74798,0.7481,3.94,1.50
2016.07.22 05:08:55.900,0.74798,0.7481,2.81,1.50
2016.07.22 05:08:55.951,0.74798,0.7481,1.31,2.62
2016.07.22 05:08:56.002,0.74798,0.7481,1.31,2.70
2016.07.22 05:08:56.104,0.74799,0.7481,1.19,2.70
2016.07.22 05:08:56.155,0.74799,0.74809,1.19,1.00
2016.07.22 05:08:56.206,0.74799,0.74809,1.19,1.00
2016.07.22 05:08:57.168,0.74798,0.74809,1.31,1.00
2016.07.22 05:08:57.270,0.74797,0.74808,4.69,1.75
2016.07.22 05:08:58.454,0.74797,0.74807,4.69,1.50
2016.07.22 05:08:59.582,0.74797,0.74808,4.69,1.50
2016.07.22 05:09:00.633,0.74797,0.74808,4.69,1.50
2016.07.22 05:09:00.953,0.74797,0.74809,4.69,3.07
2016.07.22 05:09:01.364,0.74797,0.74809,5.81,3.07
2016.07.22 05:09:01.517,0.74797,0.74809,5.81,3.07
2016.07.22 05:09:01.731,0.74797,0.74809,4.69,3.07
2016.07.22 05:09:03.486,0.74797,0.74809,4.69,2.32
2016.07.22 05:09:03.537,0.74797,0.74809,6.19,1.85
2016.07.22 05:09:03.588,0.74797,0.74809,6.19,1.47
2016.07.22 05:09:03.638,0.74797,0.74809,6.19,1.37
2016.07.22 05:09:03.740,0.74797,0.74809,6.94,1.37
2016.07.22 05:09:03.893,0.74797,0.74808,6.94,1.12
2016.07.22 05:09:03.944,0.74801,0.74808,1.54,1.12
2016.07.22 05:09:03.995,0.74801,0.74811,3.94,1.12
2016.07.22 05:09:04.046,0.74803,0.74812,1.19,1.00
2016.07.22 05:09:04.178,0.74803,0.74814,1.31,1.39
2016.07.22 05:09:04.229,0.74803,0.74814,2.06,1.39
2016.07.22 05:09:04.280,0.74803,0.74815,2.06,5.51
2016.07.22 05:09:04.331,0.74803,0.74815,2.06,5.89
2016.07.22 05:09:04.382,0.74803,0.74814,1.69,1.01
2016.07.22 05:09:04.433,0.74803,0.74814,2.81,1.01
2016.07.22 05:09:04.484,0.74803,0.74814,2.81,1.76
2016.07.22 05:09:04.740,0.74803,0.74814,1.69,1.76
2016.07.22 05:09:05.061,0.74803,0.74814,1.69,1.01
2016.07.22 05:09:05.112,0.74803,0.74813,1.19,1.00
2016.07.22 05:09:05.163,0.74803,0.74813,1.19,1.00
2016.07.22 05:09:05.264,0.74802,0.74811,1.69,1.00
2016.07.22 05:09:05.315,0.74801,0.74811,1.62,2.32
2016.07.22 05:09:05.366,0.74801,0.74811,1.25,3.07
2016.07.22 05:09:05.497,0.74799,0.7481,2.44,1.12
2016.07.22 05:09:05.548,0.74799,0.7481,1.31,1.50
2016.07.22 05:09:05.954,0.74798,0.7481,6.19,1.50
2016.07.22 05:09:07.161,0.74798,0.7481,4.69,1.50
2016.07.22 05:09:07.212,0.74798,0.74809,3.56,1.10
2016.07.22 05:09:07.286,0.74798,0.7481,1.31,2.25
2016.07.22 05:09:07.337,0.74798,0.7481,2.06,4.87
2016.07.22 05:09:07.388,0.74798,0.74809,2.06,1.95
2016.07.22 05:09:07.439,0.74797,0.74809,1.69,1.95
2016.07.22 05:09:07.490,0.748,0.74809,1.00,1.20
2016.07.22 05:09:07.541,0.74802,0.74809,1.00,1.20
2016.07.22 05:09:07.592,0.74802,0.74812,1.00,1.87
2016.07.22 05:09:07.644,0.74802,0.74812,3.94,1.12
2016.07.22 05:09:07.695,0.74804,0.74814,1.00,3.00
2016.07.22 05:09:07.746,0.74804,0.74814,1.00,1.00
2016.07.22 05:09:07.848,0.74804,0.74814,1.00,1.00
2016.07.22 05:09:07.950,0.74804,0.74815,2.25,1.10
2016.07.22 05:09:10.344,0.74804,0.74815,1.00,1.10
2016.07.22 05:09:10.395,0.74807,0.74817,1.00,2.32
2016.07.22 05:09:10.447,0.74807,0.74817,1.00,1.45
2016.07.22 05:09:10.498,0.74807,0.74817,1.00,1.07
2016.07.22 05:09:10.549,0.74807,0.74817,1.00,1.00
2016.07.22 05:09:10.702,0.74807,0.74818,1.00,2.02
2016.07.22 05:09:10.804,0.74807,0.74817,1.00,1.00
2016.07.22 05:09:11.008,0.74807,0.74818,1.00,2.77
2016.07.22 05:09:11.288,0.74807,0.74818,1.00,2.02
2016.07.22 05:09:11.411,0.74807,0.74817,1.00,1.00
2016.07.22 05:09:11.585,0.74807,0.74818,1.00,2.02
2016.07.22 05:09:11.687,0.74807,0.74818,1.00,2.77
2016.07.22 05:09:11.788,0.74807,0.74818,1.00,2.02
2016.07.22 05:09:11.890,0.74807,0.74817,1.00,1.00
2016.07.22 05:09:12.093,0.74807,0.74818,1.00,2.02
2016.07.22 05:09:12.195,0.74807,0.74818,1.00,2.77
2016.07.22 05:09:12.812,0.74807,0.74818,1.00,2.02
2016.07.22 05:09:12.918,0.74807,0.74818,1.00,2.77
2016.07.22 05:09:13.614,0.74807,0.74818,1.00,2.02
2016.07.22 05:09:13.715,0.74807,0.74817,1.00,1.00
2016.07.22 05:09:13.817,0.74807,0.74818,1.00,2.77
2016.07.22 05:09:14.020,0.74807,0.74818,1.00,2.02
2016.07.22 05:09:14.121,0.74807,0.74818,1.00,2.77
2016.07.22 05:09:14.324,0.74807,0.74818,1.00,2.02
2016.07.22 05:09:14.426,0.74807,0.74818,1.00,2.77
2016.07.22 05:09:14.605,0.74807,0.74818,1.00,2.02
2016.07.22 05:09:14.809,0.74807,0.74817,1.00,1.00
2016.07.22 05:09:15.013,0.74807,0.74818,1.00,1.27
2016.07.22 05:09:15.115,0.74807,0.74818,1.00,2.02
2016.07.22 05:09:15.217,0.74807,0.74818,1.00,1.27
2016.07.22 05:09:15.319,0.74807,0.74817,1.00,1.00
2016.07.22 05:09:15.421,0.74807,0.74818,1.00,1.27
2016.07.22 05:09:15.590,0.74807,0.74818,1.00,2.02
2016.07.22 05:09:16.308,0.74807,0.74818,1.00,1.27
2016.07.22 05:09:16.410,0.74807,0.74818,1.00,2.02
2016.07.22 05:09:16.820,0.74807,0.74818,1.12,2.02
2016.07.22 05:09:16.921,0.74807,0.74818,1.12,1.27
2016.07.22 05:09:17.023,0.74807,0.74817,1.00,1.00
2016.07.22 05:09:17.125,0.74806,0.74817,3.19,1.50
2016.07.22 05:09:17.176,0.74806,0.74817,3.19,3.75
2016.07.22 05:09:17.227,0.74806,0.74816,2.81,1.12
2016.07.22 05:09:17.278,0.74806,0.74816,1.25,6.00
2016.07.22 05:09:17.329,0.74804,0.74813,1.50,1.00
2016.07.22 05:09:17.472,0.74804,0.74813,1.12,1.00
2016.07.22 05:09:17.523,0.74803,0.74815,3.71,3.37
2016.07.22 05:09:17.574,0.74804,0.74815,1.00,1.87
2016.07.22 05:09:17.625,0.74804,0.74815,1.87,1.12
2016.07.22 05:09:17.677,0.74804,0.74815,2.25,1.00
2016.07.22 05:09:20.635,0.74806,0.74815,1.00,1.00
2016.07.22 05:09:20.686,0.74806,0.74817,1.00,3.82
2016.07.22 05:09:20.737,0.74805,0.74818,2.44,3.37
2016.07.22 05:09:20.788,0.74806,0.74817,1.69,1.20
2016.07.22 05:09:20.840,0.74805,0.74816,2.44,1.00
2016.07.22 05:09:20.891,0.74805,0.74816,2.06,1.00
2016.07.22 05:09:20.942,0.74804,0.74815,6.19,1.00
2016.07.22 05:09:21.621,0.74804,0.74815,5.44,1.00
2016.07.22 05:09:25.007,0.74804,0.74815,6.19,1.00
2016.07.22 05:09:25.274,0.74804,0.74815,7.31,1.00
2016.07.22 05:09:25.631,0.74804,0.74815,7.31,1.00
2016.07.22 05:09:25.936,0.74804,0.74816,7.31,1.12
2016.07.22 05:09:26.038,0.74804,0.74816,7.31,1.12
2016.07.22 05:09:26.177,0.74806,0.74816,1.19,1.12
2016.07.22 05:09:27.142,0.74805,0.74816,1.19,1.87
2016.07.22 05:09:27.193,0.74805,0.74816,1.19,2.62
2016.07.22 05:09:27.244,0.74805,0.74814,1.19,1.00
2016.07.22 05:09:27.504,0.74804,0.74814,3.19,1.00
2016.07.22 05:09:27.860,0.74804,0.74814,2.44,1.00
2016.07.22 05:09:30.068,0.74804,0.74814,2.44,1.00
2016.07.22 05:09:30.612,0.74804,0.74814,2.44,1.00
2016.07.22 05:09:37.609,0.74804,0.74814,2.44,1.00
2016.07.22 05:09:38.183,0.74804,0.74814,1.69,1.00
2016.07.22 05:09:48.157,0.74804,0.74814,1.69,1.00
2016.07.22 05:09:49.667,0.74804,0.74814,1.69,1.00
2016.07.22 05:09:58.678,0.74804,0.74814,1.69,1.00
2016.07.22 05:10:02.525,0.74804,0.74814,1.69,1.00
2016.07.22 05:10:03.336,0.74804,0.74814,1.69,1.00
2016.07.22 05:10:09.732,0.74804,0.74814,2.06,1.00
2016.07.22 05:10:10.014,0.74804,0.74814,2.06,1.00
2016.07.22 05:10:10.719,0.74804,0.74814,2.06,1.00
2016.07.22 05:10:11.315,0.74804,0.74814,2.06,1.00
2016.07.22 05:10:11.521,0.74805,0.74816,1.25,3.37
2016.07.22 05:10:11.573,0.74806,0.74817,2.25,1.57
2016.07.22 05:10:11.624,0.74807,0.74817,1.00,1.37
2016.07.22 05:10:11.675,0.74807,0.74817,1.00,1.47
2016.07.22 05:10:11.726,0.74807,0.74818,3.00,1.50
2016.07.22 05:10:11.777,0.74807,0.74817,4.12,1.65
2016.07.22 05:10:11.828,0.74807,0.74817,1.37,1.50
2016.07.22 05:10:11.879,0.74808,0.74817,1.00,1.50
2016.07.22 05:10:11.981,0.74806,0.74817,4.12,1.57
2016.07.22 05:10:12.091,0.74806,0.74817,1.37,1.57
2016.07.22 05:10:12.142,0.74806,0.74817,1.00,1.57
2016.07.22 05:10:12.193,0.74805,0.74817,3.56,1.57
2016.07.22 05:10:12.396,0.74805,0.74817,3.56,1.50
2016.07.22 05:10:12.802,0.74805,0.74817,2.81,1.50
2016.07.22 05:10:13.107,0.74805,0.74817,3.56,1.50
2016.07.22 05:10:13.158,0.74806,0.74817,1.00,1.50
2016.07.22 05:10:13.877,0.74806,0.74816,1.50,1.12
2016.07.22 05:10:22.205,0.74806,0.74816,1.12,1.12
2016.07.22 05:10:27.518,0.74807,0.74816,1.00,1.12
2016.07.22 05:10:27.636,0.74807,0.74816,1.12,1.12
2016.07.22 05:10:28.274,0.74807,0.74817,1.12,1.69
2016.07.22 05:10:29.680,0.74807,0.74816,1.12,1.12
2016.07.22 05:10:30.772,0.74807,0.74817,1.12,2.06
2016.07.22 05:10:30.823,0.74807,0.74817,1.00,1.69
2016.07.22 05:10:30.970,0.74809,0.74817,1.00,1.31
2016.07.22 05:10:31.021,0.74809,0.74818,1.00,1.76
2016.07.22 05:10:31.072,0.74808,0.74818,2.25,1.76
2016.07.22 05:10:31.123,0.74808,0.74819,1.50,3.34
2016.07.22 05:10:33.087,0.74808,0.74819,2.25,2.59
2016.07.22 05:10:33.138,0.74808,0.74819,2.25,2.21
2016.07.22 05:10:33.189,0.74808,0.74819,3.37,2.21
2016.07.22 05:10:34.988,0.74808,0.74819,3.37,3.34
2016.07.22 05:10:35.892,0.74808,0.74819,3.75,3.34
2016.07.22 05:10:35.943,0.74808,0.74819,3.00,3.34
2016.07.22 05:10:36.400,0.74808,0.74818,3.00,1.39
2016.07.22 05:10:36.451,0.74808,0.74818,3.75,1.39
2016.07.22 05:10:38.627,0.74808,0.74818,3.00,1.39
2016.07.22 05:10:39.055,0.74808,0.74818,2.25,1.39
2016.07.22 05:10:42.605,0.74808,0.74818,1.87,1.39
2016.07.22 05:10:43.071,0.74808,0.74818,1.12,2.04
2016.07.22 05:10:43.122,0.74808,0.74817,1.50,1.69
2016.07.22 05:10:43.174,0.74808,0.74817,1.50,1.69
2016.07.22 05:10:43.225,0.74808,0.74816,1.50,1.31
2016.07.22 05:10:43.407,0.74808,0.74817,1.50,1.69
2016.07.22 05:10:44.746,0.74808,0.74817,1.50,1.69
2016.07.22 05:10:46.979,0.74808,0.74817,1.50,1.69
2016.07.22 05:10:47.233,0.74808,0.74817,1.00,1.69
2016.07.22 05:10:49.785,0.74807,0.74817,1.12,1.69
2016.07.22 05:10:49.837,0.74807,0.74817,1.00,1.69
2016.07.22 05:10:49.940,0.74807,0.74816,1.00,1.31
2016.07.22 05:11:00.456,0.74807,0.74816,1.50,1.31
2016.07.22 05:11:00.507,0.74808,0.74818,1.50,2.81
2016.07.22 05:11:00.559,0.74808,0.74818,2.62,2.14
2016.07.22 05:11:00.698,0.74808,0.74818,1.50,1.39
2016.07.22 05:11:00.749,0.74808,0.74818,1.87,1.39
2016.07.22 05:11:01.462,0.74808,0.74818,1.50,1.39
2016.07.22 05:11:03.255,0.74808,0.74818,2.62,1.39
2016.07.22 05:11:04.060,0.74808,0.74818,1.87,1.39
2016.07.22 05:11:04.111,0.74808,0.74816,1.87,1.19
2016.07.22 05:11:04.163,0.74808,0.74816,1.00,1.31
2016.07.22 05:11:04.214,0.74808,0.74817,1.00,1.69
2016.07.22 05:11:09.832,0.74808,0.74816,1.00,1.69
2016.07.22 05:11:12.152,0.74808,0.74817,1.00,1.94
2016.07.22 05:11:15.141,0.74808,0.74816,1.00,1.69
2016.07.22 05:11:15.243,0.74808,0.74819,1.00,3.56
2016.07.22 05:11:15.294,0.74808,0.74819,1.50,2.44
2016.07.22 05:11:15.396,0.74808,0.74819,1.50,2.51
2016.07.22 05:11:15.548,0.74808,0.74818,1.50,1.66
2016.07.22 05:11:15.652,0.74808,0.74818,1.87,1.66
2016.07.22 05:11:16.434,0.74808,0.74818,1.50,1.66
2016.07.22 05:11:17.660,0.74808,0.74819,1.50,2.51
2016.07.22 05:11:18.051,0.74808,0.74817,1.50,1.69
2016.07.22 05:11:18.102,0.74808,0.74817,1.00,1.69
2016.07.22 05:11:18.154,0.74808,0.74816,1.00,1.31
2016.07.22 05:11:18.462,0.74808,0.74817,1.00,1.69
2016.07.22 05:11:19.156,0.74808,0.74816,1.00,1.31
2016.07.22 05:11:19.309,0.74807,0.74816,1.12,1.31
2016.07.22 05:11:19.425,0.74807,0.74817,1.00,1.69
2016.07.22 05:11:21.466,0.74807,0.74816,1.00,1.31
2016.07.22 05:11:22.458,0.74807,0.74817,1.00,1.69
2016.07.22 05:11:23.971,0.74807,0.74815,1.00,1.00
2016.07.22 05:11:25.020,0.74806,0.74815,3.07,1.00
2016.07.22 05:11:25.071,0.74806,0.74815,2.32,1.50
2016.07.22 05:11:25.122,0.74806,0.74815,2.25,1.50
2016.07.22 05:11:25.176,0.74806,0.74815,1.00,1.00
2016.07.22 05:11:26.312,0.74806,0.74815,1.50,1.00
2016.07.22 05:11:26.414,0.74806,0.74815,1.87,1.00
2016.07.22 05:11:26.466,0.74806,0.74815,1.87,1.50
2016.07.22 05:11:32.083,0.74806,0.74815,1.87,1.00
2016.07.22 05:11:32.134,0.74806,0.74815,1.12,1.00
2016.07.22 05:11:33.910,0.74806,0.74815,1.87,1.00
2016.07.22 05:11:34.065,0.74806,0.74815,1.87,1.50
2016.07.22 05:11:34.116,0.74806,0.74815,1.12,1.50
2016.07.22 05:11:38.329,0.74806,0.74815,1.87,1.50
2016.07.22 05:11:38.845,0.74806,0.74815,1.12,1.50
2016.07.22 05:11:40.857,0.74806,0.74815,1.87,1.00
2016.07.22 05:11:41.193,0.74806,0.74815,1.87,1.50
2016.07.22 05:11:41.558,0.74806,0.74815,2.62,1.50
2016.07.22 05:11:41.660,0.74808,0.74815,1.00,1.50
2016.07.22 05:11:41.762,0.74808,0.74815,1.00,1.00
2016.07.22 05:11:42.594,0.74808,0.74818,1.50,1.29
2016.07.22 05:11:42.747,0.74808,0.74819,1.50,1.84
2016.07.22 05:11:42.798,0.74808,0.7482,1.50,4.01
2016.07.22 05:11:42.952,0.74808,0.7482,1.50,3.71
2016.07.22 05:11:43.054,0.74808,0.7482,1.50,2.96
2016.07.22 05:11:46.972,0.74808,0.7482,1.50,2.21
2016.07.22 05:11:48.173,0.74808,0.7482,1.50,1.46
2016.07.22 05:11:48.552,0.74808,0.7482,1.00,1.84
2016.07.22 05:11:48.603,0.74808,0.7482,1.00,3.34
2016.07.22 05:11:48.654,0.74808,0.74819,1.00,1.69
2016.07.22 05:11:48.705,0.74808,0.74819,1.00,2.06
2016.07.22 05:11:49.223,0.74808,0.74819,1.00,2.81
2016.07.22 05:11:49.528,0.74808,0.74819,1.00,2.44
2016.07.22 05:11:49.631,0.74808,0.74819,1.00,3.19
2016.07.22 05:11:49.682,0.74808,0.74819,1.00,3.94
2016.07.22 05:11:49.733,0.74808,0.74819,1.00,4.31
2016.07.22 05:11:54.684,0.74808,0.74819,1.00,5.06
2016.07.22 05:11:54.786,0.74808,0.74819,1.00,4.31
2016.07.22 05:11:55.644,0.74808,0.74819,1.00,3.56
2016.07.22 05:11:58.630,0.74808,0.74819,1.00,4.31
2016.07.22 05:11:58.896,0.74808,0.74819,1.00,5.44
2016.07.22 05:12:00.188,0.74808,0.74818,1.00,1.19
2016.07.22 05:12:00.376,0.74808,0.74819,1.00,4.69
2016.07.22 05:12:00.651,0.74808,0.74819,1.00,3.94
2016.07.22 05:12:00.702,0.74808,0.74819,1.00,4.69
2016.07.22 05:12:01.057,0.74808,0.74818,1.00,1.31
2016.07.22 05:12:02.271,0.74808,0.74817,1.00,1.25
2016.07.22 05:12:09.879,0.74808,0.74818,1.00,1.19
2016.07.22 05:12:09.930,0.74808,0.74818,1.50,1.19
2016.07.22 05:12:09.981,0.74808,0.74818,2.25,1.19
2016.07.22 05:12:10.203,0.74808,0.7482,2.25,2.21
2016.07.22 05:12:11.130,0.74808,0.7482,2.25,1.46
2016.07.22 05:12:11.620,0.74808,0.7482,2.25,2.21
2016.07.22 05:12:12.474,0.74808,0.74818,2.25,1.19
2016.07.22 05:12:22.395,0.74808,0.74818,1.50,1.19
2016.07.22 05:12:22.497,0.74807,0.74817,1.50,2.06
2016.07.22 05:12:22.548,0.74807,0.74817,1.87,2.06
2016.07.22 05:12:22.599,0.74807,0.74817,1.12,2.06
2016.07.22 05:12:22.650,0.74806,0.74817,4.50,2.06
2016.07.22 05:12:22.701,0.74806,0.74817,3.75,2.06
2016.07.22 05:12:22.803,0.74806,0.74817,3.75,1.31
2016.07.22 05:12:22.854,0.74806,0.74817,2.62,1.31
2016.07.22 05:12:23.133,0.74806,0.74817,3.37,1.31
2016.07.22 05:12:23.247,0.74806,0.74817,2.62,1.31
2016.07.22 05:12:23.756,0.74806,0.74817,3.00,1.31
2016.07.22 05:12:23.807,0.74806,0.74817,3.00,2.06
2016.07.22 05:12:26.405,0.74806,0.74817,4.50,2.06
2016.07.22 05:12:28.011,0.74806,0.74817,4.57,2.06
2016.07.22 05:12:28.062,0.74806,0.74817,5.70,2.06
2016.07.22 05:12:28.113,0.74806,0.74817,5.77,2.06
2016.07.22 05:12:28.266,0.74806,0.74817,4.65,2.06
2016.07.22 05:12:28.317,0.74806,0.74817,5.40,2.06
2016.07.22 05:12:30.763,0.74806,0.74817,6.52,2.06
2016.07.22 05:12:31.929,0.74806,0.74817,5.40,2.06
2016.07.22 05:12:32.265,0.74806,0.74817,6.52,2.06
2016.07.22 05:12:33.167,0.74806,0.74817,5.40,2.06
2016.07.22 05:12:34.588,0.74806,0.74817,2.77,2.06
2016.07.22 05:12:34.639,0.74805,0.74817,5.40,3.56
2016.07.22 05:12:34.691,0.74806,0.74817,1.10,3.56
2016.07.22 05:12:34.742,0.74806,0.74817,1.10,1.31
2016.07.22 05:12:34.843,0.74806,0.74817,1.10,2.06
2016.07.22 05:12:35.423,0.74806,0.74817,1.57,1.31
2016.07.22 05:12:35.525,0.74806,0.74817,1.57,2.06
2016.07.22 05:12:35.627,0.74806,0.74817,1.57,1.31
2016.07.22 05:12:35.733,0.74806,0.74817,1.10,2.06
2016.07.22 05:12:40.647,0.74806,0.74817,1.10,1.31
2016.07.22 05:12:41.154,0.74806,0.74817,1.10,2.06
2016.07.22 05:12:41.256,0.74806,0.74817,1.10,1.31
2016.07.22 05:12:43.887,0.74805,0.74816,2.70,1.00
2016.07.22 05:12:43.938,0.74806,0.74817,1.10,3.19
2016.07.22 05:12:43.989,0.74806,0.74817,1.00,3.19
2016.07.22 05:12:44.040,0.74806,0.74817,1.00,3.56
2016.07.22 05:12:44.142,0.74806,0.74817,1.00,2.81
2016.07.22 05:12:44.446,0.74806,0.74817,1.00,3.56
2016.07.22 05:12:44.497,0.74806,0.74817,1.00,2.81
2016.07.22 05:12:44.903,0.74806,0.74817,1.00,2.44
2016.07.22 05:12:44.954,0.74806,0.74817,1.00,1.69
2016.07.22 05:12:45.056,0.74806,0.74817,1.00,1.31
2016.07.22 05:12:45.162,0.74806,0.74817,1.00,1.69
2016.07.22 05:12:45.214,0.74806,0.74817,1.00,1.31
2016.07.22 05:12:46.093,0.74806,0.74818,1.00,2.89
2016.07.22 05:12:49.714,0.74806,0.74818,1.00,2.51
2016.07.22 05:12:49.765,0.74806,0.74818,1.00,2.14
2016.07.22 05:12:49.816,0.74806,0.74818,1.00,1.76
2016.07.22 05:12:54.908,0.74805,0.74814,1.95,1.00
2016.07.22 05:12:54.959,0.74805,0.74811,1.20,5.81
2016.07.22 05:12:55.010,0.74804,0.74811,2.25,6.00
2016.07.22 05:12:55.061,0.74803,0.74813,1.00,2.51
2016.07.22 05:12:55.113,0.74806,0.74814,1.00,1.29
2016.07.22 05:12:55.164,0.74806,0.74816,1.00,4.31
2016.07.22 05:12:55.215,0.74808,0.74816,1.00,3.00
2016.07.22 05:12:55.266,0.74808,0.74816,1.00,1.00
2016.07.22 05:12:55.317,0.74807,0.74818,1.00,1.39
2016.07.22 05:12:55.410,0.74807,0.74818,1.12,1.39
2016.07.22 05:12:55.461,0.74807,0.74818,1.12,1.31
2016.07.22 05:12:55.563,0.74807,0.74818,1.00,1.31
2016.07.22 05:12:55.614,0.74807,0.74818,1.00,2.06
2016.07.22 05:12:56.253,0.74807,0.74818,1.00,3.56
2016.07.22 05:12:56.462,0.74807,0.74818,1.00,2.06
2016.07.22 05:13:06.933,0.74804,0.74817,4.57,2.06
2016.07.22 05:13:06.984,0.74804,0.74816,2.62,2.06
2016.07.22 05:13:07.035,0.74805,0.74816,2.40,1.31
2016.07.22 05:13:07.087,0.74806,0.74816,1.00,1.31
2016.07.22 05:13:07.138,0.74807,0.74817,1.50,1.69
2016.07.22 05:13:07.189,0.74807,0.74818,1.50,5.06
2016.07.22 05:13:07.240,0.74807,0.74818,1.00,3.94
2016.07.22 05:13:07.625,0.74807,0.74818,1.00,3.19
2016.07.22 05:13:07.676,0.74807,0.74818,1.50,1.19
2016.07.22 05:13:07.727,0.7481,0.74819,1.00,2.06
2016.07.22 05:13:07.778,0.74811,0.7482,1.00,1.46
2016.07.22 05:13:07.829,0.74812,0.74821,1.00,4.31
2016.07.22 05:13:07.880,0.74812,0.74822,1.00,1.56
2016.07.22 05:13:07.931,0.74812,0.74823,1.00,1.31
2016.07.22 05:13:07.983,0.74812,0.74823,1.00,1.19
2016.07.22 05:13:08.085,0.74812,0.74823,1.00,1.19
2016.07.22 05:13:08.136,0.74812,0.74821,1.00,1.31
2016.07.22 05:13:08.188,0.74811,0.74821,1.12,3.75
2016.07.22 05:13:08.239,0.74809,0.74821,1.37,2.06
2016.07.22 05:13:08.292,0.74809,0.74821,1.00,2.14
2016.07.22 05:13:08.344,0.74808,0.7482,1.87,1.19
2016.07.22 05:13:08.479,0.74808,0.7482,1.50,2.81
2016.07.22 05:13:08.530,0.74808,0.7482,1.50,2.44
2016.07.22 05:13:08.581,0.74808,0.7482,1.50,2.51
2016.07.22 05:13:08.734,0.74808,0.7482,1.50,3.26
2016.07.22 05:13:08.785,0.74808,0.7482,1.50,2.51
2016.07.22 05:13:08.836,0.74808,0.7482,1.50,1.76
2016.07.22 05:13:08.938,0.74808,0.7482,1.87,1.76
2016.07.22 05:13:09.643,0.74808,0.7482,1.87,2.51
2016.07.22 05:13:09.745,0.74808,0.7482,2.25,2.51
2016.07.22 05:13:10.048,0.74808,0.7482,1.87,2.51
2016.07.22 05:13:14.937,0.74808,0.7482,1.87,2.89
2016.07.22 05:13:14.988,0.74808,0.7482,1.87,2.14
2016.07.22 05:13:15.140,0.74808,0.74819,1.12,1.01
2016.07.22 05:13:15.191,0.74808,0.74817,1.12,1.12
2016.07.22 05:13:15.271,0.74808,0.74817,1.00,1.12
2016.07.22 05:13:15.322,0.74807,0.74818,1.50,1.62
2016.07.22 05:13:15.393,0.74807,0.74817,1.50,1.12
2016.07.22 05:13:15.744,0.74807,0.74818,1.50,1.62
2016.07.22 05:13:17.630,0.74807,0.74817,1.00,1.12
2016.07.22 05:13:17.682,0.74807,0.74817,1.00,1.12
2016.07.22 05:13:17.785,0.74807,0.74817,1.00,1.50
2016.07.22 05:13:17.888,0.74806,0.74817,3.07,1.50
2016.07.22 05:13:18.358,0.74806,0.74817,2.32,1.50
2016.07.22 05:13:22.174,0.74806,0.74817,2.32,2.25
2016.07.22 05:13:22.276,0.74806,0.74817,3.07,1.50
2016.07.22 05:13:23.481,0.74806,0.74817,3.07,1.12
2016.07.22 05:13:24.149,0.74806,0.74817,3.82,1.12
2016.07.22 05:13:24.201,0.74806,0.74817,4.20,1.12
2016.07.22 05:13:25.045,0.74808,0.74817,1.00,1.12
2016.07.22 05:13:25.097,0.74808,0.74817,1.50,1.12
2016.07.22 05:13:25.148,0.7481,0.74819,1.00,2.14
2016.07.22 05:13:25.199,0.74811,0.7482,1.00,1.26
2016.07.22 05:13:25.250,0.74811,0.74821,1.50,2.06
2016.07.22 05:13:25.302,0.74811,0.74821,1.50,1.31
2016.07.22 05:13:26.165,0.74811,0.74821,1.00,1.50
2016.07.22 05:13:26.267,0.74811,0.74821,1.00,1.19
2016.07.22 05:13:34.896,0.7481,0.74821,1.12,1.69
2016.07.22 05:13:36.116,0.7481,0.74821,1.12,1.19
2016.07.22 05:13:36.167,0.7481,0.74821,1.50,1.31
2016.07.22 05:13:36.226,0.7481,0.74822,1.50,3.75
2016.07.22 05:13:36.379,0.7481,0.74822,1.50,3.00
2016.07.22 05:13:37.014,0.7481,0.74822,2.25,3.00
2016.07.22 05:13:37.217,0.7481,0.74821,2.25,1.50
2016.07.22 05:13:37.912,0.7481,0.74822,2.25,3.00
2016.07.22 05:13:38.217,0.7481,0.74822,1.50,3.00
2016.07.22 05:13:38.893,0.7481,0.74822,1.50,3.75
2016.07.22 05:13:39.200,0.7481,0.74822,1.50,4.50
2016.07.22 05:13:39.302,0.7481,0.74822,1.50,4.87
2016.07.22 05:13:39.608,0.7481,0.74822,1.50,4.12
2016.07.22 05:13:40.239,0.7481,0.74822,1.50,3.94
2016.07.22 05:13:40.393,0.7481,0.74822,1.50,3.19
2016.07.22 05:13:40.451,0.7481,0.74822,1.50,3.19
2016.07.22 05:13:40.503,0.7481,0.74822,1.50,4.12
2016.07.22 05:13:40.707,0.7481,0.74822,1.50,4.87
2016.07.22 05:13:41.498,0.7481,0.74821,1.50,1.50
2016.07.22 05:13:41.905,0.7481,0.74822,1.50,6.37
2016.07.22 05:13:42.160,0.7481,0.74822,1.50,5.62
2016.07.22 05:13:42.210,0.7481,0.74822,1.50,4.87
2016.07.22 05:13:44.665,0.7481,0.74822,1.00,4.87
2016.07.22 05:13:44.768,0.7481,0.74822,1.00,4.12
2016.07.22 05:13:44.819,0.7481,0.74822,1.00,4.87
2016.07.22 05:13:45.583,0.7481,0.74822,1.00,4.12
2016.07.22 05:13:45.736,0.7481,0.74822,1.00,2.62
2016.07.22 05:13:45.888,0.7481,0.74822,1.00,4.12
2016.07.22 05:13:45.990,0.7481,0.74822,1.00,3.75
2016.07.22 05:13:46.215,0.7481,0.74822,1.00,4.50
2016.07.22 05:13:46.562,0.74813,0.74822,1.00,4.50
2016.07.22 05:13:46.614,0.74813,0.74822,1.50,2.06
2016.07.22 05:13:46.665,0.74813,0.74822,2.32,1.31
2016.07.22 05:13:46.716,0.74816,0.74823,1.00,2.14
2016.07.22 05:13:46.769,0.74819,0.74824,1.00,1.69
2016.07.22 05:13:46.821,0.74819,0.74826,1.00,2.81
2016.07.22 05:13:46.872,0.7482,0.74827,1.00,2.44
2016.07.22 05:13:46.923,0.7482,0.74828,1.00,1.12
2016.07.22 05:13:46.974,0.7482,0.74828,1.00,1.00
2016.07.22 05:13:49.790,0.7482,0.74828,1.00,1.19
2016.07.22 05:13:49.967,0.7482,0.74828,1.00,1.31
2016.07.22 05:13:50.235,0.7482,0.74829,1.00,1.69
2016.07.22 05:13:50.885,0.7482,0.74829,1.00,1.76
2016.07.22 05:13:50.937,0.7482,0.74829,1.00,1.84
2016.07.22 05:13:51.474,0.74819,0.74829,1.00,1.84
2016.07.22 05:13:51.982,0.7482,0.74829,1.00,1.09
2016.07.22 05:13:53.463,0.7482,0.74828,1.00,1.29
2016.07.22 05:13:53.853,0.7482,0.74828,1.00,1.76
2016.07.22 05:13:55.821,0.74819,0.74828,1.00,1.76
2016.07.22 05:13:55.923,0.74818,0.74828,1.00,2.89
2016.07.22 05:13:56.025,0.74816,0.74828,4.87,2.14
2016.07.22 05:13:56.077,0.74816,0.74828,3.37,2.14
2016.07.22 05:13:56.128,0.74816,0.74828,3.37,1.76
2016.07.22 05:13:56.179,0.74817,0.74828,1.00,1.76
2016.07.22 05:13:56.230,0.74817,0.74828,1.00,2.89
2016.07.22 05:13:56.908,0.74819,0.74828,1.00,2.89
2016.07.22 05:13:59.145,0.74819,0.74828,1.00,1.76
2016.07.22 05:13:59.726,0.74819,0.74828,1.00,2.89
2016.07.22 05:13:59.777,0.74819,0.74826,1.00,1.25
2016.07.22 05:14:00.902,0.74817,0.74826,1.50,1.25
2016.07.22 05:14:02.631,0.74817,0.74826,1.50,1.01
2016.07.22 05:14:02.987,0.74817,0.74827,1.50,1.46
2016.07.22 05:14:03.038,0.74817,0.74827,1.50,1.36
2016.07.22 05:14:04.087,0.74819,0.74827,1.00,1.36
2016.07.22 05:14:06.091,0.74817,0.74827,1.50,1.36
2016.07.22 05:14:06.520,0.74818,0.74827,1.00,1.36
2016.07.22 05:14:11.511,0.74819,0.74827,1.00,1.36
2016.07.22 05:14:12.073,0.74819,0.74827,1.00,1.39
2016.07.22 05:14:12.124,0.74819,0.74827,1.00,1.29
2016.07.22 05:14:17.313,0.74819,0.74827,1.00,1.76
2016.07.22 05:14:17.415,0.74819,0.74827,1.00,2.51
2016.07.22 05:14:17.729,0.74819,0.74827,1.00,1.76
2016.07.22 05:14:21.035,0.74818,0.74827,1.00,1.76
2016.07.22 05:14:21.137,0.74818,0.74827,1.00,2.51
2016.07.22 05:14:21.442,0.74818,0.74827,1.00,1.76
2016.07.22 05:14:22.539,0.74818,0.74827,1.00,2.51
2016.07.22 05:14:24.749,0.74818,0.74827,1.00,1.76
2016.07.22 05:14:25.422,0.74818,0.74827,1.00,2.51
2016.07.22 05:14:25.625,0.74818,0.74827,1.00,1.76
2016.07.22 05:14:25.735,0.74818,0.74827,1.00,1.29
2016.07.22 05:14:26.096,0.74818,0.74828,1.00,1.46
2016.07.22 05:14:30.055,0.74818,0.74828,1.50,1.46
2016.07.22 05:14:30.696,0.74819,0.74829,1.00,2.51
2016.07.22 05:14:30.748,0.74819,0.74829,1.00,1.39
2016.07.22 05:14:30.799,0.74819,0.7483,1.87,3.56
2016.07.22 05:14:30.850,0.74819,0.7483,2.62,3.64
2016.07.22 05:14:30.901,0.74819,0.7483,2.25,3.26
2016.07.22 05:14:30.952,0.7482,0.7483,1.00,3.26
2016.07.22 05:14:31.105,0.7482,0.7483,1.50,3.26
2016.07.22 05:14:31.156,0.7482,0.7483,1.50,2.51
2016.07.22 05:14:31.208,0.7482,0.7483,1.00,3.26
2016.07.22 05:14:31.824,0.7482,0.7483,1.00,4.01
2016.07.22 05:14:32.364,0.74819,0.7483,1.00,4.01
2016.07.22 05:14:36.844,0.74819,0.7483,1.00,4.76
2016.07.22 05:14:36.895,0.74819,0.74829,1.00,2.81
2016.07.22 05:14:36.997,0.74819,0.74829,1.00,3.56
2016.07.22 05:14:37.099,0.74818,0.74829,1.50,3.56
2016.07.22 05:14:40.627,0.74818,0.74829,1.00,3.56
2016.07.22 05:14:44.541,0.74818,0.74829,1.00,3.19
2016.07.22 05:14:44.592,0.74818,0.74829,1.00,2.44
2016.07.22 05:14:44.696,0.74818,0.74829,1.00,1.69
2016.07.22 05:14:45.001,0.74818,0.74829,1.00,1.25
2016.07.22 05:14:45.205,0.74818,0.74829,1.00,1.69
2016.07.22 05:14:45.744,0.74818,0.74829,1.00,1.25
2016.07.22 05:14:46.101,0.74818,0.74829,1.00,1.69
2016.07.22 05:14:47.204,0.74818,0.74829,1.00,1.25
2016.07.22 05:14:48.903,0.74818,0.74829,1.00,1.69
2016.07.22 05:14:49.263,0.74818,0.74829,1.00,1.25
2016.07.22 05:14:50.156,0.74817,0.74829,1.50,1.25
2016.07.22 05:14:54.164,0.74817,0.74829,1.50,2.44
2016.07.22 05:14:55.224,0.74817,0.74829,1.50,2.25
2016.07.22 05:14:55.816,0.74817,0.74829,1.50,3.00
2016.07.22 05:14:55.918,0.74817,0.74829,1.50,3.75
2016.07.22 05:14:55.969,0.74818,0.74829,1.00,4.50
2016.07.22 05:14:57.705,0.74818,0.74829,1.50,4.50
2016.07.22 05:14:57.807,0.74818,0.74829,1.00,4.50
2016.07.22 05:14:57.858,0.74818,0.74829,1.00,4.20
2016.07.22 05:14:57.909,0.74818,0.74828,1.50,1.57
2016.07.22 05:14:58.010,0.74818,0.74828,1.50,1.10
2016.07.22 05:14:58.061,0.74818,0.74829,1.50,2.40
2016.07.22 05:14:58.112,0.74818,0.74829,2.25,1.17
2016.07.22 05:14:58.163,0.74818,0.7483,3.75,5.14
2016.07.22 05:14:58.214,0.74818,0.7483,3.00,4.01
2016.07.22 05:14:58.316,0.74818,0.7483,4.50,3.82
2016.07.22 05:14:58.418,0.74818,0.7483,4.12,3.82
2016.07.22 05:14:59.081,0.74818,0.7483,2.62,3.07
2016.07.22 05:14:59.183,0.74818,0.7483,2.62,3.82
2016.07.22 05:15:00.190,0.74818,0.7483,2.62,3.07
2016.07.22 05:15:00.779,0.74818,0.7483,2.62,3.82
2016.07.22 05:15:00.987,0.74818,0.7483,2.62,3.07
2016.07.22 05:15:01.709,0.74818,0.7483,2.62,3.82
2016.07.22 05:15:02.114,0.74818,0.7483,1.87,3.82
2016.07.22 05:15:02.317,0.74818,0.7483,1.87,3.07
2016.07.22 05:15:02.900,0.74818,0.7483,1.87,3.82
2016.07.22 05:15:03.492,0.74818,0.7483,1.87,3.07
2016.07.22 05:15:04.137,0.74818,0.7483,1.37,3.07
2016.07.22 05:15:04.238,0.74818,0.7483,1.37,3.82
2016.07.22 05:15:04.454,0.74818,0.7483,1.87,3.82
2016.07.22 05:15:04.606,0.74818,0.7483,1.87,3.07
2016.07.22 05:15:05.428,0.74818,0.7483,1.87,3.82
2016.07.22 05:15:05.795,0.74818,0.7483,1.87,3.07
2016.07.22 05:15:06.163,0.74818,0.7483,1.37,3.82
2016.07.22 05:15:06.909,0.74818,0.7483,1.37,4.57
2016.07.22 05:15:07.669,0.74818,0.7483,1.37,3.82
2016.07.22 05:15:08.431,0.74818,0.7483,1.37,4.57
2016.07.22 05:15:08.799,0.74818,0.7483,1.37,3.82
2016.07.22 05:15:09.546,0.74818,0.7483,1.37,4.57
2016.07.22 05:15:09.647,0.74818,0.7483,1.37,3.82
2016.07.22 05:15:09.749,0.74818,0.7483,1.50,3.45
2016.07.22 05:15:10.633,0.74818,0.7483,1.12,3.82
2016.07.22 05:15:10.710,0.74818,0.74829,1.00,1.17
2016.07.22 05:15:10.761,0.74818,0.74828,1.00,1.20
2016.07.22 05:15:10.812,0.74818,0.74829,1.50,2.02
2016.07.22 05:15:10.863,0.74818,0.74829,1.00,2.02
2016.07.22 05:15:10.914,0.74818,0.74829,1.50,2.02
2016.07.22 05:15:11.169,0.74818,0.74829,1.50,1.65
2016.07.22 05:15:12.624,0.74818,0.74829,2.25,1.65
2016.07.22 05:15:12.674,0.74818,0.74829,1.50,1.17
2016.07.22 05:15:12.725,0.74818,0.74829,1.87,1.17
2016.07.22 05:15:13.443,0.74818,0.74829,1.00,1.17
2016.07.22 05:15:18.135,0.74818,0.74829,1.00,1.65
2016.07.22 05:15:19.339,0.74818,0.74829,1.19,1.65
2016.07.22 05:15:20.842,0.74818,0.74829,1.31,1.65
2016.07.22 05:15:20.918,0.74818,0.74829,2.06,1.65
2016.07.22 05:15:22.162,0.74818,0.74829,2.06,1.17
2016.07.22 05:15:28.052,0.74818,0.74829,2.06,1.27
2016.07.22 05:15:29.756,0.74818,0.74829,1.31,1.27
2016.07.22 05:15:29.807,0.74818,0.74829,1.19,1.27
2016.07.22 05:15:30.111,0.74818,0.74829,1.19,2.02
2016.07.22 05:15:39.125,0.74818,0.74829,1.25,2.02
2016.07.22 05:15:46.749,0.74818,0.74829,1.25,1.27
2016.07.22 05:15:49.666,0.74818,0.74829,1.31,1.27
2016.07.22 05:15:49.717,0.74818,0.74829,1.69,1.27
2016.07.22 05:15:50.458,0.74818,0.7483,2.44,2.70
2016.07.22 05:15:51.303,0.74818,0.7483,1.69,2.70
2016.07.22 05:15:51.730,0.74818,0.74829,1.69,1.27
2016.07.22 05:15:52.305,0.74818,0.74829,2.44,1.27
2016.07.22 05:15:52.356,0.74818,0.74829,1.69,1.27
2016.07.22 05:15:52.541,0.74818,0.74829,2.44,1.27
2016.07.22 05:15:52.643,0.74818,0.7483,2.44,2.70
2016.07.22 05:15:52.694,0.74818,0.7483,2.06,2.70
2016.07.22 05:15:52.796,0.74818,0.7483,3.19,2.70
2016.07.22 05:15:52.847,0.74818,0.74829,3.19,1.20
2016.07.22 05:15:52.949,0.74818,0.7483,3.19,1.57
2016.07.22 05:15:53.000,0.7482,0.7483,1.00,1.57
2016.07.22 05:15:53.051,0.7482,0.74831,1.00,5.40
2016.07.22 05:15:53.103,0.7482,0.74831,1.50,2.32
2016.07.22 05:15:53.184,0.74822,0.74831,1.00,2.32
2016.07.22 05:15:53.239,0.74822,0.74834,2.25,3.00
2016.07.22 05:15:53.290,0.74824,0.74834,1.00,1.87
2016.07.22 05:15:53.392,0.74824,0.74834,1.12,1.00
2016.07.22 05:15:53.443,0.74824,0.74835,1.87,2.62
2016.07.22 05:15:53.494,0.74824,0.74835,2.25,2.62
2016.07.22 05:15:53.545,0.74826,0.74835,1.12,2.62
2016.07.22 05:15:53.900,0.74824,0.74835,2.32,1.12
2016.07.22 05:15:53.951,0.74824,0.74835,1.50,1.12
2016.07.22 05:15:54.053,0.74824,0.74835,1.87,1.12
2016.07.22 05:15:54.154,0.74824,0.74835,1.50,1.12
2016.07.22 05:15:56.064,0.74824,0.74835,1.50,1.87
2016.07.22 05:15:56.115,0.74822,0.74832,2.62,1.50
2016.07.22 05:15:56.167,0.74822,0.74831,1.37,2.44
2016.07.22 05:15:56.218,0.74821,0.74831,1.00,3.94
2016.07.22 05:15:56.269,0.7482,0.74831,1.69,3.00
2016.07.22 05:15:56.320,0.7482,0.74831,1.69,1.50
2016.07.22 05:15:56.371,0.7482,0.74831,1.50,1.50
2016.07.22 05:15:56.453,0.7482,0.74831,1.50,1.50
2016.07.22 05:15:56.505,0.7482,0.7483,1.00,1.00
2016.07.22 05:15:56.556,0.7482,0.7483,1.00,1.00
2016.07.22 05:15:56.657,0.7482,0.7483,1.00,1.00
2016.07.22 05:15:56.759,0.7482,0.74831,1.00,1.95
2016.07.22 05:15:56.810,0.7482,0.74831,1.00,2.25
2016.07.22 05:15:56.913,0.7482,0.74831,1.00,2.32
2016.07.22 05:15:57.065,0.7482,0.7483,1.00,1.12
2016.07.22 05:15:57.117,0.7482,0.7483,1.50,1.12
2016.07.22 05:15:57.169,0.7482,0.74832,4.35,3.19
2016.07.22 05:15:57.220,0.7482,0.74832,4.35,1.25
2016.07.22 05:15:57.271,0.74822,0.74832,1.00,1.00
2016.07.22 05:15:57.474,0.74823,0.74834,1.00,1.20
2016.07.22 05:15:57.525,0.74823,0.74834,1.00,2.32
2016.07.22 05:15:57.693,0.74823,0.74834,1.87,1.50
2016.07.22 05:15:57.744,0.74823,0.74834,2.25,1.50
2016.07.22 05:15:57.795,0.74823,0.74834,2.25,1.50
2016.07.22 05:15:57.846,0.74823,0.74835,2.25,1.00
2016.07.22 05:15:57.948,0.74824,0.74835,1.12,1.00
2016.07.22 05:15:58.101,0.74823,0.74835,3.00,1.00
2016.07.22 05:15:58.152,0.74823,0.74835,3.75,1.00
2016.07.22 05:15:58.203,0.74825,0.74836,1.00,1.01
2016.07.22 05:15:58.254,0.74825,0.74836,1.00,1.10
2016.07.22 05:15:58.457,0.74826,0.74837,1.50,1.10
2016.07.22 05:15:58.508,0.74826,0.74837,2.25,1.10
2016.07.22 05:15:58.559,0.74826,0.74837,2.25,1.00
2016.07.22 05:15:59.199,0.74826,0.74837,1.50,1.00
2016.07.22 05:16:00.430,0.74826,0.74837,1.00,1.00
2016.07.22 05:16:08.453,0.74826,0.74837,1.00,1.12
2016.07.22 05:16:08.656,0.74825,0.74837,3.75,1.12
2016.07.22 05:16:08.707,0.74825,0.74837,2.25,1.95
2016.07.22 05:16:08.758,0.74825,0.74835,1.12,1.00
2016.07.22 05:16:08.809,0.74824,0.74835,1.50,1.00
2016.07.22 05:16:08.941,0.74824,0.74835,1.12,1.00
2016.07.22 05:16:09.809,0.74824,0.74835,1.50,1.00
2016.07.22 05:16:12.217,0.74824,0.74835,2.25,1.00
2016.07.22 05:16:12.421,0.74824,0.74835,1.50,1.00
2016.07.22 05:16:12.863,0.74824,0.7483,1.50,1.00
2016.07.22 05:16:12.915,0.74822,0.7483,1.50,1.50
2016.07.22 05:16:12.966,0.74819,0.74829,3.75,1.00
2016.07.22 05:16:13.017,0.74819,0.74829,1.00,1.12
2016.07.22 05:16:13.119,0.74819,0.74829,1.00,1.10
2016.07.22 05:16:13.876,0.74819,0.7483,1.00,3.52
2016.07.22 05:16:13.927,0.74819,0.7483,1.60,2.77
2016.07.22 05:16:13.979,0.74822,0.74831,1.00,1.65
2016.07.22 05:16:14.030,0.74822,0.74832,1.00,1.87
2016.07.22 05:16:14.082,0.74822,0.74833,1.00,1.12
2016.07.22 05:16:14.133,0.74824,0.74835,1.00,3.19
2016.07.22 05:16:14.184,0.74823,0.74835,1.50,1.39
2016.07.22 05:16:14.236,0.74823,0.74835,2.25,1.01
2016.07.22 05:16:14.287,0.74823,0.74835,2.25,1.25
2016.07.22 05:16:14.338,0.74823,0.74835,1.12,1.25
2016.07.22 05:16:14.389,0.74823,0.74836,1.12,2.51
2016.07.22 05:16:14.440,0.74823,0.74836,2.25,2.51
2016.07.22 05:16:14.491,0.74824,0.74836,1.00,2.51
2016.07.22 05:16:15.224,0.74824,0.74836,2.25,1.29
2016.07.22 05:16:15.479,0.74825,0.74837,1.00,4.84
2016.07.22 05:16:15.531,0.74825,0.74837,1.00,4.09
2016.07.22 05:16:15.582,0.74825,0.74837,1.00,3.71
2016.07.22 05:16:15.633,0.74825,0.74837,1.87,3.15
2016.07.22 05:16:15.796,0.74825,0.74837,1.12,3.15
2016.07.22 05:16:15.847,0.74825,0.74837,2.62,3.07
2016.07.22 05:16:15.949,0.74825,0.74837,2.25,1.50
2016.07.22 05:16:16.000,0.74826,0.74837,1.00,1.50
2016.07.22 05:16:16.051,0.74826,0.74837,1.50,1.50
2016.07.22 05:16:16.342,0.74826,0.74837,2.62,1.50
2016.07.22 05:16:16.405,0.74826,0.74837,3.37,1.50
2016.07.22 05:16:16.456,0.74826,0.74837,3.75,1.50
2016.07.22 05:16:16.630,0.74827,0.74837,1.12,1.50
2016.07.22 05:16:16.681,0.74827,0.74837,1.12,1.00
2016.07.22 05:16:16.732,0.74828,0.74838,1.00,1.00
2016.07.22 05:16:16.783,0.74828,0.74839,1.00,1.39
2016.07.22 05:16:16.834,0.7483,0.74839,2.25,1.10
2016.07.22 05:16:16.885,0.74831,0.7484,1.00,1.17
2016.07.22 05:16:16.936,0.74831,0.74841,1.12,1.20
2016.07.22 05:16:16.987,0.7483,0.74841,1.57,1.20
2016.07.22 05:16:17.038,0.74831,0.74841,1.12,1.12
2016.07.22 05:16:17.142,0.74831,0.74842,1.10,4.31
2016.07.22 05:16:17.194,0.74831,0.7484,1.00,1.50
2016.07.22 05:16:17.245,0.74829,0.7484,1.76,1.50
2016.07.22 05:16:17.297,0.74829,0.74837,1.50,1.00
2016.07.22 05:16:17.348,0.74829,0.74837,1.00,1.00
2016.07.22 05:16:17.450,0.74828,0.74837,1.35,1.00
2016.07.22 05:16:17.683,0.74828,0.74837,1.00,1.00
2016.07.22 05:16:18.191,0.74828,0.74836,1.50,1.00
2016.07.22 05:16:18.466,0.74828,0.74837,1.00,1.00
2016.07.22 05:16:18.517,0.74827,0.74837,2.62,1.00
2016.07.22 05:16:18.619,0.74827,0.74837,1.87,1.00
2016.07.22 05:16:19.136,0.74827,0.74836,1.87,1.00
2016.07.22 05:16:19.288,0.74828,0.74836,1.00,1.00
2016.07.22 05:16:20.297,0.74828,0.74839,1.00,1.57
2016.07.22 05:16:20.480,0.74827,0.74838,1.00,1.00
2016.07.22 05:16:20.889,0.74827,0.74838,1.00,1.50
2016.07.22 05:16:20.939,0.74827,0.74838,1.00,1.87
2016.07.22 05:16:21.788,0.74827,0.74837,1.00,1.12
2016.07.22 05:16:22.777,0.74828,0.74837,1.00,1.12
2016.07.22 05:16:24.298,0.74828,0.74839,1.00,6.07
2016.07.22 05:16:24.349,0.74828,0.74839,1.00,7.20
2016.07.22 05:16:24.817,0.74828,0.74839,1.00,6.07
2016.07.22 05:16:25.020,0.74828,0.74839,1.00,7.20
2016.07.22 05:16:25.334,0.74828,0.74839,1.00,6.07
2016.07.22 05:16:25.436,0.74828,0.74839,1.00,7.20
2016.07.22 05:16:25.487,0.74828,0.74839,1.00,6.45
2016.07.22 05:16:25.538,0.74828,0.74838,2.25,1.37
2016.07.22 05:16:25.744,0.74828,0.74839,2.25,6.45
2016.07.22 05:16:26.381,0.74828,0.74838,2.25,1.87
2016.07.22 05:16:27.455,0.74828,0.74838,1.50,1.87
2016.07.22 05:16:28.743,0.74828,0.74837,1.50,1.37
2016.07.22 05:16:28.795,0.74828,0.74837,1.50,1.87
2016.07.22 05:16:28.853,0.74828,0.74837,1.50,1.50
2016.07.22 05:16:29.515,0.74828,0.74837,1.50,1.50
2016.07.22 05:16:29.617,0.74828,0.74837,1.50,2.25
2016.07.22 05:16:30.198,0.74828,0.74837,1.00,1.50
2016.07.22 05:16:30.300,0.74828,0.74839,1.00,1.95
2016.07.22 05:16:30.351,0.74829,0.74839,1.00,1.10
2016.07.22 05:16:30.503,0.74828,0.74839,2.25,1.10
2016.07.22 05:16:30.554,0.74828,0.74839,3.00,2.32
2016.07.22 05:16:30.637,0.74829,0.74839,1.00,2.70
2016.07.22 05:16:30.692,0.74829,0.74838,1.00,1.85
2016.07.22 05:16:30.743,0.7483,0.74838,1.00,1.47
2016.07.22 05:16:31.264,0.7483,0.74838,1.00,2.70
2016.07.22 05:16:31.854,0.7483,0.74838,1.00,1.47
2016.07.22 05:16:33.161,0.74831,0.74838,1.00,1.47
2016.07.22 05:16:34.732,0.74832,0.74838,1.00,1.47
2016.07.22 05:16:34.872,0.74832,0.74839,1.00,1.07
2016.07.22 05:16:34.923,0.74832,0.7484,1.00,1.39
2016.07.22 05:16:34.975,0.74832,0.7484,1.00,1.25
2016.07.22 05:16:35.046,0.74832,0.74839,1.00,1.00
2016.07.22 05:16:35.097,0.74832,0.74839,1.00,1.10
2016.07.22 05:16:35.199,0.74832,0.74839,1.00,1.87
2016.07.22 05:16:35.250,0.7483,0.74839,1.50,1.87
2016.07.22 05:16:35.302,0.74831,0.74841,1.50,2.89
2016.07.22 05:16:35.353,0.74833,0.74841,1.00,1.20
2016.07.22 05:16:35.404,0.74833,0.74842,1.00,3.07
2016.07.22 05:16:35.456,0.74833,0.74842,1.00,2.70
2016.07.22 05:16:35.507,0.74833,0.74842,1.00,1.20
2016.07.22 05:16:35.612,0.74832,0.74841,1.00,2.25
2016.07.22 05:16:35.764,0.74832,0.74841,1.00,2.32
2016.07.22 05:16:35.839,0.74832,0.74841,1.00,3.45
2016.07.22 05:16:35.890,0.74832,0.7484,1.00,2.25
2016.07.22 05:16:35.992,0.74832,0.7484,1.00,1.87
2016.07.22 05:16:39.576,0.74832,0.7484,1.00,2.62
2016.07.22 05:16:39.627,0.74832,0.74838,1.00,1.00
2016.07.22 05:16:40.139,0.74831,0.74838,1.00,1.00
2016.07.22 05:16:42.329,0.74831,0.74839,1.00,1.27
2016.07.22 05:16:42.380,0.74831,0.74839,1.00,1.20
2016.07.22 05:16:42.431,0.74831,0.74839,1.00,1.10
2016.07.22 05:16:42.482,0.74831,0.74839,1.00,1.00
2016.07.22 05:16:42.533,0.74831,0.74839,1.00,1.00
2016.07.22 05:16:42.584,0.74831,0.74839,1.00,1.20
2016.07.22 05:16:42.635,0.74831,0.74839,1.00,1.27
2016.07.22 05:16:43.251,0.7483,0.74839,1.00,1.27
2016.07.22 05:16:44.349,0.7483,0.74839,1.00,1.15
2016.07.22 05:16:44.743,0.7483,0.7484,1.00,3.94
2016.07.22 05:16:45.099,0.7483,0.74839,1.00,1.65
2016.07.22 05:16:45.201,0.7483,0.7484,1.00,1.69
2016.07.22 05:16:45.302,0.7483,0.7484,1.50,2.44
2016.07.22 05:16:45.353,0.7483,0.7484,1.50,2.14
2016.07.22 05:16:45.404,0.7483,0.7484,1.50,1.84
2016.07.22 05:16:45.700,0.7483,0.7484,1.50,1.40
2016.07.22 05:16:46.274,0.7483,0.7484,1.50,1.84
2016.07.22 05:16:49.729,0.7483,0.7484,1.50,1.40
2016.07.22 05:16:49.780,0.7483,0.7484,1.50,2.21
2016.07.22 05:16:50.813,0.7483,0.7484,1.50,2.96
2016.07.22 05:16:53.521,0.7483,0.7484,1.50,2.21
2016.07.22 05:16:53.641,0.7483,0.74839,1.50,1.27
2016.07.22 05:16:53.771,0.7483,0.74839,1.00,1.27
2016.07.22 05:16:58.486,0.7483,0.74839,1.50,1.27
2016.07.22 05:17:00.392,0.7483,0.74839,1.00,2.02
2016.07.22 05:17:00.825,0.7483,0.74839,1.00,2.77
2016.07.22 05:17:01.130,0.7483,0.74839,1.00,3.52
2016.07.22 05:17:01.232,0.7483,0.74839,1.00,2.77
2016.07.22 05:17:01.819,0.7483,0.74839,1.00,3.52
2016.07.22 05:17:02.144,0.7483,0.74839,1.00,2.77
2016.07.22 05:17:02.248,0.7483,0.74839,1.00,3.52
2016.07.22 05:17:05.252,0.7483,0.74839,1.00,2.77
2016.07.22 05:17:05.353,0.7483,0.74839,1.00,2.02
2016.07.22 05:17:06.590,0.7483,0.74839,1.00,2.21
2016.07.22 05:17:06.855,0.7483,0.74838,1.00,1.12
2016.07.22 05:17:06.957,0.7483,0.74838,1.00,1.20
2016.07.22 05:17:07.008,0.74829,0.74838,1.00,1.27
2016.07.22 05:17:07.109,0.74829,0.74838,1.00,1.20
2016.07.22 05:17:07.160,0.74829,0.74839,1.00,2.96
2016.07.22 05:17:07.211,0.74829,0.74839,1.50,2.14
2016.07.22 05:17:09.822,0.74829,0.74839,1.50,1.76
2016.07.22 05:17:10.767,0.74829,0.74839,1.00,1.76
2016.07.22 05:17:11.021,0.7483,0.74839,1.00,1.01
2016.07.22 05:17:11.072,0.7483,0.7484,1.00,2.62
2016.07.22 05:17:11.123,0.7483,0.74842,2.25,3.45
2016.07.22 05:17:11.174,0.7483,0.74842,3.00,3.45
2016.07.22 05:17:11.225,0.74831,0.74841,2.62,1.00
2016.07.22 05:17:11.276,0.74831,0.74841,1.87,1.00
2016.07.22 05:17:11.327,0.7483,0.74841,4.50,2.06
2016.07.22 05:17:11.378,0.7483,0.74841,2.25,2.81
2016.07.22 05:17:11.429,0.7483,0.7484,1.50,1.12
2016.07.22 05:17:11.481,0.7483,0.7484,1.50,1.12
2016.07.22 05:17:11.603,0.74829,0.74839,1.00,1.12
2016.07.22 05:17:11.654,0.74829,0.7484,1.00,2.40
2016.07.22 05:17:11.973,0.74828,0.7484,1.50,2.40
2016.07.22 05:17:12.322,0.74828,0.74839,2.25,1.12
2016.07.22 05:17:12.556,0.74828,0.7484,1.50,2.40
2016.07.22 05:17:13.170,0.74831,0.74841,1.00,5.14
2016.07.22 05:17:13.221,0.74829,0.74841,1.87,2.06
2016.07.22 05:17:13.323,0.74829,0.74841,1.87,1.31
2016.07.22 05:17:13.374,0.74829,0.74841,2.62,1.31
2016.07.22 05:17:13.578,0.74829,0.74841,1.87,1.31
2016.07.22 05:17:13.629,0.74829,0.74841,2.62,2.62
2016.07.22 05:17:14.063,0.74829,0.74841,2.62,3.00
2016.07.22 05:17:14.114,0.74829,0.74841,2.25,3.82
2016.07.22 05:17:14.165,0.74829,0.74839,1.50,2.25
2016.07.22 05:17:14.216,0.74829,0.74839,1.12,1.50
2016.07.22 05:17:14.267,0.74829,0.74839,1.00,1.50
2016.07.22 05:17:14.486,0.74828,0.74839,1.50,2.25
2016.07.22 05:17:15.682,0.74828,0.74839,2.25,2.25
2016.07.22 05:17:15.886,0.74828,0.74839,1.50,2.25
2016.07.22 05:17:16.133,0.74828,0.74839,1.50,1.00
2016.07.22 05:17:16.336,0.74828,0.74839,1.50,1.50
2016.07.22 05:17:16.604,0.74828,0.74839,2.25,1.50
2016.07.22 05:17:16.684,0.74828,0.74839,1.50,1.50
2016.07.22 05:17:17.237,0.74828,0.74839,1.00,1.00
2016.07.22 05:17:17.440,0.74828,0.74839,1.00,1.10
2016.07.22 05:17:18.647,0.74828,0.74838,1.00,1.00
2016.07.22 05:17:20.694,0.74828,0.74833,1.00,1.00
2016.07.22 05:17:20.745,0.74828,0.74835,1.00,1.57
2016.07.22 05:17:20.796,0.74825,0.74835,1.37,1.76
2016.07.22 05:17:20.847,0.74824,0.74835,1.50,1.29
2016.07.22 05:17:20.898,0.74825,0.74835,1.00,1.29
2016.07.22 05:17:20.949,0.74825,0.74836,1.00,2.51
2016.07.22 05:17:21.051,0.74825,0.74836,1.50,2.51
2016.07.22 05:17:21.153,0.74825,0.74836,1.00,2.51
2016.07.22 05:17:21.204,0.74825,0.74836,1.00,2.32
2016.07.22 05:17:21.255,0.74825,0.74836,1.50,1.57
2016.07.22 05:17:21.306,0.74825,0.74836,2.62,1.39
2016.07.22 05:17:21.357,0.74825,0.74837,2.62,1.76
2016.07.22 05:17:21.855,0.74825,0.74837,2.62,1.46
2016.07.22 05:17:22.231,0.74825,0.74837,1.87,1.46
2016.07.22 05:17:22.631,0.74825,0.74837,2.62,1.46
2016.07.22 05:17:24.050,0.74825,0.74837,1.87,1.46
2016.07.22 05:17:25.393,0.74827,0.74837,1.00,1.46
2016.07.22 05:17:25.445,0.74827,0.74838,1.50,2.21
2016.07.22 05:17:25.497,0.74827,0.74838,3.00,1.84
2016.07.22 05:17:25.549,0.74827,0.74838,2.25,1.36
2016.07.22 05:17:25.600,0.74827,0.74838,1.50,1.36
2016.07.22 05:17:25.754,0.74827,0.74839,1.50,2.51
2016.07.22 05:17:26.399,0.74827,0.74839,1.50,1.76
2016.07.22 05:17:28.213,0.74827,0.74839,1.00,1.76
2016.07.22 05:17:29.065,0.74829,0.74839,1.00,1.76
2016.07.22 05:17:33.547,0.74829,0.74839,1.50,1.01
2016.07.22 05:17:33.598,0.74829,0.7484,1.50,2.51
2016.07.22 05:17:33.649,0.74829,0.7484,1.50,2.21
2016.07.22 05:17:33.700,0.74829,0.7484,1.50,1.84
2016.07.22 05:17:33.751,0.74829,0.7484,1.50,2.77
2016.07.22 05:17:33.852,0.74829,0.7484,1.50,1.84
2016.07.22 05:17:34.120,0.74829,0.7484,1.00,1.84
2016.07.22 05:17:34.222,0.74829,0.7484,1.00,2.21
2016.07.22 05:17:34.476,0.74829,0.7484,1.00,3.15
2016.07.22 05:17:35.377,0.74829,0.7484,1.00,1.46
2016.07.22 05:17:35.428,0.74829,0.74839,1.00,1.29
2016.07.22 05:17:35.479,0.7483,0.74838,1.00,1.19
2016.07.22 05:17:35.590,0.7483,0.74838,1.00,1.10
2016.07.22 05:17:35.642,0.74828,0.74838,1.87,1.10
2016.07.22 05:17:35.693,0.74828,0.74838,1.87,1.07
2016.07.22 05:17:35.745,0.74828,0.74838,1.12,1.07
2016.07.22 05:17:35.796,0.74828,0.74838,1.00,1.07
2016.07.22 05:17:35.847,0.74828,0.74838,1.00,1.10
2016.07.22 05:17:36.531,0.74828,0.74838,1.50,1.10
2016.07.22 05:17:36.784,0.74828,0.74838,1.00,1.10
2016.07.22 05:17:37.391,0.74827,0.74837,1.87,1.00
2016.07.22 05:17:38.723,0.74827,0.74838,3.00,1.57
2016.07.22 05:17:38.774,0.74827,0.74838,3.75,1.57
2016.07.22 05:17:38.826,0.74828,0.74838,1.00,1.10
2016.07.22 05:17:38.877,0.74828,0.74839,1.00,1.27
2016.07.22 05:17:38.928,0.74828,0.74839,1.00,1.57
2016.07.22 05:17:38.979,0.74828,0.74839,1.00,1.50
2016.07.22 05:17:39.030,0.74828,0.74839,1.00,1.20
2016.07.22 05:17:39.081,0.74828,0.74839,1.00,1.95
2016.07.22 05:17:39.183,0.74828,0.74839,1.00,2.32
2016.07.22 05:17:39.234,0.74828,0.74839,1.00,2.62
2016.07.22 05:17:39.285,0.74828,0.74838,1.00,1.50
2016.07.22 05:17:39.336,0.74828,0.74838,1.00,1.20
2016.07.22 05:17:39.438,0.74828,0.74838,1.00,1.10
2016.07.22 05:17:39.540,0.74827,0.74838,2.62,1.10
2016.07.22 05:17:39.745,0.74827,0.74838,1.87,1.10
2016.07.22 05:17:40.291,0.74827,0.74838,2.62,1.17
2016.07.22 05:17:40.342,0.74827,0.74836,2.62,1.10
2016.07.22 05:17:40.393,0.74826,0.74836,2.44,1.10
2016.07.22 05:17:40.444,0.74826,0.74836,1.69,1.10
2016.07.22 05:17:40.495,0.74826,0.74836,1.31,1.10
2016.07.22 05:17:40.546,0.74826,0.74836,1.12,1.07
2016.07.22 05:17:40.597,0.74824,0.74836,5.44,1.07
2016.07.22 05:17:40.648,0.74824,0.74836,4.69,1.07
2016.07.22 05:17:41.034,0.74824,0.74834,3.56,1.00
2016.07.22 05:17:41.086,0.74824,0.74833,1.87,1.10
2016.07.22 05:17:41.137,0.74824,0.74833,1.00,1.57
2016.07.22 05:17:41.189,0.74823,0.74833,1.00,1.10
2016.07.22 05:17:41.240,0.74823,0.74833,1.00,1.07
2016.07.22 05:17:41.326,0.74823,0.74833,1.00,1.00
2016.07.22 05:17:41.378,0.74824,0.74836,3.00,5.44
2016.07.22 05:17:41.429,0.74827,0.74836,1.00,3.26
2016.07.22 05:17:41.480,0.74827,0.74836,1.00,1.39
2016.07.22 05:17:41.531,0.74826,0.74836,1.87,1.25
2016.07.22 05:17:41.582,0.74827,0.74837,1.00,1.29
2016.07.22 05:17:41.684,0.74826,0.74837,2.25,1.29
2016.07.22 05:17:41.735,0.74827,0.74837,1.00,1.29
2016.07.22 05:17:41.836,0.74826,0.74837,1.00,1.29
2016.07.22 05:17:41.887,0.74826,0.74837,1.00,1.26
2016.07.22 05:17:41.938,0.74827,0.74837,1.00,1.26
2016.07.22 05:17:42.040,0.74826,0.74837,1.50,1.26
2016.07.22 05:17:42.193,0.74826,0.74837,1.00,1.26
2016.07.22 05:17:42.294,0.74826,0.74837,1.50,1.26
2016.07.22 05:17:42.354,0.74826,0.74837,1.00,1.26
2016.07.22 05:17:42.557,0.74825,0.74837,3.75,1.26
2016.07.22 05:17:42.770,0.74825,0.74837,4.12,1.26
2016.07.22 05:17:42.827,0.74825,0.74837,3.75,1.26
2016.07.22 05:17:44.296,0.74825,0.74837,4.50,1.26
2016.07.22 05:17:44.410,0.74825,0.74837,4.50,1.39
2016.07.22 05:17:44.563,0.74825,0.74837,3.75,1.39
2016.07.22 05:17:44.614,0.74825,0.74837,3.00,2.14
2016.07.22 05:17:44.665,0.74825,0.74837,3.00,2.51
2016.07.22 05:17:44.767,0.74825,0.74837,2.25,2.51
2016.07.22 05:17:44.818,0.74824,0.74837,3.75,2.51
2016.07.22 05:17:44.920,0.74824,0.74837,3.75,2.89
2016.07.22 05:17:45.123,0.74824,0.74836,3.75,1.39
2016.07.22 05:17:45.398,0.74824,0.74836,3.00,2.14
2016.07.22 05:17:45.451,0.74824,0.74834,3.37,1.12
2016.07.22 05:17:45.502,0.74824,0.74831,1.87,1.00
2016.07.22 05:17:45.554,0.74823,0.74831,1.87,1.50
2016.07.22 05:17:45.683,0.74817,0.74825,4.12,1.12
2016.07.22 05:17:45.745,0.74817,0.74825,2.25,1.50
2016.07.22 05:17:45.796,0.74817,0.74827,1.00,3.07
2016.07.22 05:17:45.847,0.74817,0.74827,1.00,4.95
2016.07.22 05:17:45.898,0.74815,0.74825,1.00,1.20
2016.07.22 05:17:45.949,0.74816,0.74825,1.00,1.20
2016.07.22 05:17:46.000,0.74816,0.74826,1.00,1.55
2016.07.22 05:17:46.153,0.74816,0.74826,1.00,1.57
2016.07.22 05:17:47.633,0.74816,0.74826,1.00,1.20
2016.07.22 05:17:47.684,0.74816,0.74826,1.50,1.10
2016.07.22 05:17:47.786,0.74816,0.74827,1.50,2.96
2016.07.22 05:17:47.837,0.74816,0.74826,1.50,1.20
2016.07.22 05:17:47.888,0.74816,0.74826,1.00,1.20
2016.07.22 05:17:47.939,0.74814,0.74827,5.62,1.84
2016.07.22 05:17:47.990,0.74814,0.74827,4.50,2.21
2016.07.22 05:17:48.856,0.74815,0.74827,1.12,1.84
2016.07.22 05:17:48.907,0.74815,0.74827,1.87,2.59
2016.07.22 05:17:49.951,0.74815,0.74827,2.25,2.59
2016.07.22 05:17:50.210,0.74815,0.74825,1.50,1.00
2016.07.22 05:17:50.262,0.74816,0.74825,1.00,1.00
2016.07.22 05:17:50.415,0.74816,0.74825,1.00,1.00
2016.07.22 05:17:50.466,0.74816,0.74825,1.50,1.00
2016.07.22 05:17:50.568,0.74816,0.74825,1.00,1.00
2016.07.22 05:17:50.943,0.74815,0.74825,1.12,1.00
2016.07.22 05:17:50.994,0.74813,0.74825,4.12,1.00
2016.07.22 05:17:51.045,0.74814,0.74825,1.12,1.12
2016.07.22 05:17:51.096,0.74814,0.74825,1.12,1.50
2016.07.22 05:17:51.147,0.74814,0.74825,1.87,1.50
2016.07.22 05:17:53.169,0.74814,0.74825,1.87,1.50
2016.07.22 05:17:53.372,0.74814,0.74825,1.87,1.12
2016.07.22 05:17:53.423,0.74814,0.74825,1.87,1.12
2016.07.22 05:17:53.474,0.74814,0.74825,1.00,1.12
2016.07.22 05:17:53.525,0.74814,0.74825,1.12,1.00
2016.07.22 05:17:54.638,0.74813,0.74825,3.00,1.00
2016.07.22 05:17:54.974,0.74813,0.74824,3.56,1.00
2016.07.22 05:17:55.657,0.74813,0.74819,2.81,1.00
2016.07.22 05:17:55.709,0.74812,0.74818,1.00,1.00
2016.07.22 05:17:55.761,0.7481,0.74819,1.00,1.19
2016.07.22 05:17:55.812,0.74808,0.74819,1.87,1.31
2016.07.22 05:17:55.863,0.74808,0.74818,1.00,1.01
2016.07.22 05:17:55.914,0.74807,0.74818,1.87,1.01
2016.07.22 05:17:56.067,0.74807,0.74818,3.00,1.01
2016.07.22 05:17:56.118,0.74807,0.74818,3.37,1.01
2016.07.22 05:17:56.220,0.74807,0.74818,4.12,1.01
2016.07.22 05:17:56.271,0.74807,0.74818,2.25,1.01
2016.07.22 05:17:56.372,0.74807,0.74818,1.87,1.01
2016.07.22 05:17:56.474,0.74807,0.74818,1.37,1.01
2016.07.22 05:17:56.525,0.74807,0.74818,1.37,1.01
2016.07.22 05:17:56.875,0.74806,0.74818,3.37,1.01
2016.07.22 05:17:56.926,0.74806,0.74817,3.37,1.45
2016.07.22 05:17:56.977,0.74806,0.74816,2.25,1.12
2016.07.22 05:17:57.028,0.74806,0.74816,2.25,1.12
2016.07.22 05:17:57.079,0.74806,0.74817,1.87,1.95
2016.07.22 05:17:57.130,0.74805,0.74817,1.50,2.32
2016.07.22 05:17:57.182,0.74805,0.74817,1.00,1.85
2016.07.22 05:17:57.233,0.74804,0.74816,4.31,1.07
2016.07.22 05:17:57.336,0.74804,0.74816,3.94,1.07
2016.07.22 05:17:57.387,0.74804,0.74816,2.44,1.07
2016.07.22 05:17:57.438,0.74804,0.74816,3.19,1.07
2016.07.22 05:17:57.590,0.74804,0.74816,3.56,1.07
2016.07.22 05:17:57.642,0.74804,0.74816,3.56,1.07
2016.07.22 05:17:57.823,0.74804,0.74817,3.56,2.02
2016.07.22 05:17:58.080,0.74804,0.74817,3.56,2.40
2016.07.22 05:17:58.182,0.74804,0.74817,2.81,2.40
2016.07.22 05:17:58.537,0.74804,0.74817,2.81,1.65
2016.07.22 05:17:58.588,0.74804,0.74817,2.81,1.17
2016.07.22 05:17:58.791,0.74804,0.74817,2.81,1.27
2016.07.22 05:17:59.778,0.74804,0.74817,3.19,1.17
2016.07.22 05:17:59.982,0.74804,0.74817,2.44,1.65
2016.07.22 05:18:00.185,0.74804,0.74817,2.81,1.17
2016.07.22 05:18:00.551,0.74804,0.74817,2.81,2.40
2016.07.22 05:18:01.927,0.74804,0.74817,3.94,2.40
2016.07.22 05:18:02.389,0.74804,0.74817,2.44,2.40
2016.07.22 05:18:02.580,0.74804,0.74817,2.81,2.40
2016.07.22 05:18:02.632,0.74804,0.74817,3.94,2.40
2016.07.22 05:18:02.813,0.74804,0.74817,2.81,2.40
2016.07.22 05:18:04.989,0.74804,0.74817,3.94,2.40
2016.07.22 05:18:06.332,0.74804,0.74817,3.56,2.40
2016.07.22 05:18:06.383,0.74804,0.74817,3.56,2.40
2016.07.22 05:18:06.434,0.74804,0.74817,2.44,2.40
2016.07.22 05:18:06.960,0.74804,0.74816,2.44,1.10
2016.07.22 05:18:08.499,0.74804,0.74816,3.19,1.10
2016.07.22 05:18:08.550,0.74804,0.74816,3.19,1.10
2016.07.22 05:18:08.602,0.74804,0.74816,3.19,1.57
2016.07.22 05:18:08.652,0.74804,0.74816,3.19,2.32
2016.07.22 05:18:08.885,0.74804,0.74816,2.44,2.32
2016.07.22 05:18:09.098,0.74804,0.74816,2.44,1.57
2016.07.22 05:18:09.149,0.74804,0.74816,2.81,1.57
2016.07.22 05:18:09.201,0.74804,0.74816,3.56,1.57
2016.07.22 05:18:10.101,0.74804,0.74816,3.94,1.10
2016.07.22 05:18:10.152,0.74804,0.74816,2.44,1.10
2016.07.22 05:18:10.304,0.74804,0.74817,3.19,1.65
2016.07.22 05:18:10.685,0.74804,0.74817,3.19,1.07
2016.07.22 05:18:10.736,0.74804,0.74817,4.69,1.07
2016.07.22 05:18:10.786,0.74804,0.74816,4.69,1.10
2016.07.22 05:18:11.155,0.74804,0.74817,4.69,1.57
2016.07.22 05:18:11.308,0.74804,0.74817,3.56,1.57
2016.07.22 05:18:11.588,0.74804,0.74817,4.69,1.07
2016.07.22 05:18:11.689,0.74804,0.74817,3.56,1.45
2016.07.22 05:18:11.740,0.74804,0.74817,3.56,1.95
2016.07.22 05:18:12.362,0.74804,0.74817,3.56,2.70
2016.07.22 05:18:12.808,0.74804,0.74817,2.81,1.95
2016.07.22 05:18:14.157,0.74805,0.74818,1.00,3.64
2016.07.22 05:18:14.208,0.74806,0.74818,1.00,1.70
2016.07.22 05:18:14.259,0.74806,0.74817,1.00,1.07
2016.07.22 05:18:14.361,0.74806,0.74817,1.00,1.07
2016.07.22 05:18:14.413,0.74804,0.74817,1.87,1.07
2016.07.22 05:18:14.464,0.74804,0.74817,1.00,1.95
2016.07.22 05:18:14.515,0.74804,0.74817,1.00,2.70
2016.07.22 05:18:14.618,0.74804,0.74817,1.00,2.32
2016.07.22 05:18:14.720,0.74804,0.74817,1.00,2.70
2016.07.22 05:18:14.771,0.74804,0.74817,1.00,1.95
2016.07.22 05:18:15.662,0.74804,0.74817,1.12,1.95
2016.07.22 05:18:18.365,0.74804,0.74817,1.12,2.70
2016.07.22 05:18:18.416,0.74804,0.74817,1.12,4.20
2016.07.22 05:18:18.518,0.74805,0.74817,1.12,3.45
2016.07.22 05:18:18.569,0.74805,0.74817,1.50,2.70
2016.07.22 05:18:18.620,0.74807,0.74817,1.00,1.20
2016.07.22 05:18:18.671,0.74807,0.74817,1.00,1.07
2016.07.22 05:18:18.722,0.74807,0.74818,1.00,2.70
2016.07.22 05:18:18.773,0.74807,0.74816,1.00,1.10
2016.07.22 05:18:18.824,0.74805,0.74816,4.87,1.57
2016.07.22 05:18:18.876,0.74805,0.74815,1.50,1.25
2016.07.22 05:18:18.927,0.74804,0.74815,2.25,1.69
2016.07.22 05:18:18.978,0.74804,0.74815,1.12,1.69
2016.07.22 05:18:19.182,0.74804,0.74815,1.12,1.25
2016.07.22 05:18:19.490,0.74804,0.74815,1.12,1.69
2016.07.22 05:18:31.355,0.74806,0.74815,1.00,1.25
2016.07.22 05:18:31.406,0.74805,0.74817,2.25,4.95
2016.07.22 05:18:31.457,0.74806,0.74817,1.00,1.95
2016.07.22 05:18:31.508,0.74806,0.74816,1.00,1.10
2016.07.22 05:18:31.610,0.74805,0.74816,1.50,1.12
2016.07.22 05:18:31.712,0.74806,0.74817,1.00,1.10
2016.07.22 05:18:31.881,0.74806,0.74817,1.00,1.57
2016.07.22 05:18:31.932,0.74805,0.74817,2.62,2.44
2016.07.22 05:18:31.983,0.74805,0.74816,1.00,1.19
2016.07.22 05:18:32.034,0.74806,0.74816,1.00,2.81
2016.07.22 05:18:32.086,0.74806,0.74816,1.00,2.81
2016.07.22 05:18:32.137,0.74805,0.74815,1.50,1.31
2016.07.22 05:18:32.651,0.74806,0.74815,1.00,1.31
2016.07.22 05:18:34.485,0.74806,0.74816,1.00,2.81
2016.07.22 05:18:34.536,0.74805,0.74816,2.25,1.19
2016.07.22 05:18:34.655,0.74806,0.74816,1.50,1.19
2016.07.22 05:18:34.707,0.74806,0.74816,2.25,1.19
2016.07.22 05:18:35.012,0.74806,0.74816,2.25,1.19
2016.07.22 05:18:35.114,0.74806,0.74816,1.50,1.19
2016.07.22 05:18:35.215,0.74806,0.74816,2.25,1.19
2016.07.22 05:18:37.562,0.74806,0.74816,1.50,1.19
2016.07.22 05:18:37.613,0.74806,0.74816,1.87,1.19
2016.07.22 05:18:38.908,0.74806,0.74816,1.87,1.19
2016.07.22 05:18:39.061,0.74808,0.74817,1.00,1.19
2016.07.22 05:18:39.112,0.74808,0.74818,1.00,1.76
2016.07.22 05:18:39.164,0.74811,0.74819,1.00,2.89
2016.07.22 05:18:39.215,0.74811,0.74819,1.00,2.06
2016.07.22 05:18:39.267,0.74811,0.7482,1.75,2.89
2016.07.22 05:18:39.319,0.74814,0.74821,1.50,1.75
2016.07.22 05:18:39.370,0.74814,0.74823,1.50,4.76
2016.07.22 05:18:39.421,0.74815,0.74823,1.12,2.81
2016.07.22 05:18:39.472,0.74815,0.74824,1.12,1.29
2016.07.22 05:18:39.523,0.74814,0.74824,1.50,1.19
2016.07.22 05:18:39.574,0.74814,0.74825,1.50,1.76
2016.07.22 05:18:39.625,0.74814,0.74823,1.50,1.19
2016.07.22 05:18:39.898,0.74814,0.74825,1.50,1.29
2016.07.22 05:18:40.254,0.74815,0.74824,1.12,1.19
2016.07.22 05:18:40.305,0.74815,0.74822,1.12,1.25
2016.07.22 05:18:40.356,0.74814,0.74822,1.50,1.25
2016.07.22 05:18:40.407,0.74814,0.74824,1.50,1.19
2016.07.22 05:18:40.663,0.74815,0.74824,1.12,1.69
2016.07.22 05:18:40.842,0.74814,0.74824,1.50,1.19
2016.07.22 05:18:40.994,0.74814,0.74823,1.50,1.19
2016.07.22 05:18:41.045,0.74814,0.74823,1.50,1.19
2016.07.22 05:18:41.823,0.74815,0.74823,1.12,1.19
2016.07.22 05:18:41.925,0.74814,0.74824,1.50,1.19
2016.07.22 05:18:43.217,0.74814,0.74824,1.50,1.19
2016.07.22 05:18:43.268,0.74815,0.74824,1.12,1.19
2016.07.22 05:18:43.370,0.74814,0.74824,1.50,1.19
2016.07.22 05:18:43.522,0.74815,0.74825,1.12,1.69
2016.07.22 05:18:43.625,0.74814,0.74826,1.50,3.64
2016.07.22 05:18:43.829,0.74813,0.74825,1.75,1.19
2016.07.22 05:18:43.880,0.74813,0.74825,1.00,1.19
2016.07.22 05:18:43.981,0.74813,0.74824,1.12,1.19
2016.07.22 05:18:44.083,0.74811,0.74824,6.82,1.19
2016.07.22 05:18:44.134,0.74811,0.74824,5.32,1.19
2016.07.22 05:18:44.185,0.74811,0.74824,5.32,1.19
2016.07.22 05:18:44.322,0.74811,0.74824,5.32,1.19
2016.07.22 05:18:44.373,0.74811,0.74824,5.32,1.29
2016.07.22 05:18:44.477,0.74813,0.74824,1.50,1.29
2016.07.22 05:18:44.528,0.74813,0.74826,1.50,5.14
2016.07.22 05:18:45.172,0.74813,0.74826,1.50,4.76
2016.07.22 05:18:46.387,0.74813,0.74826,1.50,5.89
2016.07.22 05:18:46.540,0.74813,0.74826,1.50,5.14
2016.07.22 05:18:47.127,0.74813,0.74825,1.50,1.36
2016.07.22 05:18:47.229,0.74813,0.74824,1.50,1.29
2016.07.22 05:18:47.432,0.74813,0.74824,1.37,1.76
2016.07.22 05:18:48.538,0.74813,0.74824,1.37,1.29
2016.07.22 05:18:48.640,0.74813,0.74824,1.87,1.76
2016.07.22 05:18:48.827,0.74813,0.74824,1.87,1.76
2016.07.22 05:18:48.878,0.74813,0.74824,1.37,1.29
2016.07.22 05:18:49.030,0.74813,0.74824,1.37,1.29
2016.07.22 05:18:49.081,0.74813,0.74824,1.37,1.76
2016.07.22 05:18:49.133,0.74813,0.74824,1.37,1.76
2016.07.22 05:18:49.234,0.74813,0.74823,1.37,1.19
