2013.01.02 13:00:00.695,1.04904,1.04916,1.13,3.53
2013.01.02 13:00:00.995,1.04904,1.04916,1.13,3.53
2013.01.02 13:00:01.656,1.04906,1.04916,1.13,3.15
2013.01.02 13:00:01.776,1.04906,1.04916,1.50,1.65
2013.01.02 13:00:02.636,1.04906,1.04918,2.25,1.88
2013.01.02 13:00:02.998,1.04908,1.04918,1.28,1.50
2013.01.02 13:00:03.506,1.0491,1.04921,1.13,1.65
2013.01.02 13:00:04.064,1.0491,1.04921,1.13,1.65
2013.01.02 13:00:07.104,1.0491,1.04921,1.88,1.65
2013.01.02 13:00:07.344,1.04913,1.04921,1.28,1.50
2013.01.02 13:00:07.705,1.04914,1.04924,1.13,1.50
2013.01.02 13:00:10.808,1.04912,1.04923,1.13,1.88
2013.01.02 13:00:11.345,1.04911,1.04923,1.13,1.13
2013.01.02 13:00:17.945,1.04911,1.04923,1.13,1.50
2013.01.02 13:00:19.365,1.0491,1.04923,1.35,1.13
2013.01.02 13:00:20.149,1.04908,1.04921,3.75,1.65
2013.01.02 13:00:20.217,1.04908,1.04919,2.85,1.13
2013.01.02 13:00:20.517,1.04908,1.04919,2.25,1.35
2013.01.02 13:00:21.116,1.04906,1.04919,1.88,2.85
2013.01.02 13:00:21.359,1.04909,1.0492,1.13,1.50
2013.01.02 13:00:27.916,1.04909,1.0492,2.25,1.50
2013.01.02 13:00:28.398,1.04915,1.04927,1.73,1.73
2013.01.02 13:00:28.576,1.04917,1.04928,1.13,1.88
2013.01.02 13:00:28.875,1.04917,1.04929,1.50,1.50
2013.01.02 13:00:30.215,1.04918,1.0493,3.00,1.50
2013.01.02 13:00:31.386,1.04918,1.0493,2.25,1.50
2013.01.02 13:00:31.805,1.04916,1.04929,1.13,2.85
2013.01.02 13:00:32.364,1.04915,1.04929,1.35,2.85
2013.01.02 13:00:33.585,1.04915,1.04929,1.35,1.35
2013.01.02 13:00:33.885,1.04913,1.04929,2.25,1.43
2013.01.02 13:00:35.305,1.04914,1.04928,1.35,1.65
2013.01.02 13:00:35.845,1.04915,1.04928,2.10,1.65
2013.01.02 13:00:37.025,1.04916,1.04929,1.13,1.35
2013.01.02 13:00:37.567,1.04916,1.04929,1.13,1.35
2013.01.02 13:00:38.225,1.04916,1.04929,1.13,1.35
2013.01.02 13:00:38.768,1.04916,1.04929,1.13,1.35
2013.01.02 13:00:40.305,1.04915,1.04929,1.35,1.35
2013.01.02 13:00:40.905,1.04913,1.04929,2.25,3.60
2013.01.02 13:00:41.516,1.04913,1.04929,1.88,3.60
2013.01.02 13:00:41.635,1.04913,1.04929,3.38,3.60
2013.01.02 13:00:41.695,1.04915,1.04929,1.35,3.60
2013.01.02 13:00:42.416,1.04917,1.04929,1.13,1.35
2013.01.02 13:00:42.956,1.04917,1.04931,2.25,1.50
2013.01.02 13:00:43.326,1.04918,1.04931,1.50,1.50
2013.01.02 13:00:44.055,1.04918,1.04933,2.25,1.65
2013.01.02 13:00:47.787,1.04918,1.04932,2.63,1.65
2013.01.02 13:00:48.886,1.04919,1.04932,1.73,1.50
2013.01.02 13:00:49.189,1.04923,1.04935,1.28,1.73
2013.01.02 13:00:49.388,1.04923,1.04935,1.28,1.73
2013.01.02 13:00:50.085,1.04924,1.04938,1.35,2.03
2013.01.02 13:00:50.205,1.04924,1.04938,1.35,1.35
2013.01.02 13:00:50.525,1.04923,1.04936,1.50,2.25
2013.01.02 13:00:51.065,1.04923,1.04937,1.13,1.28
2013.01.02 13:00:51.615,1.04924,1.04936,1.35,1.13
2013.01.02 13:00:52.255,1.04923,1.04936,1.13,1.13
2013.01.02 13:00:52.376,1.04923,1.04936,1.13,1.13
2013.01.02 13:00:54.586,1.04923,1.04934,1.13,1.13
2013.01.02 13:00:54.826,1.04925,1.04937,2.10,2.85
2013.01.02 13:00:55.365,1.04925,1.04937,1.35,2.40
2013.01.02 13:00:57.896,1.04926,1.04939,2.25,1.35
2013.01.02 13:00:58.445,1.04926,1.04939,1.88,1.35
2013.01.02 13:00:59.235,1.04926,1.04939,1.88,1.35
2013.01.02 13:01:00.455,1.04926,1.04939,1.88,2.10
2013.01.02 13:01:01.665,1.04924,1.04939,1.35,2.10
2013.01.02 13:01:02.128,1.04923,1.04935,1.13,2.25
2013.01.02 13:01:02.455,1.04923,1.04934,1.13,1.13
2013.01.02 13:01:02.976,1.04923,1.04934,1.13,1.13
2013.01.02 13:01:05.105,1.04923,1.04935,1.13,2.63
2013.01.02 13:01:09.497,1.04923,1.04935,1.13,2.63
2013.01.02 13:01:11.626,1.04923,1.04935,1.88,2.25
2013.01.02 13:01:11.749,1.04925,1.04937,1.73,2.25
2013.01.02 13:01:11.816,1.04926,1.04939,1.50,1.73
2013.01.02 13:01:11.995,1.04925,1.04939,1.35,1.88
2013.01.02 13:01:12.055,1.04924,1.04939,2.10,2.10
2013.01.02 13:01:12.596,1.04923,1.04938,2.25,2.40
2013.01.02 13:01:18.716,1.04925,1.04939,1.35,2.85
2013.01.02 13:01:19.315,1.04924,1.04939,1.35,2.85
2013.01.02 13:01:19.614,1.04927,1.04939,1.20,2.48
2013.01.02 13:01:19.735,1.04928,1.0494,1.88,2.48
2013.01.02 13:01:20.156,1.04931,1.04942,1.13,1.50
2013.01.02 13:01:20.484,1.04931,1.04941,1.35,1.50
2013.01.02 13:01:20.785,1.04933,1.04946,1.13,1.13
2013.01.02 13:01:25.906,1.0493,1.04944,1.73,1.50
2013.01.02 13:01:26.085,1.0493,1.04944,1.50,1.88
2013.01.02 13:01:27.665,1.0493,1.04944,1.88,3.00
2013.01.02 13:01:28.201,1.04933,1.04945,1.13,1.13
2013.01.02 13:01:33.964,1.04932,1.04945,1.13,1.13
2013.01.02 13:01:37.975,1.04932,1.04945,1.13,1.13
2013.01.02 13:01:39.905,1.04932,1.04947,1.50,1.65
2013.01.02 13:01:39.965,1.04937,1.04948,1.13,3.30
2013.01.02 13:01:40.205,1.04938,1.0495,1.65,2.48
2013.01.02 13:01:40.565,1.04938,1.04953,1.88,2.63
2013.01.02 13:01:41.075,1.0494,1.04953,1.50,1.88
2013.01.02 13:01:41.156,1.0494,1.04953,1.50,1.88
2013.01.02 13:01:41.665,1.0494,1.04953,1.13,1.88
2013.01.02 13:01:44.484,1.0494,1.04953,1.13,1.88
2013.01.02 13:01:45.015,1.04941,1.04953,1.13,1.88
2013.01.02 13:01:47.207,1.04939,1.04951,1.88,1.65
2013.01.02 13:01:47.386,1.04939,1.04951,1.13,1.28
2013.01.02 13:01:48.106,1.04939,1.04952,1.13,2.48
2013.01.02 13:01:51.426,1.04939,1.04952,1.50,1.65
2013.01.02 13:01:52.011,1.04939,1.04953,1.88,2.63
2013.01.02 13:01:52.315,1.04939,1.04953,3.38,2.63
2013.01.02 13:01:56.274,1.04939,1.04953,3.38,2.63
2013.01.02 13:01:57.236,1.04939,1.04952,3.00,1.65
2013.01.02 13:02:02.465,1.04939,1.04952,3.00,1.65
2013.01.02 13:02:04.724,1.04939,1.04953,3.00,1.88
2013.01.02 13:02:05.868,1.04939,1.04953,3.38,1.88
2013.01.02 13:02:06.595,1.04939,1.04953,3.00,1.88
2013.01.02 13:02:08.886,1.04939,1.04953,3.38,2.63
2013.01.02 13:02:09.945,1.04939,1.04953,3.38,2.63
2013.01.02 13:02:10.605,1.04941,1.04953,1.13,2.63
2013.01.02 13:02:10.785,1.04942,1.04953,1.13,1.50
2013.01.02 13:02:11.804,1.04944,1.04953,1.13,1.50
2013.01.02 13:02:16.236,1.04944,1.04955,1.50,1.50
2013.01.02 13:02:16.476,1.04945,1.04956,1.50,1.65
2013.01.02 13:02:17.195,1.04944,1.04956,1.13,1.65
2013.01.02 13:02:17.736,1.04944,1.04956,1.13,1.65
2013.01.02 13:02:18.255,1.04944,1.04956,1.13,1.65
2013.01.02 13:02:19.262,1.04945,1.04956,1.88,1.65
2013.01.02 13:02:19.328,1.04945,1.04956,1.88,1.65
2013.01.02 13:02:19.388,1.04945,1.04956,1.13,1.65
2013.01.02 13:02:19.448,1.04945,1.04956,1.13,1.65
2013.01.02 13:02:19.926,1.04945,1.04956,1.65,1.13
2013.01.02 13:02:19.985,1.04945,1.04956,1.65,1.13
2013.01.02 13:02:20.585,1.04948,1.04959,1.13,1.50
2013.01.02 13:02:20.905,1.04946,1.04958,1.73,1.50
2013.01.02 13:02:21.206,1.04943,1.04956,1.13,1.95
2013.01.02 13:02:22.666,1.04943,1.04955,1.13,1.20
2013.01.02 13:02:23.769,1.04943,1.04954,1.13,1.58
2013.01.02 13:02:24.380,1.04943,1.04954,1.13,1.58
2013.01.02 13:02:31.415,1.04943,1.04954,1.13,1.95
2013.01.02 13:02:37.417,1.04945,1.04958,1.50,3.23
2013.01.02 13:02:37.837,1.04946,1.04958,1.13,1.65
2013.01.02 13:02:38.526,1.04944,1.04958,2.10,1.65
2013.01.02 13:02:39.255,1.04944,1.04958,1.73,1.65
2013.01.02 13:02:39.376,1.04945,1.04958,1.13,1.65
2013.01.02 13:02:39.916,1.04946,1.04958,1.50,1.65
2013.01.02 13:02:40.456,1.04949,1.04959,1.13,1.50
2013.01.02 13:02:44.025,1.04949,1.04961,1.13,1.73
2013.01.02 13:02:47.105,1.04949,1.04962,1.88,2.03
2013.01.02 13:02:47.165,1.0495,1.04962,1.13,1.88
2013.01.02 13:02:47.706,1.04953,1.04962,1.88,1.50
2013.01.02 13:02:48.441,1.04954,1.04964,1.50,1.50
2013.01.02 13:02:48.648,1.04961,1.04971,1.35,1.58
2013.01.02 13:02:49.186,1.04963,1.04976,1.13,2.63
2013.01.02 13:02:49.707,1.04963,1.04976,1.13,2.63
2013.01.02 13:02:51.606,1.04961,1.04973,1.50,4.58
2013.01.02 13:02:51.666,1.04958,1.04968,1.50,1.13
2013.01.02 13:02:52.387,1.04959,1.04971,1.50,1.35
2013.01.02 13:02:52.446,1.04959,1.04972,1.88,5.03
2013.01.02 13:02:56.905,1.04959,1.04973,1.88,3.75
2013.01.02 13:02:57.468,1.0496,1.04973,1.50,3.75
2013.01.02 13:02:57.826,1.0496,1.04973,3.00,2.63
2013.01.02 13:02:58.131,1.04964,1.04976,1.13,2.85
2013.01.02 13:02:58.615,1.04964,1.04977,1.13,1.65
2013.01.02 13:02:59.155,1.04966,1.04979,1.13,2.63
2013.01.02 13:03:00.766,1.04965,1.04979,1.88,2.63
2013.01.02 13:03:01.328,1.04963,1.04976,1.13,2.63
2013.01.02 13:03:01.697,1.04963,1.04974,1.13,1.13
2013.01.02 13:03:02.245,1.04963,1.04975,1.13,2.03
2013.01.02 13:03:03.064,1.04963,1.04975,1.88,1.28
2013.01.02 13:03:03.615,1.04958,1.04972,2.98,1.28
2013.01.02 13:03:04.155,1.04959,1.04973,1.65,1.50
2013.01.02 13:03:04.699,1.04959,1.04973,1.65,3.75
2013.01.02 13:03:04.827,1.04961,1.04973,1.13,1.95
2013.01.02 13:03:04.887,1.04962,1.04974,1.13,1.13
2013.01.02 13:03:05.426,1.04962,1.04974,1.13,1.20
2013.01.02 13:03:05.725,1.04961,1.04973,3.23,1.13
2013.01.02 13:03:06.206,1.04963,1.04974,1.65,1.35
2013.01.02 13:03:06.446,1.0496,1.04973,2.48,1.13
2013.01.02 13:03:06.507,1.0496,1.04973,2.25,1.50
2013.01.02 13:03:07.207,1.04962,1.04974,1.88,1.05
2013.01.02 13:03:07.747,1.04962,1.04975,1.65,2.93
2013.01.02 13:03:08.295,1.04963,1.04974,1.13,1.13
2013.01.02 13:03:10.255,1.04961,1.04972,2.48,1.28
2013.01.02 13:03:10.815,1.04961,1.04972,1.50,1.50
2013.01.02 13:03:12.126,1.04961,1.04971,1.50,1.35
2013.01.02 13:03:12.427,1.04959,1.04967,1.65,1.13
2013.01.02 13:03:12.731,1.04956,1.04964,1.13,1.13
2013.01.02 13:03:13.035,1.04949,1.04961,3.90,1.13
2013.01.02 13:03:13.276,1.0495,1.04961,1.13,1.13
2013.01.02 13:03:20.575,1.04948,1.0496,2.40,1.20
2013.01.02 13:03:20.877,1.04946,1.04953,1.13,1.35
2013.01.02 13:03:20.996,1.04946,1.04954,1.88,1.13
2013.01.02 13:03:21.116,1.04947,1.04961,2.40,7.13
2013.01.02 13:03:21.176,1.04947,1.04957,2.40,1.50
2013.01.02 13:03:21.536,1.04948,1.04958,1.28,1.50
2013.01.02 13:03:21.656,1.04953,1.04959,3.90,1.50
2013.01.02 13:03:21.837,1.04954,1.04966,1.50,1.73
2013.01.02 13:03:21.896,1.04953,1.04965,7.13,1.50
2013.01.02 13:03:21.956,1.04953,1.04963,4.73,1.88
2013.01.02 13:03:22.075,1.04951,1.04961,3.75,1.13
2013.01.02 13:03:22.137,1.0495,1.04962,1.20,2.10
2013.01.02 13:03:22.496,1.04952,1.04964,1.13,1.35
2013.01.02 13:03:23.207,1.04948,1.04962,3.90,1.13
2013.01.02 13:03:23.715,1.0495,1.04964,1.73,2.25
2013.01.02 13:03:24.457,1.04952,1.04965,1.13,1.20
2013.01.02 13:03:28.157,1.04954,1.04966,1.65,1.88
2013.01.02 13:03:29.198,1.04955,1.04969,3.38,2.18
2013.01.02 13:03:29.376,1.04957,1.04969,1.50,2.18
2013.01.02 13:03:29.736,1.04959,1.04971,2.25,1.73
2013.01.02 13:03:30.256,1.04959,1.04972,1.50,1.13
2013.01.02 13:03:31.620,1.04959,1.04972,1.88,1.88
2013.01.02 13:03:36.271,1.04957,1.04968,1.88,4.13
2013.01.02 13:03:36.846,1.04955,1.04966,1.88,1.13
2013.01.02 13:03:39.405,1.04957,1.04968,1.13,4.73
2013.01.02 13:03:39.947,1.04958,1.04967,1.50,1.13
2013.01.02 13:03:40.367,1.04958,1.0497,1.65,3.60
2013.01.02 13:03:40.942,1.04957,1.0497,2.03,1.73
2013.01.02 13:03:41.546,1.04958,1.0497,1.28,1.35
2013.01.02 13:03:42.216,1.04957,1.04971,2.78,1.73
2013.01.02 13:03:42.716,1.04959,1.04971,1.13,2.10
2013.01.02 13:03:43.637,1.04957,1.04972,2.78,3.00
2013.01.02 13:03:44.206,1.04958,1.04972,2.03,2.63
2013.01.02 13:03:44.567,1.04961,1.04974,2.85,1.50
2013.01.02 13:03:44.625,1.04963,1.04975,1.28,2.48
2013.01.02 13:03:47.395,1.04963,1.04976,2.03,1.73
2013.01.02 13:03:47.935,1.04963,1.04975,2.03,1.73
2013.01.02 13:03:49.088,1.04963,1.04975,1.65,1.73
2013.01.02 13:03:49.715,1.04963,1.04975,1.65,1.73
2013.01.02 13:03:51.616,1.04965,1.04975,1.13,1.73
2013.01.02 13:03:52.295,1.04967,1.0498,1.65,1.88
2013.01.02 13:03:52.926,1.04967,1.04979,1.65,1.88
2013.01.02 13:03:56.236,1.04968,1.0498,1.65,3.75
2013.01.02 13:03:59.776,1.04968,1.04979,1.65,1.88
2013.01.02 13:04:00.325,1.04968,1.04978,1.65,1.88
2013.01.02 13:04:06.806,1.04968,1.04978,1.65,1.88
2013.01.02 13:04:08.415,1.04968,1.04977,1.65,4.50
2013.01.02 13:04:08.476,1.04965,1.04975,1.35,1.65
2013.01.02 13:04:08.596,1.04963,1.04975,1.50,2.25
2013.01.02 13:04:08.835,1.04966,1.04976,1.13,2.25
2013.01.02 13:04:08.895,1.04965,1.04976,1.35,2.40
2013.01.02 13:04:09.445,1.04963,1.04976,2.03,1.88
2013.01.02 13:04:10.415,1.04964,1.04976,1.28,1.88
2013.01.02 13:04:12.396,1.04963,1.04975,2.03,1.50
2013.01.02 13:04:12.515,1.04961,1.04975,3.53,2.63
2013.01.02 13:04:12.576,1.04961,1.04975,3.53,3.60
2013.01.02 13:04:19.705,1.04961,1.04974,1.50,1.73
2013.01.02 13:04:22.526,1.04962,1.04974,1.50,1.73
2013.01.02 13:04:26.886,1.04961,1.04974,1.91,1.73
2013.01.02 13:04:26.946,1.04962,1.04974,1.13,1.73
2013.01.02 13:04:27.068,1.04962,1.04973,1.13,1.13
2013.01.02 13:04:27.306,1.04962,1.04971,1.13,1.73
2013.01.02 13:04:27.665,1.04957,1.0497,1.50,1.13
2013.01.02 13:04:27.966,1.04956,1.04968,1.50,1.88
2013.01.02 13:04:28.328,1.04958,1.0497,1.28,1.50
2013.01.02 13:04:28.447,1.04958,1.0497,1.65,1.50
2013.01.02 13:04:28.685,1.04961,1.04972,1.13,2.63
2013.01.02 13:04:29.216,1.04961,1.04973,1.13,1.73
2013.01.02 13:04:30.957,1.04963,1.04975,1.28,1.73
2013.01.02 13:04:31.195,1.04964,1.04977,1.28,1.13
2013.01.02 13:04:31.976,1.04964,1.04978,1.28,1.35
2013.01.02 13:04:33.856,1.04964,1.04976,1.28,1.13
2013.01.02 13:04:33.916,1.04965,1.04976,1.50,1.13
2013.01.02 13:04:34.459,1.04964,1.04975,1.73,1.13
2013.01.02 13:04:34.886,1.04964,1.04975,1.50,1.35
2013.01.02 13:04:34.950,1.0496,1.04975,3.53,1.35
2013.01.02 13:04:35.495,1.0496,1.04972,1.50,1.13
2013.01.02 13:04:36.277,1.04958,1.04971,1.65,1.35
2013.01.02 13:04:36.807,1.04959,1.04972,3.38,1.88
2013.01.02 13:04:37.166,1.0496,1.04974,3.53,1.73
2013.01.02 13:04:39.166,1.04961,1.04971,1.65,1.13
2013.01.02 13:04:39.646,1.04958,1.04971,1.65,1.13
2013.01.02 13:04:41.816,1.04958,1.04969,1.65,2.63
2013.01.02 13:04:42.144,1.04956,1.04961,1.50,1.13
2013.01.02 13:04:42.446,1.0495,1.04958,1.13,5.26
2013.01.02 13:04:42.626,1.04945,1.04955,1.50,1.73
2013.01.02 13:04:42.985,1.04944,1.04957,1.13,1.65
2013.01.02 13:04:43.146,1.04944,1.04957,1.13,1.88
2013.01.02 13:04:44.337,1.04944,1.04957,1.13,1.13
2013.01.02 13:04:44.396,1.04945,1.04957,1.50,1.13
2013.01.02 13:04:44.636,1.04947,1.0496,1.65,2.10
2013.01.02 13:04:45.175,1.04948,1.04961,1.13,1.88
2013.01.02 13:04:45.715,1.04948,1.04961,1.13,1.50
2013.01.02 13:04:46.425,1.04948,1.04962,1.88,1.65
2013.01.02 13:04:47.031,1.0495,1.04962,1.13,1.65
2013.01.02 13:04:47.111,1.04951,1.04963,1.50,2.25
2013.01.02 13:04:47.426,1.04953,1.04967,3.75,5.40
2013.01.02 13:04:48.097,1.04954,1.04967,1.13,1.65
2013.01.02 13:04:49.625,1.04953,1.04968,3.75,1.65
2013.01.02 13:04:50.686,1.04953,1.04968,1.50,1.65
2013.01.02 13:04:51.436,1.04959,1.04968,2.25,1.65
2013.01.02 13:04:51.736,1.0496,1.04969,1.13,1.50
2013.01.02 13:04:52.036,1.0496,1.04972,1.13,7.50
2013.01.02 13:04:52.487,1.0496,1.0497,1.88,1.50
2013.01.02 13:04:53.026,1.04958,1.04969,1.13,1.13
2013.01.02 13:04:53.646,1.04957,1.04969,2.48,4.88
2013.01.02 13:04:53.947,1.04955,1.04964,1.50,3.75
2013.01.02 13:04:54.077,1.04954,1.04964,1.50,3.75
2013.01.02 13:04:54.436,1.04956,1.04967,1.13,2.55
2013.01.02 13:04:54.616,1.04957,1.04969,1.50,1.50
2013.01.02 13:04:55.316,1.04958,1.04969,1.88,1.50
2013.01.02 13:04:55.855,1.04958,1.04969,1.13,1.13
2013.01.02 13:04:56.277,1.0496,1.04969,1.65,1.13
2013.01.02 13:04:56.336,1.04959,1.04969,2.40,1.88
2013.01.02 13:04:56.736,1.04959,1.04969,1.50,6.00
2013.01.02 13:04:57.296,1.04955,1.04968,1.50,2.25
2013.01.02 13:04:57.596,1.04955,1.04967,1.50,1.13
2013.01.02 13:04:58.105,1.04954,1.04966,1.88,1.13
2013.01.02 13:04:58.656,1.04956,1.04968,1.50,2.48
2013.01.02 13:05:00.055,1.04956,1.04967,1.50,1.35
2013.01.02 13:05:01.166,1.04959,1.04967,1.65,1.13
2013.01.02 13:05:01.345,1.04956,1.04967,3.00,1.88
2013.01.02 13:05:01.405,1.04956,1.04967,3.15,1.50
2013.01.02 13:05:01.466,1.04957,1.04969,1.65,1.50
2013.01.02 13:05:01.826,1.04956,1.04967,1.50,1.65
2013.01.02 13:05:02.647,1.04955,1.04967,1.50,2.40
2013.01.02 13:05:02.909,1.04955,1.04967,2.25,1.65
2013.01.02 13:05:03.037,1.04955,1.04968,1.50,1.88
2013.01.02 13:05:03.097,1.04956,1.04968,1.65,1.88
2013.01.02 13:05:03.346,1.04956,1.04968,2.78,1.13
2013.01.02 13:05:03.467,1.04958,1.04968,3.00,1.13
2013.01.02 13:05:03.885,1.04961,1.04972,1.13,1.65
2013.01.02 13:05:04.425,1.0496,1.04974,5.03,4.73
2013.01.02 13:05:07.056,1.04961,1.04974,1.50,4.73
2013.01.02 13:05:07.567,1.04961,1.04972,1.50,1.50
2013.01.02 13:05:07.896,1.04963,1.04973,1.50,1.65
2013.01.02 13:05:08.436,1.04963,1.04975,2.10,1.13
2013.01.02 13:05:08.975,1.04964,1.04975,1.88,1.13
2013.01.02 13:05:11.597,1.04965,1.04975,1.50,1.13
2013.01.02 13:05:13.315,1.04965,1.04975,1.50,1.13
2013.01.02 13:05:13.676,1.04965,1.04975,1.50,1.13
2013.01.02 13:05:16.477,1.04964,1.04975,1.50,2.07
2013.01.02 13:05:16.536,1.04963,1.04973,1.73,1.13
2013.01.02 13:05:16.715,1.04959,1.04967,1.73,1.13
2013.01.02 13:05:17.595,1.04954,1.04967,1.88,1.50
2013.01.02 13:05:20.017,1.04954,1.04967,1.50,1.13
2013.01.02 13:05:23.447,1.04954,1.04966,1.50,1.28
2013.01.02 13:05:23.508,1.04954,1.04966,1.50,1.28
2013.01.02 13:05:25.617,1.04953,1.0496,1.13,1.88
2013.01.02 13:05:25.976,1.0495,1.04958,1.50,1.13
2013.01.02 13:05:26.335,1.04943,1.04958,2.70,1.50
2013.01.02 13:05:26.636,1.04944,1.04957,1.73,1.65
2013.01.02 13:05:29.026,1.04944,1.04957,1.73,2.03
2013.01.02 13:05:30.959,1.04943,1.04957,3.23,2.03
2013.01.02 13:05:31.026,1.04943,1.04954,1.73,1.50
2013.01.02 13:05:31.385,1.04937,1.04947,1.50,1.13
2013.01.02 13:05:32.228,1.04939,1.0495,1.50,1.13
2013.01.02 13:05:32.356,1.04941,1.04949,1.13,1.13
2013.01.02 13:05:32.896,1.04938,1.0495,1.73,1.13
2013.01.02 13:05:33.157,1.04938,1.0495,1.73,1.13
2013.01.02 13:05:34.127,1.04938,1.0495,1.73,1.13
2013.01.02 13:05:36.216,1.04937,1.04951,1.50,2.78
2013.01.02 13:05:37.373,1.04937,1.04951,1.88,2.03
2013.01.02 13:05:38.966,1.04937,1.04948,1.13,1.50
2013.01.02 13:05:39.477,1.04937,1.04948,1.13,1.50
2013.01.02 13:05:39.977,1.04935,1.04945,2.10,1.50
2013.01.02 13:05:40.155,1.04933,1.04945,2.22,2.25
2013.01.02 13:05:42.499,1.04933,1.04945,1.50,1.50
2013.01.02 13:05:45.596,1.04932,1.04945,1.50,1.50
2013.01.02 13:05:45.956,1.04939,1.04948,1.73,1.13
2013.01.02 13:05:46.486,1.04936,1.04948,1.50,2.25
2013.01.02 13:05:46.767,1.04936,1.04948,1.50,2.25
2013.01.02 13:05:50.105,1.04936,1.04947,1.50,1.28
2013.01.02 13:05:51.866,1.04936,1.04949,1.50,1.35
2013.01.02 13:06:02.755,1.04935,1.04948,1.73,1.50
2013.01.02 13:06:04.986,1.04934,1.04946,1.88,1.28
2013.01.02 13:06:05.346,1.04934,1.04944,1.13,1.13
2013.01.02 13:06:05.526,1.04932,1.04944,1.50,1.50
2013.01.02 13:06:05.765,1.0493,1.04941,1.50,1.13
2013.01.02 13:06:07.015,1.04928,1.0494,1.88,1.13
2013.01.02 13:06:16.985,1.04929,1.04941,1.73,1.88
2013.01.02 13:06:20.415,1.04929,1.04939,1.73,1.50
2013.01.02 13:06:20.537,1.04927,1.04939,1.73,1.13
2013.01.02 13:06:20.928,1.04927,1.04938,2.25,1.13
2013.01.02 13:06:22.839,1.04925,1.04939,1.50,1.13
2013.01.02 13:06:25.218,1.04925,1.04936,1.50,4.13
2013.01.02 13:06:25.397,1.04925,1.04937,1.50,3.00
2013.01.02 13:06:25.516,1.04925,1.04937,1.73,2.78
2013.01.02 13:06:25.577,1.04925,1.04938,1.73,2.03
2013.01.02 13:06:26.268,1.04926,1.04939,1.50,2.10
2013.01.02 13:06:27.936,1.04926,1.04937,1.65,3.90
2013.01.02 13:06:27.996,1.04926,1.04936,1.65,1.13
2013.01.02 13:06:28.297,1.04925,1.04935,1.65,1.35
2013.01.02 13:06:28.836,1.04921,1.04931,1.50,1.13
2013.01.02 13:06:29.166,1.04921,1.04926,1.50,2.63
2013.01.02 13:06:29.641,1.04915,1.04926,1.50,2.63
2013.01.02 13:06:29.713,1.04914,1.04926,1.50,3.38
2013.01.02 13:06:29.778,1.04913,1.04925,2.25,1.73
2013.01.02 13:06:30.197,1.04915,1.04924,1.50,1.35
2013.01.02 13:06:30.316,1.04915,1.04925,1.50,3.98
2013.01.02 13:06:30.907,1.04915,1.04926,2.85,3.90
2013.01.02 13:06:31.027,1.04915,1.04928,2.85,1.13
2013.01.02 13:06:32.857,1.04916,1.04928,1.50,1.13
2013.01.02 13:06:32.917,1.04917,1.04928,1.50,1.13
2013.01.02 13:06:32.979,1.04917,1.04929,1.88,1.73
2013.01.02 13:06:33.348,1.04919,1.0493,1.88,1.13
2013.01.02 13:06:34.348,1.04919,1.04933,2.63,1.50
2013.01.02 13:06:34.886,1.04919,1.04932,1.88,1.28
2013.01.02 13:06:35.437,1.04919,1.04931,1.88,2.03
2013.01.02 13:06:35.988,1.04919,1.0493,1.88,1.88
2013.01.02 13:06:46.356,1.04919,1.04931,1.88,1.28
2013.01.02 13:06:47.286,1.04919,1.04933,1.88,4.13
2013.01.02 13:06:51.735,1.04919,1.04931,1.88,2.78
2013.01.02 13:06:54.176,1.04917,1.0493,1.73,2.25
2013.01.02 13:06:54.702,1.04915,1.0493,1.73,3.60
2013.01.02 13:06:56.776,1.04915,1.04929,1.73,1.35
2013.01.02 13:07:00.156,1.04915,1.04929,1.73,2.10
2013.01.02 13:07:01.427,1.04915,1.0493,1.73,2.10
2013.01.02 13:07:05.446,1.04915,1.04929,2.10,3.60
2013.01.02 13:07:07.096,1.04915,1.04929,1.73,2.85
2013.01.02 13:07:07.216,1.04919,1.04931,1.50,2.63
2013.01.02 13:07:09.846,1.04919,1.04931,1.73,2.03
2013.01.02 13:07:13.396,1.0492,1.04931,1.73,1.50
2013.01.02 13:07:14.276,1.04915,1.0493,1.50,1.35
2013.01.02 13:07:27.595,1.04915,1.04931,1.50,3.60
2013.01.02 13:07:27.656,1.04915,1.04931,1.88,3.38
2013.01.02 13:08:09.060,1.0492,1.0493,1.50,1.65
2013.01.02 13:08:23.496,1.04918,1.0493,1.73,1.88
2013.01.02 13:08:25.765,1.04918,1.0493,1.73,1.88
2013.01.02 13:08:27.095,1.04918,1.0493,1.73,2.25
2013.01.02 13:08:27.635,1.04915,1.04927,1.28,1.88
2013.01.02 13:08:27.695,1.04915,1.04927,1.28,1.65
2013.01.02 13:08:31.147,1.04916,1.04928,1.65,1.13
2013.01.02 13:08:35.486,1.04916,1.04928,1.50,1.13
2013.01.02 13:08:45.956,1.04916,1.04929,1.50,1.13
2013.01.02 13:08:50.386,1.04916,1.04928,1.50,1.13
2013.01.02 13:08:51.118,1.04916,1.04928,1.50,1.13
2013.01.02 13:09:08.027,1.04916,1.04928,1.50,1.13
2013.01.02 13:09:08.711,1.04916,1.0493,1.88,1.88
2013.01.02 13:09:08.780,1.0492,1.0493,1.50,1.13
2013.01.02 13:09:09.086,1.04917,1.04929,1.50,1.35
2013.01.02 13:09:09.885,1.04915,1.04929,2.25,1.35
2013.01.02 13:09:10.861,1.04915,1.04929,2.25,1.35
2013.01.02 13:09:14.660,1.04916,1.0493,1.13,2.10
2013.01.02 13:09:14.847,1.04918,1.0493,1.13,1.50
2013.01.02 13:09:14.967,1.04919,1.04931,1.50,1.88
2013.01.02 13:09:15.479,1.04919,1.0493,1.50,1.50
2013.01.02 13:09:16.586,1.0492,1.04933,1.50,2.03
2013.01.02 13:09:16.707,1.04923,1.04933,1.65,1.13
2013.01.02 13:09:16.827,1.04924,1.04938,1.50,1.13
2013.01.02 13:09:17.016,1.04924,1.04938,1.50,1.13
2013.01.02 13:09:21.906,1.04925,1.04936,1.50,1.28
2013.01.02 13:09:22.268,1.04923,1.04934,1.73,1.13
2013.01.02 13:09:22.627,1.04922,1.04933,1.50,1.28
2013.01.02 13:09:36.748,1.04922,1.04934,2.03,1.13
2013.01.02 13:09:36.807,1.04926,1.04936,1.50,3.00
2013.01.02 13:09:37.046,1.04926,1.04937,1.50,1.73
2013.01.02 13:09:37.227,1.04926,1.04938,1.50,1.20
2013.01.02 13:09:37.776,1.04926,1.04939,1.50,1.13
2013.01.02 13:09:38.326,1.04926,1.04939,1.50,1.13
2013.01.02 13:09:39.417,1.04928,1.04941,2.40,3.15
2013.01.02 13:09:39.777,1.0493,1.04942,1.73,1.28
2013.01.02 13:09:40.431,1.0493,1.04943,2.48,1.88
2013.01.02 13:09:40.906,1.04935,1.04943,1.13,1.88
2013.01.02 13:09:41.267,1.04935,1.04944,2.25,1.13
2013.01.02 13:09:41.566,1.04934,1.04946,1.73,1.28
2013.01.02 13:09:42.086,1.04934,1.04946,1.73,1.28
2013.01.02 13:09:43.056,1.04933,1.04947,3.38,2.33
2013.01.02 13:09:43.117,1.04936,1.04949,1.50,1.35
2013.01.02 13:09:44.606,1.04936,1.04949,1.88,1.13
2013.01.02 13:09:44.666,1.04936,1.04949,1.88,1.13
2013.01.02 13:09:45.250,1.04939,1.04951,1.73,1.13
2013.01.02 13:09:47.826,1.04939,1.04952,1.73,2.03
2013.01.02 13:09:58.936,1.04939,1.04952,3.00,2.03
2013.01.02 13:09:59.916,1.04939,1.04952,3.00,1.65
2013.01.02 13:10:01.316,1.04939,1.04952,3.00,2.03
2013.01.02 13:10:01.560,1.04938,1.04951,1.88,1.13
2013.01.02 13:10:01.867,1.04933,1.04945,1.58,1.50
2013.01.02 13:10:01.927,1.04933,1.04945,1.58,1.73
2013.01.02 13:10:02.467,1.04932,1.04946,3.75,1.13
2013.01.02 13:10:02.646,1.04935,1.04948,1.50,1.13
2013.01.02 13:10:03.066,1.04936,1.04949,2.25,2.10
2013.01.02 13:10:04.076,1.04936,1.0495,1.50,2.85
2013.01.02 13:10:04.197,1.04936,1.0495,1.88,1.73
2013.01.02 13:10:04.256,1.04936,1.04951,1.88,2.10
2013.01.02 13:10:04.801,1.0494,1.04951,1.50,1.13
2013.01.02 13:10:09.680,1.0494,1.04946,1.50,3.90
2013.01.02 13:10:09.867,1.04933,1.04945,1.73,2.03
2013.01.02 13:10:09.928,1.04933,1.04945,1.73,2.25
2013.01.02 13:10:09.987,1.04933,1.04945,1.50,2.48
2013.01.02 13:10:10.515,1.04933,1.04945,1.50,2.55
2013.01.02 13:10:10.906,1.04933,1.04945,1.65,2.18
2013.01.02 13:10:11.027,1.04935,1.04946,1.50,1.13
2013.01.02 13:10:11.566,1.04935,1.04949,3.00,1.35
2013.01.02 13:10:12.575,1.04935,1.04949,1.50,2.10
2013.01.02 13:10:12.636,1.04937,1.04949,1.13,1.73
2013.01.02 13:10:13.137,1.04939,1.0495,1.13,1.88
2013.01.02 13:10:14.062,1.04939,1.04946,1.13,1.13
2013.01.02 13:10:14.376,1.0493,1.04943,2.25,1.50
2013.01.02 13:10:17.831,1.04932,1.04943,1.50,1.13
2013.01.02 13:10:17.898,1.04933,1.04944,1.65,1.35
2013.01.02 13:10:18.784,1.04936,1.04949,1.50,1.28
2013.01.02 13:10:19.106,1.04937,1.0495,1.13,2.25
2013.01.02 13:10:21.296,1.04939,1.04947,1.13,1.28
2013.01.02 13:10:21.657,1.04938,1.0495,1.88,1.65
2013.01.02 13:10:22.986,1.04939,1.0495,1.73,1.13
2013.01.02 13:10:29.806,1.04939,1.04946,1.73,3.75
2013.01.02 13:10:30.109,1.04933,1.04944,4.73,1.13
2013.01.02 13:10:30.167,1.04935,1.04945,2.10,1.13
2013.01.02 13:10:30.468,1.04938,1.04948,1.13,4.50
2013.01.02 13:10:30.587,1.04938,1.0495,1.13,1.50
2013.01.02 13:10:32.597,1.04939,1.04947,1.50,3.75
2013.01.02 13:10:32.657,1.04935,1.04947,1.43,4.13
2013.01.02 13:10:32.718,1.04935,1.04945,1.43,1.13
2013.01.02 13:10:33.027,1.04933,1.04943,1.50,1.13
2013.01.02 13:10:33.086,1.04933,1.04943,1.50,1.13
2013.01.02 13:10:33.467,1.04933,1.04947,2.78,1.88
2013.01.02 13:10:33.587,1.04933,1.04948,3.08,6.15
2013.01.02 13:10:34.728,1.04935,1.04949,1.50,1.28
2013.01.02 13:10:35.266,1.04935,1.04949,1.50,1.28
2013.01.02 13:10:36.906,1.04935,1.04948,1.50,4.88
2013.01.02 13:10:36.967,1.04933,1.04945,1.73,1.50
2013.01.02 13:10:37.936,1.04929,1.04943,1.73,2.03
2013.01.02 13:10:38.477,1.04931,1.04943,1.50,1.65
2013.01.02 13:10:39.026,1.04931,1.04943,1.50,2.03
2013.01.02 13:10:39.476,1.0493,1.04941,1.50,1.13
2013.01.02 13:10:43.416,1.04932,1.04941,1.13,1.13
2013.01.02 13:10:43.657,1.04933,1.04947,1.13,1.28
2013.01.02 13:10:44.162,1.04934,1.04948,1.50,1.13
2013.01.02 13:10:45.956,1.04934,1.04945,1.35,1.50
2013.01.02 13:10:46.316,1.0493,1.04942,1.73,1.28
2013.01.02 13:10:46.756,1.0493,1.0494,1.50,1.50
2013.01.02 13:10:47.356,1.04928,1.04939,1.13,1.50
2013.01.02 13:10:47.416,1.04926,1.04938,2.85,1.13
2013.01.02 13:10:47.776,1.04924,1.04934,1.50,1.28
2013.01.02 13:10:48.387,1.04924,1.04934,1.13,1.28
2013.01.02 13:10:49.737,1.04925,1.04934,1.50,1.13
2013.01.02 13:10:49.916,1.04926,1.04938,1.88,1.13
2013.01.02 13:10:52.146,1.04926,1.0494,3.75,1.73
2013.01.02 13:10:52.266,1.04928,1.04942,3.15,3.38
2013.01.02 13:10:52.579,1.04933,1.04946,2.03,2.25
2013.01.02 13:10:52.876,1.04935,1.04947,1.13,1.65
2013.01.02 13:10:56.066,1.04937,1.04948,1.13,1.13
2013.01.02 13:10:56.246,1.04935,1.04946,1.50,1.73
2013.01.02 13:10:56.746,1.04936,1.04948,1.13,2.33
2013.01.02 13:10:56.926,1.04938,1.04948,1.13,2.48
2013.01.02 13:10:59.197,1.04935,1.04949,1.88,2.10
2013.01.02 13:11:01.585,1.04934,1.04949,2.48,2.55
2013.01.02 13:11:01.646,1.04934,1.04945,2.85,1.28
2013.01.02 13:11:01.947,1.04934,1.04946,2.40,1.13
2013.01.02 13:11:02.487,1.04938,1.04949,1.13,1.88
2013.01.02 13:11:03.187,1.04937,1.04949,1.50,1.50
2013.01.02 13:11:06.617,1.04939,1.04946,1.65,3.75
2013.01.02 13:11:06.736,1.04937,1.04944,2.48,1.13
2013.01.02 13:11:07.037,1.04939,1.04949,1.13,2.25
2013.01.02 13:11:07.217,1.04939,1.04951,1.13,3.98
2013.01.02 13:11:07.756,1.04939,1.0495,1.73,1.50
2013.01.02 13:11:08.157,1.04939,1.04949,1.73,1.13
2013.01.02 13:11:08.700,1.0494,1.0495,1.50,1.73
2013.01.02 13:11:10.700,1.0494,1.0495,1.50,1.50
2013.01.02 13:11:10.946,1.04938,1.04946,1.88,1.50
2013.01.02 13:11:11.306,1.04933,1.04945,1.69,1.50
2013.01.02 13:11:11.546,1.04933,1.04945,1.47,1.73
2013.01.02 13:11:20.256,1.04934,1.04945,1.13,1.35
2013.01.02 13:11:20.676,1.04936,1.04948,1.13,1.65
2013.01.02 13:11:21.046,1.04936,1.04949,1.13,1.35
2013.01.02 13:11:22.796,1.04936,1.04948,1.13,1.65
2013.01.02 13:11:23.647,1.04935,1.04949,1.88,1.35
2013.01.02 13:11:24.202,1.04936,1.0495,1.13,2.10
2013.01.02 13:11:24.746,1.04936,1.0495,1.13,2.85
2013.01.02 13:11:26.286,1.04935,1.04949,1.88,2.48
2013.01.02 13:11:28.377,1.04935,1.04946,1.88,1.13
2013.01.02 13:11:28.436,1.04935,1.04946,1.88,1.50
2013.01.02 13:11:28.737,1.04935,1.04946,1.13,2.70
2013.01.02 13:11:28.916,1.04935,1.04946,1.13,1.73
2013.01.02 13:11:29.096,1.04937,1.04948,1.13,6.15
2013.01.02 13:11:29.276,1.04937,1.04949,1.13,1.13
2013.01.02 13:11:29.406,1.04937,1.04949,1.13,1.13
2013.01.02 13:11:33.556,1.04937,1.04949,1.13,1.13
2013.01.02 13:11:33.676,1.04939,1.04952,1.50,3.38
2013.01.02 13:11:34.313,1.04939,1.0495,1.73,1.50
2013.01.02 13:11:35.032,1.04939,1.04949,1.73,1.50
2013.01.02 13:11:39.896,1.04939,1.04949,1.73,1.88
2013.01.02 13:11:40.137,1.04938,1.0495,1.13,2.25
2013.01.02 13:11:40.677,1.04938,1.04951,1.13,2.25
2013.01.02 13:11:41.216,1.04939,1.0495,1.50,1.50
2013.01.02 13:11:45.226,1.0494,1.0495,1.50,2.25
2013.01.02 13:11:46.017,1.0494,1.0495,1.50,2.25
2013.01.02 13:11:46.696,1.0494,1.04949,1.50,1.88
2013.01.02 13:11:46.816,1.0494,1.0495,1.50,3.00
2013.01.02 13:11:48.136,1.04939,1.0495,1.65,2.25
2013.01.02 13:11:53.287,1.04939,1.0495,1.65,1.50
2013.01.02 13:11:56.417,1.04939,1.04949,1.65,1.13
2013.01.02 13:11:56.956,1.04936,1.04949,1.50,3.38
2013.01.02 13:11:57.207,1.04936,1.04948,1.50,1.13
2013.01.02 13:11:57.746,1.04936,1.04948,1.50,1.88
2013.01.02 13:12:01.766,1.04934,1.04946,1.65,1.28
2013.01.02 13:12:03.407,1.04934,1.04946,1.65,2.78
2013.01.02 13:12:06.035,1.04934,1.04947,1.65,1.50
2013.01.02 13:12:13.855,1.04934,1.04946,1.65,1.28
2013.01.02 13:12:14.156,1.04932,1.04944,2.59,1.35
2013.01.02 13:12:15.886,1.04934,1.04944,1.50,1.35
2013.01.02 13:12:16.419,1.04934,1.04946,1.50,1.73
2013.01.02 13:12:25.322,1.04933,1.04947,1.65,1.50
2013.01.02 13:12:25.387,1.04933,1.04945,1.50,1.13
2013.01.02 13:12:25.507,1.04932,1.04945,1.88,3.00
2013.01.02 13:12:25.928,1.04932,1.04945,1.88,1.73
2013.01.02 13:12:26.488,1.04932,1.04944,1.50,2.63
2013.01.02 13:12:26.727,1.04931,1.04942,2.48,1.28
2013.01.02 13:12:26.787,1.04931,1.04942,1.73,2.03
2013.01.02 13:12:39.029,1.04927,1.04941,1.28,2.48
2013.01.02 13:12:49.377,1.04929,1.04941,1.65,1.88
2013.01.02 13:12:49.936,1.04929,1.04941,1.65,1.13
2013.01.02 13:12:51.627,1.04929,1.04941,2.40,1.13
2013.01.02 13:12:51.687,1.0493,1.04943,1.13,3.23
2013.01.02 13:12:52.237,1.04929,1.04941,1.65,1.13
2013.01.02 13:12:52.817,1.04929,1.04941,1.65,1.13
2013.01.02 13:12:56.658,1.0493,1.04941,1.50,1.13
2013.01.02 13:12:57.196,1.0493,1.04942,1.73,2.40
2013.01.02 13:12:57.677,1.0493,1.04941,1.50,1.13
2013.01.02 13:13:00.166,1.0493,1.04941,1.50,1.13
2013.01.02 13:13:05.816,1.04929,1.04941,1.65,3.00
2013.01.02 13:13:11.218,1.04925,1.04937,1.50,1.13
2013.01.02 13:13:11.727,1.04925,1.04937,1.50,1.13
2013.01.02 13:13:12.288,1.04925,1.04937,1.88,1.13
2013.01.02 13:13:14.567,1.04926,1.04938,1.13,1.13
2013.01.02 13:13:19.437,1.04926,1.04941,1.50,2.48
2013.01.02 13:13:19.636,1.04928,1.04941,1.65,1.73
2013.01.02 13:13:31.659,1.04929,1.04941,1.88,1.73
2013.01.02 13:13:32.189,1.04929,1.04942,1.88,1.13
2013.01.02 13:13:32.976,1.04929,1.04942,1.88,1.88
2013.01.02 13:13:34.876,1.04929,1.04942,1.88,1.88
2013.01.02 13:13:42.417,1.04929,1.04941,1.65,1.13
2013.01.02 13:14:05.592,1.04929,1.04941,1.13,1.73
2013.01.02 13:14:06.097,1.0493,1.04941,1.13,1.73
2013.01.02 13:14:07.790,1.04928,1.04942,2.78,3.75
2013.01.02 13:14:09.816,1.04929,1.04942,1.50,2.25
2013.01.02 13:14:11.380,1.04931,1.04942,1.50,1.13
2013.01.02 13:14:11.886,1.04932,1.04945,1.13,1.43
2013.01.02 13:14:14.267,1.04932,1.04945,1.13,1.35
2013.01.02 13:14:15.736,1.04932,1.04945,2.25,1.35
2013.01.02 13:14:19.906,1.04932,1.04945,2.25,1.35
2013.01.02 13:14:24.776,1.04934,1.04945,1.65,1.35
2013.01.02 13:14:30.998,1.04933,1.04945,1.65,1.35
2013.01.02 13:14:31.237,1.04931,1.04944,2.10,1.50
2013.01.02 13:14:31.757,1.04931,1.04942,1.88,1.13
2013.01.02 13:14:32.468,1.04933,1.04944,1.65,1.35
2013.01.02 13:14:32.527,1.04933,1.04944,1.65,1.13
2013.01.02 13:14:36.597,1.04934,1.04946,4.50,1.35
2013.01.02 13:14:36.657,1.04935,1.04946,1.50,1.35
2013.01.02 13:14:36.837,1.04939,1.04949,1.50,2.48
2013.01.02 13:14:36.897,1.04939,1.04946,1.65,1.13
2013.01.02 13:14:37.078,1.04937,1.04946,1.50,5.40
2013.01.02 13:14:37.497,1.04937,1.04949,1.50,2.25
2013.01.02 13:14:37.558,1.04936,1.04948,1.50,1.13
2013.01.02 13:14:37.677,1.04937,1.04947,1.50,1.13
2013.01.02 13:14:37.737,1.04935,1.04947,1.50,1.13
2013.01.02 13:14:38.397,1.04935,1.04947,1.50,1.13
2013.01.02 13:14:40.258,1.04935,1.04948,1.88,1.13
2013.01.02 13:14:41.778,1.04935,1.04947,1.88,1.13
2013.01.02 13:14:41.897,1.04933,1.04947,3.49,3.00
2013.01.02 13:14:42.737,1.04935,1.04947,1.50,1.13
2013.01.02 13:14:43.246,1.04935,1.04947,1.88,1.13
2013.01.02 13:14:43.392,1.04936,1.04947,1.50,1.13
2013.01.02 13:14:43.638,1.04937,1.04948,2.03,1.50
2013.01.02 13:14:43.698,1.04937,1.04948,1.13,1.65
2013.01.02 13:14:44.398,1.04935,1.04947,2.25,1.13
2013.01.02 13:14:48.116,1.04935,1.04949,2.63,2.85
2013.01.02 13:14:48.457,1.04935,1.04948,2.63,1.13
2013.01.02 13:14:49.010,1.04938,1.04949,1.65,2.25
2013.01.02 13:14:51.127,1.04936,1.04949,2.25,2.25
2013.01.02 13:14:51.248,1.04936,1.04948,1.13,1.13
2013.01.02 13:14:51.788,1.04936,1.04946,1.50,1.13
2013.01.02 13:14:52.338,1.04937,1.04948,1.13,1.35
2013.01.02 13:14:54.176,1.04938,1.04949,1.28,1.73
2013.01.02 13:14:54.237,1.04938,1.04949,1.65,1.50
2013.01.02 13:14:54.745,1.04939,1.04949,1.65,1.50
2013.01.02 13:14:55.280,1.0494,1.04949,1.50,1.50
2013.01.02 13:14:55.837,1.04937,1.04949,1.88,1.50
2013.01.02 13:14:56.399,1.04937,1.04949,1.88,1.50
2013.01.02 13:14:57.631,1.04937,1.04949,1.13,1.50
2013.01.02 13:14:58.193,1.04937,1.04948,1.13,1.73
2013.01.02 13:14:58.389,1.04936,1.04948,1.50,1.73
2013.01.02 13:14:58.457,1.04937,1.04948,1.13,1.50
2013.01.02 13:14:58.697,1.04937,1.0495,1.13,2.25
2013.01.02 13:14:59.269,1.04938,1.04949,1.50,1.13
2013.01.02 13:14:59.772,1.04936,1.04947,1.88,1.13
2013.01.02 13:15:02.188,1.04938,1.04949,1.50,2.10
2013.01.02 13:15:02.367,1.04938,1.04949,3.15,1.50
2013.01.02 13:15:02.917,1.04939,1.0495,1.65,1.50
2013.01.02 13:15:03.600,1.04939,1.0495,1.65,1.50
2013.01.02 13:15:03.994,1.04941,1.04949,1.13,1.50
2013.01.02 13:15:05.228,1.04941,1.0495,1.13,1.50
2013.01.02 13:15:13.477,1.0494,1.04951,1.13,1.88
2013.01.02 13:15:33.439,1.04939,1.04951,1.88,2.48
2013.01.02 13:15:36.658,1.04939,1.04948,1.50,3.90
2013.01.02 13:15:36.776,1.04937,1.04947,1.50,1.13
2013.01.02 13:15:37.337,1.04937,1.04947,1.50,1.13
2013.01.02 13:15:37.457,1.04937,1.04948,1.88,1.50
2013.01.02 13:15:37.758,1.04939,1.0495,1.28,1.13
2013.01.02 13:15:38.329,1.04939,1.0495,1.28,1.13
2013.01.02 13:15:51.588,1.0494,1.04951,1.88,1.88
2013.01.02 13:15:51.897,1.04942,1.04954,1.65,2.63
2013.01.02 13:15:56.677,1.04944,1.04956,1.50,1.35
2013.01.02 13:15:56.737,1.04946,1.04959,1.50,3.68
2013.01.02 13:15:56.977,1.04948,1.0496,1.65,2.25
2013.01.02 13:15:57.357,1.04948,1.04962,2.03,1.13
2013.01.02 13:15:57.697,1.0495,1.04964,1.13,3.23
2013.01.02 13:15:57.820,1.04951,1.04965,1.88,2.63
2013.01.02 13:15:58.987,1.0495,1.04964,1.73,3.00
2013.01.02 13:16:00.927,1.04951,1.04964,1.13,2.48
2013.01.02 13:16:01.486,1.04952,1.04965,1.13,1.13
2013.01.02 13:16:07.476,1.04952,1.04965,1.13,1.13
2013.01.02 13:16:07.837,1.04951,1.04965,1.35,1.88
2013.01.02 13:16:08.386,1.04951,1.04965,1.35,1.88
2013.01.02 13:16:09.668,1.04952,1.04966,1.88,2.63
2013.01.02 13:16:10.185,1.04952,1.04966,2.25,2.63
2013.01.02 13:16:12.817,1.04955,1.04966,1.13,1.88
2013.01.02 13:16:13.357,1.04955,1.04967,1.13,1.13
2013.01.02 13:16:13.957,1.04955,1.04967,1.13,1.13
2013.01.02 13:16:14.567,1.04955,1.04967,1.13,1.13
2013.01.02 13:16:15.267,1.04954,1.04967,1.28,2.33
2013.01.02 13:16:15.807,1.04953,1.04966,1.65,2.25
2013.01.02 13:16:19.508,1.04952,1.04964,1.13,1.13
2013.01.02 13:16:19.717,1.04951,1.04964,1.73,2.25
2013.01.02 13:16:20.260,1.0495,1.04962,1.50,1.13
2013.01.02 13:16:21.617,1.04951,1.04963,1.35,1.13
2013.01.02 13:16:22.457,1.0495,1.04963,2.25,1.35
2013.01.02 13:16:23.856,1.0495,1.04962,1.50,1.13
2013.01.02 13:16:23.977,1.0495,1.04963,1.88,2.10
2013.01.02 13:16:24.216,1.0495,1.04963,1.73,3.00
2013.01.02 13:16:24.747,1.0495,1.04963,1.50,3.60
2013.01.02 13:16:26.167,1.04951,1.04963,1.13,2.48
2013.01.02 13:16:26.289,1.04951,1.04963,1.35,1.13
2013.01.02 13:16:26.807,1.04951,1.04965,1.35,1.13
2013.01.02 13:16:27.798,1.04952,1.04965,1.13,1.13
2013.01.02 13:16:31.087,1.04952,1.04965,1.13,1.13
2013.01.02 13:16:31.638,1.04952,1.04965,1.13,1.13
2013.01.02 13:16:34.187,1.04952,1.04966,1.13,3.75
2013.01.02 13:16:35.598,1.04955,1.04966,1.13,2.63
2013.01.02 13:16:36.147,1.04957,1.04967,1.13,1.13
2013.01.02 13:16:36.718,1.04957,1.04966,1.13,1.13
2013.01.02 13:16:37.017,1.04955,1.04966,1.50,1.88
2013.01.02 13:16:37.137,1.04954,1.04965,1.28,1.50
2013.01.02 13:16:42.297,1.04954,1.04966,2.03,1.88
2013.01.02 13:16:42.419,1.04955,1.04967,1.13,1.13
2013.01.02 13:16:42.966,1.04957,1.04967,1.13,1.13
2013.01.02 13:16:43.888,1.04957,1.04968,1.13,1.13
2013.01.02 13:16:44.127,1.04958,1.0497,2.03,1.50
2013.01.02 13:16:44.499,1.04958,1.04971,2.03,1.65
2013.01.02 13:16:53.436,1.04961,1.0497,1.13,1.50
2013.01.02 13:17:03.427,1.04962,1.04973,1.13,1.73
2013.01.02 13:17:07.811,1.04962,1.04973,1.13,1.73
2013.01.02 13:17:12.908,1.04961,1.04973,1.65,1.73
2013.01.02 13:17:13.668,1.04961,1.04972,1.50,1.35
2013.01.02 13:17:14.207,1.04959,1.04971,1.50,1.88
2013.01.02 13:17:15.697,1.04959,1.04972,1.50,2.63
2013.01.02 13:17:18.157,1.04962,1.04972,1.13,2.48
2013.01.02 13:17:20.220,1.04959,1.04972,1.65,1.88
2013.01.02 13:17:21.226,1.04958,1.04972,1.65,1.13
2013.01.02 13:17:26.227,1.04958,1.04972,2.03,1.88
2013.01.02 13:17:31.227,1.04959,1.04972,1.65,1.13
2013.01.02 13:17:51.477,1.04959,1.04972,1.28,2.25
2013.01.02 13:17:56.027,1.04959,1.04972,1.13,1.13
2013.01.02 13:17:56.447,1.0496,1.04975,1.13,4.05
2013.01.02 13:17:56.747,1.04961,1.04975,1.88,1.50
2013.01.02 13:17:56.807,1.04965,1.04977,1.13,1.88
2013.01.02 13:17:56.987,1.04961,1.04975,3.00,1.50
2013.01.02 13:18:02.118,1.04961,1.04974,1.13,1.88
2013.01.02 13:18:02.177,1.04959,1.04973,1.50,1.13
2013.01.02 13:18:02.726,1.04958,1.04973,2.03,3.60
2013.01.02 13:18:05.836,1.04959,1.04973,2.03,1.35
2013.01.02 13:18:06.137,1.04964,1.04973,1.13,1.35
2013.01.02 13:18:06.436,1.04964,1.04977,1.13,1.88
2013.01.02 13:18:06.976,1.04964,1.04976,1.13,1.35
2013.01.02 13:18:08.277,1.04963,1.04976,1.28,2.10
2013.01.02 13:18:08.827,1.04963,1.04976,1.65,1.73
2013.01.02 13:18:08.887,1.04962,1.04975,1.65,1.35
2013.01.02 13:18:09.348,1.04962,1.04972,1.13,1.13
2013.01.02 13:18:09.469,1.0496,1.04972,1.50,1.88
2013.01.02 13:18:09.979,1.04959,1.04971,1.13,1.73
2013.01.02 13:18:22.717,1.0496,1.04974,2.63,2.10
2013.01.02 13:18:22.897,1.04962,1.04975,1.88,1.13
2013.01.02 13:18:34.858,1.04962,1.04975,1.50,1.13
2013.01.02 13:18:35.098,1.04962,1.04975,1.50,1.13
2013.01.02 13:18:38.987,1.04962,1.04975,1.28,1.13
2013.01.02 13:18:47.898,1.04961,1.04974,2.25,1.13
2013.01.02 13:18:48.137,1.04959,1.04971,5.25,1.73
2013.01.02 13:18:48.477,1.04958,1.04971,2.03,2.48
2013.01.02 13:18:56.596,1.04958,1.04971,1.28,1.73
2013.01.02 13:18:57.206,1.04958,1.04971,1.28,1.73
2013.01.02 13:18:57.896,1.04959,1.04971,1.13,1.73
2013.01.02 13:19:01.397,1.04958,1.0497,1.13,1.13
2013.01.02 13:19:01.457,1.04957,1.04969,1.88,1.13
2013.01.02 13:19:01.637,1.04954,1.04967,2.03,1.35
2013.01.02 13:19:01.758,1.04954,1.04966,2.78,1.73
2013.01.02 13:19:01.878,1.04956,1.04967,1.13,2.25
2013.01.02 13:19:02.177,1.04955,1.04968,1.35,1.73
2013.01.02 13:19:02.238,1.04954,1.04968,1.35,1.73
2013.01.02 13:19:02.297,1.04953,1.04966,2.40,1.05
2013.01.02 13:19:02.417,1.04953,1.04966,2.25,1.05
2013.01.02 13:19:02.718,1.04956,1.04969,1.50,1.50
2013.01.02 13:19:02.777,1.04956,1.04969,1.50,1.50
2013.01.02 13:19:03.316,1.04957,1.04969,1.13,1.50
2013.01.02 13:19:04.657,1.04957,1.04971,1.50,1.88
2013.01.02 13:19:05.207,1.04956,1.04969,1.13,2.63
2013.01.02 13:19:05.567,1.04957,1.04969,1.13,1.50
2013.01.02 13:19:06.168,1.04957,1.04969,1.13,1.50
2013.01.02 13:19:07.977,1.04957,1.04971,1.13,1.88
2013.01.02 13:19:13.637,1.04958,1.0497,1.50,1.13
2013.01.02 13:19:14.117,1.04958,1.0497,1.65,2.48
2013.01.02 13:19:14.237,1.04958,1.04969,1.50,1.13
2013.01.02 13:19:14.767,1.04954,1.04969,2.40,2.10
2013.01.02 13:19:15.858,1.04956,1.04968,1.13,2.10
2013.01.02 13:19:16.408,1.04958,1.04969,1.13,1.35
2013.01.02 13:19:17.307,1.04956,1.04969,1.88,2.10
2013.01.02 13:19:18.027,1.04956,1.04968,1.88,1.35
2013.01.02 13:19:22.187,1.04958,1.04969,1.13,1.35
2013.01.02 13:19:28.108,1.04957,1.0497,1.13,2.85
2013.01.02 13:19:28.770,1.04958,1.04968,1.13,1.35
2013.01.02 13:19:29.708,1.04959,1.0497,1.13,1.88
2013.01.02 13:19:30.258,1.04958,1.0497,1.28,1.50
2013.01.02 13:19:30.887,1.04958,1.04969,1.13,1.13
2013.01.02 13:19:31.294,1.04958,1.04969,1.13,1.35
2013.01.02 13:19:33.589,1.04958,1.04968,1.13,1.13
2013.01.02 13:19:37.808,1.04957,1.04967,1.50,1.13
2013.01.02 13:19:38.557,1.04956,1.04967,2.25,1.13
2013.01.02 13:19:39.589,1.04956,1.04967,1.13,1.13
2013.01.02 13:19:40.151,1.04957,1.04967,1.13,1.13
2013.01.02 13:19:43.639,1.04957,1.04968,1.13,1.13
2013.01.02 13:19:44.178,1.04958,1.04969,1.13,1.35
2013.01.02 13:19:46.041,1.0496,1.0497,1.13,1.50
2013.01.02 13:19:46.109,1.04959,1.0497,1.28,2.10
2013.01.02 13:19:46.597,1.04958,1.0497,1.28,2.85
2013.01.02 13:19:46.657,1.04958,1.04969,1.13,1.13
2013.01.02 13:19:47.198,1.04956,1.04969,1.88,2.10
2013.01.02 13:19:47.738,1.04958,1.0497,1.13,2.10
2013.01.02 13:19:53.987,1.04959,1.04971,2.63,1.73
2013.01.02 13:19:54.107,1.04961,1.04972,1.35,1.50
2013.01.02 13:19:54.647,1.04961,1.04976,1.35,2.18
2013.01.02 13:19:56.687,1.04961,1.04972,2.48,1.13
2013.01.02 13:19:57.227,1.04958,1.04969,1.50,2.10
2013.01.02 13:19:57.737,1.04956,1.04968,1.13,1.35
2013.01.02 13:19:58.067,1.04955,1.04968,1.13,1.35
2013.01.02 13:19:59.247,1.04954,1.04967,2.03,1.13
2013.01.02 13:20:00.148,1.04956,1.04967,1.13,1.13
2013.01.02 13:20:00.509,1.04963,1.04971,1.13,1.13
2013.01.02 13:20:00.631,1.04959,1.04971,1.50,2.10
2013.01.02 13:20:00.881,1.04964,1.04973,1.50,1.88
2013.01.02 13:20:01.188,1.04965,1.04973,1.50,1.50
2013.01.02 13:20:01.248,1.04964,1.04973,1.50,1.73
2013.01.02 13:20:01.790,1.04966,1.04975,1.13,1.50
2013.01.02 13:20:02.768,1.04963,1.04974,1.50,1.35
2013.01.02 13:20:03.008,1.04964,1.04974,1.13,3.23
2013.01.02 13:20:03.561,1.04963,1.04973,1.13,1.13
2013.01.02 13:20:03.928,1.04964,1.04975,1.50,1.58
2013.01.02 13:20:04.109,1.04968,1.04977,1.65,1.50
2013.01.02 13:20:04.658,1.0497,1.0498,1.13,1.05
2013.01.02 13:20:05.197,1.04969,1.0498,1.28,1.73
2013.01.02 13:20:05.700,1.04969,1.0498,1.28,1.73
2013.01.02 13:20:06.708,1.04968,1.0498,2.03,1.73
2013.01.02 13:20:07.368,1.04969,1.0498,1.28,1.73
2013.01.02 13:20:07.880,1.04968,1.0498,2.03,1.73
2013.01.02 13:20:10.678,1.04968,1.0498,2.03,1.73
2013.01.02 13:20:11.221,1.04968,1.0498,2.03,1.73
2013.01.02 13:20:11.617,1.04968,1.04979,2.03,1.13
2013.01.02 13:20:11.919,1.04964,1.04974,1.50,3.98
2013.01.02 13:20:12.038,1.04964,1.04974,2.25,3.98
2013.01.02 13:20:12.277,1.04965,1.04977,1.13,4.13
2013.01.02 13:20:12.338,1.04965,1.04977,1.13,4.13
2013.01.02 13:20:12.458,1.04965,1.04977,1.13,1.88
2013.01.02 13:20:12.998,1.04965,1.04977,1.13,1.13
2013.01.02 13:20:14.927,1.04967,1.04977,1.13,1.13
2013.01.02 13:20:15.527,1.04966,1.04978,1.13,1.13
2013.01.02 13:20:18.568,1.04967,1.04976,1.50,1.35
2013.01.02 13:20:18.928,1.04962,1.04971,1.50,1.50
2013.01.02 13:20:19.562,1.04959,1.04971,1.65,1.13
2013.01.02 13:20:24.687,1.04959,1.04971,2.03,1.50
2013.01.02 13:20:25.708,1.04959,1.0497,2.03,1.35
2013.01.02 13:20:26.977,1.04959,1.04969,1.65,1.13
2013.01.02 13:20:29.867,1.04959,1.04969,1.50,1.50
2013.01.02 13:20:30.108,1.04956,1.04969,1.50,1.73
2013.01.02 13:20:31.307,1.04956,1.04969,1.50,1.73
2013.01.02 13:20:31.547,1.0496,1.04969,1.50,1.13
2013.01.02 13:20:33.579,1.0496,1.04971,2.25,1.73
2013.01.02 13:20:33.758,1.04964,1.04976,1.32,2.48
2013.01.02 13:20:33.818,1.04965,1.04977,1.13,1.88
2013.01.02 13:20:34.597,1.04966,1.04977,1.50,1.13
2013.01.02 13:20:36.067,1.04966,1.04977,1.88,1.50
2013.01.02 13:20:38.678,1.04963,1.04977,2.22,1.73
2013.01.02 13:20:38.990,1.04966,1.04976,1.50,1.43
2013.01.02 13:20:39.877,1.04966,1.04977,1.50,1.13
2013.01.02 13:20:42.771,1.04964,1.04976,1.32,1.43
2013.01.02 13:20:43.197,1.04966,1.04977,1.50,1.50
2013.01.02 13:20:45.142,1.04966,1.04978,1.50,1.88
2013.01.02 13:20:49.917,1.04966,1.04978,1.50,1.13
2013.01.02 13:20:52.709,1.04966,1.04978,1.50,1.35
2013.01.02 13:20:56.227,1.04966,1.04977,1.50,1.35
2013.01.02 13:20:56.688,1.04966,1.04976,1.50,1.13
2013.01.02 13:21:17.468,1.04966,1.04979,1.50,2.10
2013.01.02 13:21:17.898,1.04967,1.04981,2.40,1.13
2013.01.02 13:21:18.838,1.04969,1.04982,1.50,1.35
2013.01.02 13:21:20.918,1.04969,1.04981,1.50,1.13
2013.01.02 13:21:21.157,1.04967,1.04979,1.88,1.13
2013.01.02 13:21:21.458,1.04967,1.04976,1.50,2.25
2013.01.02 13:21:21.578,1.04966,1.04978,1.88,1.50
2013.01.02 13:21:22.142,1.04967,1.04979,1.28,1.50
2013.01.02 13:21:22.267,1.04968,1.0498,1.28,1.65
2013.01.02 13:21:24.358,1.04967,1.04981,2.03,2.25
2013.01.02 13:21:36.239,1.04967,1.0498,1.65,1.28
2013.01.02 13:21:41.597,1.04967,1.04977,1.65,3.75
2013.01.02 13:21:41.718,1.04964,1.04976,2.10,2.25
2013.01.02 13:21:41.837,1.04964,1.04976,1.88,6.23
2013.01.02 13:21:42.137,1.04963,1.04976,1.88,1.13
2013.01.02 13:21:42.626,1.04963,1.04976,1.13,1.13
2013.01.02 13:21:44.252,1.04964,1.04977,1.88,1.35
2013.01.02 13:21:52.338,1.04964,1.04976,1.88,1.13
2013.01.02 13:21:52.397,1.04964,1.04976,1.88,1.13
2013.01.02 13:21:56.978,1.04964,1.04978,1.50,1.35
2013.01.02 13:21:58.863,1.04965,1.04979,1.65,3.98
2013.01.02 13:21:59.048,1.04967,1.04979,1.50,1.50
2013.01.02 13:21:59.289,1.04967,1.0498,1.88,1.88
2013.01.02 13:22:00.618,1.04967,1.04979,1.88,1.13
2013.01.02 13:22:00.738,1.04966,1.04979,2.48,1.13
2013.01.02 13:22:05.501,1.04969,1.04979,1.50,1.13
2013.01.02 13:22:06.497,1.04967,1.04978,1.50,1.35
2013.01.02 13:22:09.028,1.04967,1.04979,1.65,1.88
2013.01.02 13:22:09.088,1.04967,1.04979,2.03,1.65
2013.01.02 13:22:09.208,1.04967,1.04979,1.88,2.10
2013.01.02 13:22:09.757,1.04967,1.04978,1.50,1.35
2013.01.02 13:22:27.740,1.04965,1.04976,1.13,1.35
2013.01.02 13:22:28.267,1.04965,1.04976,1.13,1.35
2013.01.02 13:22:29.519,1.0497,1.04979,2.03,2.10
2013.01.02 13:22:29.637,1.0497,1.04979,2.78,1.88
2013.01.02 13:22:29.698,1.0497,1.04979,2.78,1.65
2013.01.02 13:22:29.819,1.0497,1.04982,3.53,1.35
2013.01.02 13:22:33.248,1.04973,1.04984,1.88,2.85
2013.01.02 13:22:33.428,1.04974,1.04985,1.88,1.73
2013.01.02 13:22:33.669,1.04976,1.04988,2.48,2.63
2013.01.02 13:22:34.219,1.04976,1.04988,2.10,1.13
2013.01.02 13:22:34.757,1.04979,1.0499,1.50,2.10
2013.01.02 13:22:34.998,1.04981,1.0499,1.13,1.35
2013.01.02 13:22:35.537,1.04982,1.04992,1.88,1.35
2013.01.02 13:22:35.957,1.04982,1.04993,1.88,1.43
2013.01.02 13:22:36.017,1.04982,1.04993,1.88,1.43
2013.01.02 13:22:38.957,1.04982,1.04993,1.13,1.43
2013.01.02 13:22:39.317,1.04982,1.04993,1.13,1.43
2013.01.02 13:22:40.287,1.04982,1.04993,1.13,1.43
2013.01.02 13:22:40.827,1.04982,1.04993,1.13,1.43
2013.01.02 13:22:41.279,1.04982,1.04993,1.13,2.18
2013.01.02 13:22:43.367,1.0498,1.04992,2.03,1.35
2013.01.02 13:22:43.607,1.04981,1.04992,1.13,1.35
2013.01.02 13:22:48.507,1.04981,1.04992,1.13,1.35
2013.01.02 13:22:49.928,1.04987,1.04993,1.50,1.13
2013.01.02 13:22:50.050,1.04982,1.04993,1.50,1.35
2013.01.02 13:22:59.557,1.04987,1.04993,1.50,1.13
2013.01.02 13:22:59.617,1.04983,1.04993,1.50,1.35
2013.01.02 13:23:02.217,1.04982,1.04991,1.50,1.35
2013.01.02 13:23:03.699,1.04981,1.04991,1.13,1.35
2013.01.02 13:23:03.877,1.0498,1.04989,2.78,1.13
2013.01.02 13:23:04.002,1.0498,1.04989,2.78,1.13
2013.01.02 13:23:04.547,1.0498,1.04992,1.50,1.73
2013.01.02 13:23:05.058,1.0498,1.04989,1.50,1.13
2013.01.02 13:23:11.538,1.04978,1.0499,1.50,2.10
2013.01.02 13:23:12.088,1.04978,1.04988,1.50,1.13
2013.01.02 13:23:16.309,1.04977,1.04988,1.50,1.13
2013.01.02 13:23:16.668,1.04975,1.04986,1.65,1.73
2013.01.02 13:23:17.517,1.04974,1.04985,1.50,1.13
2013.01.02 13:23:28.297,1.04974,1.04985,1.88,1.13
2013.01.02 13:23:31.097,1.04978,1.04985,2.25,1.13
2013.01.02 13:23:31.541,1.04977,1.04989,2.25,1.50
2013.01.02 13:23:33.107,1.04976,1.04988,2.63,1.13
2013.01.02 13:23:33.168,1.04975,1.04987,2.03,1.13
2013.01.02 13:23:33.858,1.04974,1.04986,1.88,1.13
2013.01.02 13:24:00.757,1.04973,1.04985,1.13,1.88
2013.01.02 13:24:00.840,1.04972,1.04984,2.25,1.13
2013.01.02 13:24:00.969,1.04972,1.04985,1.50,1.13
2013.01.02 13:24:01.207,1.04975,1.04985,1.13,1.13
2013.01.02 13:24:01.827,1.04974,1.04985,1.13,1.13
2013.01.02 13:24:25.928,1.04974,1.04985,1.13,1.13
2013.01.02 13:24:26.413,1.04972,1.04986,2.03,1.73
2013.01.02 13:24:26.597,1.04973,1.04986,1.28,1.73
2013.01.02 13:24:27.133,1.04973,1.04986,1.28,1.73
2013.01.02 13:24:32.129,1.04974,1.04986,1.20,1.88
2013.01.02 13:24:32.368,1.04979,1.04986,1.50,1.73
2013.01.02 13:24:33.483,1.04975,1.04986,1.88,1.88
2013.01.02 13:24:33.556,1.04975,1.04986,1.13,1.88
2013.01.02 13:24:36.815,1.04973,1.04986,2.40,1.88
2013.01.02 13:24:44.688,1.04973,1.04986,2.78,1.88
2013.01.02 13:25:02.200,1.04973,1.04986,2.70,1.88
2013.01.02 13:25:02.317,1.04973,1.04986,4.13,1.88
2013.01.02 13:25:02.889,1.04974,1.04986,1.13,1.88
2013.01.02 13:25:10.828,1.04978,1.04986,1.50,1.88
2013.01.02 13:25:11.378,1.04977,1.04988,2.25,1.35
2013.01.02 13:25:12.090,1.04977,1.04988,1.50,1.88
2013.01.02 13:25:12.432,1.04978,1.04988,1.13,1.88
2013.01.02 13:25:12.680,1.04979,1.04988,1.65,1.88
2013.01.02 13:25:12.859,1.04975,1.04988,2.33,1.88
2013.01.02 13:25:13.298,1.04974,1.04985,1.13,1.13
2013.01.02 13:25:14.959,1.04971,1.04984,3.60,1.28
2013.01.02 13:25:15.019,1.04971,1.04983,1.88,1.35
2013.01.02 13:25:15.558,1.0497,1.04983,3.15,2.10
2013.01.02 13:25:16.117,1.0497,1.04983,1.50,2.10
2013.01.02 13:25:16.509,1.04974,1.04983,1.50,2.10
2013.01.02 13:25:16.868,1.0497,1.04983,1.50,2.10
2013.01.02 13:25:17.418,1.0497,1.04983,3.15,2.10
2013.01.02 13:25:18.369,1.0497,1.04983,1.50,2.10
2013.01.02 13:25:18.877,1.0497,1.04983,3.15,2.10
2013.01.02 13:25:20.052,1.0497,1.04983,1.50,2.10
2013.01.02 13:25:20.566,1.04971,1.04982,1.13,1.35
2013.01.02 13:25:23.809,1.0497,1.04983,3.15,1.73
2013.01.02 13:25:24.928,1.0497,1.04983,1.50,1.73
2013.01.02 13:25:25.842,1.0497,1.04983,3.15,1.73
2013.01.02 13:25:26.398,1.04971,1.04983,1.28,1.73
2013.01.02 13:25:26.458,1.04972,1.04983,1.28,1.73
2013.01.02 13:25:26.602,1.04974,1.04985,1.50,1.35
2013.01.02 13:25:36.227,1.04976,1.04986,1.13,1.13
2013.01.02 13:25:36.736,1.04975,1.04986,1.13,1.13
2013.01.02 13:25:37.288,1.04975,1.04986,1.13,1.13
2013.01.02 13:25:39.158,1.04975,1.04986,1.13,1.13
2013.01.02 13:25:45.637,1.04974,1.04986,1.88,1.13
2013.01.02 13:25:45.877,1.04974,1.04986,1.50,1.13
2013.01.02 13:25:48.617,1.04974,1.04986,1.50,1.13
2013.01.02 13:26:02.697,1.04974,1.04986,1.88,1.13
2013.01.02 13:26:18.985,1.04975,1.04987,1.13,1.13
2013.01.02 13:26:19.583,1.04973,1.04987,2.63,1.13
2013.01.02 13:26:22.588,1.04973,1.04987,1.13,1.13
2013.01.02 13:26:23.400,1.04972,1.04987,2.78,1.88
2013.01.02 13:26:24.009,1.04972,1.04986,2.03,1.13
2013.01.02 13:26:24.250,1.04973,1.04986,1.50,1.13
2013.01.02 13:26:25.407,1.04973,1.04987,1.50,2.63
2013.01.02 13:26:43.204,1.04975,1.04989,1.50,2.85
2013.01.02 13:26:43.663,1.0498,1.04991,1.13,1.35
2013.01.02 13:26:43.909,1.0498,1.04991,2.25,1.35
2013.01.02 13:26:44.448,1.0498,1.04992,2.25,1.35
2013.01.02 13:26:46.260,1.04979,1.04992,3.75,1.35
2013.01.02 13:26:48.902,1.04977,1.04988,1.50,1.13
2013.01.02 13:26:49.210,1.04976,1.04988,1.73,4.88
2013.01.02 13:26:49.759,1.04974,1.04987,1.50,1.13
2013.01.02 13:26:53.560,1.04978,1.04988,1.50,3.90
2013.01.02 13:26:53.917,1.04976,1.04987,1.50,1.35
2013.01.02 13:26:54.338,1.04976,1.04987,1.50,1.35
2013.01.02 13:27:01.618,1.04976,1.04988,1.65,4.73
2013.01.02 13:27:01.739,1.04976,1.04987,1.13,1.13
2013.01.02 13:27:02.398,1.04978,1.04989,3.00,1.13
2013.01.02 13:27:02.598,1.04978,1.04989,2.25,1.13
2013.01.02 13:27:02.779,1.04978,1.04987,1.50,1.13
2013.01.02 13:27:03.018,1.04975,1.04986,1.50,1.13
2013.01.02 13:27:10.948,1.04976,1.04987,1.88,1.13
2013.01.02 13:27:11.496,1.0498,1.04989,1.50,1.35
2013.01.02 13:27:11.572,1.04981,1.04992,1.13,1.35
2013.01.02 13:27:12.178,1.04986,1.04992,1.50,1.20
2013.01.02 13:27:12.297,1.04981,1.04992,1.13,1.35
2013.01.02 13:27:18.259,1.04979,1.04992,1.50,1.50
2013.01.02 13:27:28.948,1.04982,1.04993,1.50,1.35
2013.01.02 13:27:33.587,1.04981,1.04992,2.63,1.13
2013.01.02 13:27:41.479,1.04981,1.04991,1.13,1.13
2013.01.02 13:27:44.229,1.04981,1.04991,1.50,1.50
2013.01.02 13:27:44.748,1.04981,1.04991,1.50,1.50
2013.01.02 13:27:45.119,1.04981,1.04992,1.50,1.13
2013.01.02 13:27:45.668,1.04981,1.04992,1.88,1.13
2013.01.02 13:27:50.147,1.04981,1.04993,1.50,2.18
2013.01.02 13:27:50.687,1.0498,1.04991,1.50,1.88
2013.01.02 13:27:51.238,1.0498,1.04991,1.50,1.13
2013.01.02 13:27:51.758,1.04981,1.04992,1.88,1.13
2013.01.02 13:27:52.308,1.04981,1.04993,2.63,1.35
2013.01.02 13:27:52.848,1.04982,1.04995,1.50,3.00
2013.01.02 13:27:53.388,1.04982,1.04993,1.50,1.73
2013.01.02 13:27:53.928,1.04981,1.04993,2.63,1.73
2013.01.02 13:27:54.441,1.04981,1.04993,3.38,1.73
2013.01.02 13:27:55.540,1.04977,1.04991,3.00,2.18
2013.01.02 13:27:55.658,1.04977,1.0499,1.88,2.25
2013.01.02 13:27:56.158,1.04976,1.04987,1.50,1.13
2013.01.02 13:27:56.429,1.04975,1.04987,1.50,1.13
2013.01.02 13:27:56.971,1.04974,1.04987,1.50,1.13
2013.01.02 13:27:57.857,1.04975,1.04987,1.50,1.13
2013.01.02 13:27:59.797,1.04975,1.04989,1.88,1.35
2013.01.02 13:28:00.648,1.04975,1.04987,1.88,1.13
2013.01.02 13:28:01.029,1.04975,1.04987,1.88,1.13
2013.01.02 13:28:01.389,1.04982,1.04991,1.13,3.90
2013.01.02 13:28:01.509,1.04982,1.04991,1.13,4.13
2013.01.02 13:28:05.758,1.04982,1.04992,1.13,1.13
2013.01.02 13:28:06.338,1.04982,1.04995,2.63,2.48
2013.01.02 13:28:10.008,1.04982,1.04993,1.88,1.13
2013.01.02 13:28:10.617,1.04982,1.04993,1.50,1.13
2013.01.02 13:28:11.547,1.04981,1.04993,3.38,1.13
2013.01.02 13:28:12.567,1.04982,1.04993,1.50,1.13
2013.01.02 13:28:14.797,1.04982,1.04993,1.13,1.13
2013.01.02 13:28:15.307,1.04982,1.04993,1.54,1.13
2013.01.02 13:28:16.101,1.04982,1.04993,1.13,1.13
2013.01.02 13:28:16.938,1.04982,1.04993,1.54,1.13
2013.01.02 13:28:18.629,1.04982,1.04993,1.13,1.13
2013.01.02 13:28:20.777,1.04982,1.04993,1.54,1.13
2013.01.02 13:28:21.078,1.04982,1.04991,1.17,1.28
2013.01.02 13:28:21.595,1.04978,1.04988,1.50,1.13
2013.01.02 13:28:21.955,1.04975,1.04988,2.63,1.13
2013.01.02 13:28:24.410,1.04975,1.04985,1.50,1.13
2013.01.02 13:28:24.709,1.04974,1.04985,1.50,2.10
2013.01.02 13:28:28.387,1.04974,1.04984,1.50,1.13
2013.01.02 13:28:38.877,1.04975,1.04985,1.50,2.10
2013.01.02 13:28:39.418,1.04974,1.04985,1.50,2.10
2013.01.02 13:28:39.946,1.04974,1.04984,1.50,1.13
2013.01.02 13:28:46.308,1.04974,1.04984,1.50,1.13
2013.01.02 13:28:53.279,1.04974,1.04987,1.65,1.88
2013.01.02 13:28:53.698,1.04975,1.04988,1.88,1.13
2013.01.02 13:29:00.448,1.04977,1.04988,2.25,1.13
2013.01.02 13:29:00.508,1.04977,1.0499,3.00,1.35
2013.01.02 13:29:00.689,1.04982,1.04991,1.13,1.65
2013.01.02 13:29:01.228,1.04982,1.04993,1.88,1.13
2013.01.02 13:29:03.300,1.04983,1.04994,1.50,1.88
2013.01.02 13:29:03.598,1.04984,1.04994,1.35,1.50
2013.01.02 13:29:03.908,1.04986,1.05,1.50,2.85
2013.01.02 13:29:04.218,1.04986,1.04999,1.50,2.10
2013.01.02 13:29:04.464,1.04986,1.05,1.88,3.23
2013.01.02 13:29:04.899,1.04989,1.04998,1.73,1.13
2013.01.02 13:29:05.389,1.04986,1.04998,1.50,1.13
2013.01.02 13:29:09.407,1.04985,1.04998,2.48,1.13
2013.01.02 13:29:22.868,1.04986,1.04999,1.50,2.10
2013.01.02 13:29:25.039,1.04986,1.04999,1.50,2.85
2013.01.02 13:29:25.748,1.04986,1.04999,1.50,2.10
2013.01.02 13:29:27.499,1.04986,1.04999,1.50,2.10
2013.01.02 13:29:30.709,1.04986,1.04999,1.50,1.35
2013.01.02 13:29:31.218,1.04986,1.04999,1.50,1.35
2013.01.02 13:29:38.038,1.04985,1.05,3.98,5.85
2013.01.02 13:29:38.098,1.04986,1.05,1.13,5.48
2013.01.02 13:29:38.518,1.0499,1.05002,1.50,1.28
2013.01.02 13:29:40.141,1.0499,1.05003,1.50,2.03
2013.01.02 13:29:40.270,1.04994,1.05005,1.13,1.88
2013.01.02 13:29:40.389,1.04994,1.05005,2.63,1.50
2013.01.02 13:29:40.509,1.04996,1.05009,1.13,1.13
2013.01.02 13:29:40.808,1.04995,1.05009,1.73,2.48
2013.01.02 13:29:40.928,1.04997,1.05009,1.13,1.73
2013.01.02 13:29:41.168,1.04996,1.05009,1.13,2.10
2013.01.02 13:29:42.009,1.04996,1.05009,1.50,1.35
2013.01.02 13:29:42.192,1.04996,1.0501,2.63,2.48
2013.01.02 13:29:42.701,1.04999,1.05011,1.73,1.13
2013.01.02 13:29:43.248,1.04999,1.05011,1.73,1.13
2013.01.02 13:29:44.023,1.04995,1.05009,2.63,1.13
2013.01.02 13:29:44.408,1.04995,1.05009,2.25,1.13
2013.01.02 13:29:45.847,1.04995,1.05008,2.25,1.13
2013.01.02 13:29:46.401,1.04995,1.05009,2.25,1.88
2013.01.02 13:29:47.981,1.04995,1.05008,2.25,1.13
2013.01.02 13:30:00.539,1.04995,1.05008,2.25,1.65
2013.01.02 13:30:02.929,1.04996,1.05009,1.32,1.88
2013.01.02 13:30:02.989,1.04999,1.05009,1.65,1.50
2013.01.02 13:30:03.168,1.05,1.05012,1.73,1.28
2013.01.02 13:30:03.469,1.05,1.05012,1.73,1.28
2013.01.02 13:30:03.949,1.05,1.0501,1.73,1.50
2013.01.02 13:30:04.010,1.04999,1.0501,1.73,6.38
2013.01.02 13:30:04.189,1.04996,1.05009,3.00,1.13
2013.01.02 13:30:09.264,1.04996,1.05009,1.50,1.88
2013.01.02 13:30:09.804,1.04995,1.05008,1.50,1.13
2013.01.02 13:30:13.949,1.04997,1.0501,1.65,2.85
2013.01.02 13:30:14.069,1.04998,1.05011,1.88,4.13
2013.01.02 13:30:14.729,1.05,1.05011,1.50,1.13
2013.01.02 13:30:15.459,1.05,1.05012,1.50,3.15
2013.01.02 13:30:16.009,1.05002,1.05014,1.50,3.00
2013.01.02 13:30:17.000,1.05002,1.05014,1.50,3.00
2013.01.02 13:30:18.298,1.05001,1.05014,1.50,5.63
2013.01.02 13:30:18.599,1.05003,1.05014,1.88,5.25
2013.01.02 13:30:19.139,1.05003,1.05015,4.50,1.73
2013.01.02 13:30:19.738,1.05001,1.05012,1.50,1.28
2013.01.02 13:30:20.098,1.05001,1.0501,1.50,1.13
2013.01.02 13:30:20.650,1.04999,1.0501,1.13,1.13
2013.01.02 13:30:22.278,1.04999,1.0501,1.88,1.13
2013.01.02 13:30:22.640,1.05001,1.05012,1.88,1.50
2013.01.02 13:30:22.960,1.05005,1.05015,1.50,1.35
2013.01.02 13:30:23.019,1.05005,1.0502,1.50,4.73
2013.01.02 13:30:23.559,1.05005,1.05018,2.25,1.65
2013.01.02 13:30:25.190,1.05005,1.05018,2.25,3.15
2013.01.02 13:30:25.490,1.05008,1.05019,1.65,1.50
2013.01.02 13:30:25.871,1.05005,1.05018,2.48,1.13
2013.01.02 13:30:26.469,1.05007,1.05018,1.50,1.13
2013.01.02 13:30:29.798,1.05005,1.05018,2.25,2.63
2013.01.02 13:30:32.429,1.05006,1.05018,1.88,1.50
2013.01.02 13:30:32.489,1.05008,1.05019,1.65,1.50
2013.01.02 13:30:32.969,1.05009,1.05018,1.73,1.13
2013.01.02 13:30:33.598,1.05007,1.05018,2.25,1.88
2013.01.02 13:30:37.859,1.05007,1.05017,1.50,1.65
2013.01.02 13:30:40.506,1.05011,1.05019,1.13,5.48
2013.01.02 13:30:40.573,1.05012,1.05023,2.25,1.13
2013.01.02 13:30:40.880,1.05013,1.05024,1.65,1.73
2013.01.02 13:30:40.998,1.05013,1.05027,3.53,2.63
2013.01.02 13:30:41.118,1.05014,1.05027,1.35,1.65
2013.01.02 13:30:41.659,1.05015,1.05029,2.25,1.88
2013.01.02 13:30:46.819,1.05016,1.05028,1.50,2.40
2013.01.02 13:30:46.879,1.05016,1.05029,1.50,3.38
2013.01.02 13:30:47.119,1.05019,1.05035,1.50,1.28
2013.01.02 13:30:47.182,1.05018,1.05029,1.73,1.13
2013.01.02 13:30:47.808,1.05016,1.05029,1.13,5.10
2013.01.02 13:30:50.738,1.05016,1.05029,1.13,2.85
2013.01.02 13:30:51.398,1.05015,1.05027,1.73,1.65
2013.01.02 13:30:51.759,1.05013,1.05024,2.25,1.13
2013.01.02 13:30:52.921,1.05013,1.05025,1.65,2.10
2013.01.02 13:30:53.291,1.05014,1.05027,2.63,1.95
2013.01.02 13:30:54.112,1.05016,1.05028,1.50,1.65
2013.01.02 13:30:56.299,1.05016,1.05029,2.25,5.10
2013.01.02 13:31:01.110,1.05016,1.05029,1.50,1.35
2013.01.02 13:31:02.459,1.05016,1.05029,1.50,2.85
2013.01.02 13:31:03.790,1.05016,1.05029,2.25,2.85
2013.01.02 13:31:05.749,1.05016,1.05028,2.25,1.65
2013.01.02 13:31:06.798,1.05016,1.05028,2.25,1.65
2013.01.02 13:31:07.369,1.05016,1.05027,1.50,1.65
2013.01.02 13:31:08.559,1.05016,1.05026,2.25,1.50
2013.01.02 13:31:09.450,1.05016,1.0503,3.38,1.73
2013.01.02 13:31:09.572,1.0502,1.0503,1.13,1.50
2013.01.02 13:31:09.820,1.05023,1.05035,1.65,3.30
2013.01.02 13:31:10.359,1.05025,1.05035,1.50,3.00
2013.01.02 13:31:11.329,1.05027,1.05038,3.90,1.88
2013.01.02 13:31:11.448,1.05028,1.0504,1.05,1.73
2013.01.02 13:31:11.990,1.05028,1.05042,1.88,1.28
2013.01.02 13:31:13.431,1.05028,1.05041,1.13,2.03
2013.01.02 13:31:13.548,1.05029,1.05041,1.13,2.03
2013.01.02 13:31:13.848,1.05029,1.05041,1.13,1.65
2013.01.02 13:31:14.393,1.05029,1.05042,1.13,2.03
2013.01.02 13:31:15.002,1.05031,1.05042,1.13,1.50
2013.01.02 13:31:15.549,1.05033,1.05043,1.50,1.65
2013.01.02 13:31:15.918,1.05032,1.05043,2.25,1.65
2013.01.02 13:31:16.159,1.05032,1.05044,2.63,2.10
2013.01.02 13:31:16.639,1.05035,1.05046,1.35,1.65
2013.01.02 13:31:17.119,1.05038,1.05046,3.75,1.65
2013.01.02 13:31:17.515,1.0504,1.05052,2.10,1.32
2013.01.02 13:31:17.580,1.05038,1.05049,1.50,1.32
2013.01.02 13:31:17.699,1.05038,1.05049,1.35,1.69
2013.01.02 13:31:17.942,1.05035,1.05048,2.10,1.88
2013.01.02 13:31:25.148,1.05036,1.05047,1.88,2.25
2013.01.02 13:31:25.208,1.05036,1.05047,1.88,2.25
2013.01.02 13:31:25.508,1.05036,1.05048,1.50,3.38
2013.01.02 13:31:26.049,1.05035,1.05047,1.50,3.06
2013.01.02 13:31:26.588,1.05034,1.05047,2.25,2.31
2013.01.02 13:31:26.768,1.05034,1.05047,2.25,1.65
2013.01.02 13:31:26.889,1.05035,1.05047,1.50,1.50
2013.01.02 13:31:27.068,1.05036,1.05048,2.25,1.50
2013.01.02 13:31:29.258,1.05038,1.05055,1.13,3.38
2013.01.02 13:31:30.936,1.05039,1.05051,1.50,4.13
2013.01.02 13:31:31.690,1.05035,1.05048,1.73,3.38
2013.01.02 13:31:31.808,1.05035,1.05047,1.73,1.65
2013.01.02 13:31:33.578,1.05035,1.05047,1.73,2.40
2013.01.02 13:31:36.638,1.05035,1.05047,1.73,1.65
2013.01.02 13:31:38.230,1.05035,1.05047,2.10,1.65
2013.01.02 13:31:38.290,1.05036,1.05048,1.50,2.63
2013.01.02 13:31:38.529,1.05037,1.05051,1.28,2.10
2013.01.02 13:31:38.588,1.05037,1.05051,1.28,2.10
2013.01.02 13:31:39.109,1.05036,1.05051,2.85,3.00
2013.01.02 13:31:39.982,1.05038,1.05051,1.13,2.25
2013.01.02 13:31:40.770,1.05034,1.05048,5.63,1.13
2013.01.02 13:31:45.249,1.05035,1.05047,1.35,1.65
2013.01.02 13:31:45.799,1.05035,1.05046,2.10,1.65
2013.01.02 13:31:45.980,1.05034,1.05045,1.35,1.50
2013.01.02 13:31:46.488,1.05033,1.05045,1.50,2.85
2013.01.02 13:31:47.409,1.05035,1.05045,1.50,2.10
2013.01.02 13:31:48.158,1.05035,1.05047,1.88,3.15
2013.01.02 13:31:49.918,1.05036,1.05047,1.88,1.50
2013.01.02 13:31:50.449,1.05039,1.0505,4.88,1.50
2013.01.02 13:31:50.949,1.05041,1.05051,1.35,1.50
2013.01.02 13:31:51.319,1.05039,1.0505,1.13,2.25
2013.01.02 13:31:54.888,1.05039,1.05051,4.13,2.03
2013.01.02 13:31:55.190,1.05041,1.05052,1.35,1.50
2013.01.02 13:31:55.738,1.05041,1.05057,1.35,1.50
2013.01.02 13:31:56.111,1.05042,1.05053,1.35,1.50
2013.01.02 13:31:56.170,1.05041,1.05053,1.73,2.25
2013.01.02 13:31:56.529,1.0504,1.05052,2.10,3.38
2013.01.02 13:31:56.769,1.05039,1.0505,5.40,1.50
2013.01.02 13:31:56.949,1.0504,1.0505,1.13,1.50
2013.01.02 13:31:58.028,1.05041,1.05052,1.13,1.65
2013.01.02 13:31:58.570,1.05043,1.05052,1.50,1.65
2013.01.02 13:31:59.128,1.05042,1.05053,3.00,1.13
2013.01.02 13:31:59.309,1.05042,1.05053,1.50,1.88
2013.01.02 13:31:59.428,1.05042,1.05053,1.50,1.88
2013.01.02 13:31:59.488,1.05042,1.05053,1.50,1.88
2013.01.02 13:32:00.029,1.05039,1.05051,1.13,1.28
2013.01.02 13:32:01.242,1.05036,1.05049,2.25,1.88
2013.01.02 13:32:01.698,1.05044,1.05049,1.13,1.50
2013.01.02 13:32:02.178,1.05039,1.05051,5.48,1.28
2013.01.02 13:32:02.358,1.05039,1.05052,2.63,1.28
2013.01.02 13:32:02.417,1.05039,1.05052,2.63,1.28
2013.01.02 13:32:03.119,1.05039,1.05053,1.88,2.63
2013.01.02 13:32:03.431,1.05045,1.05054,1.88,1.13
2013.01.02 13:32:03.919,1.05042,1.05054,2.78,1.13
2013.01.02 13:32:04.039,1.05043,1.05056,2.40,3.98
2013.01.02 13:32:04.099,1.05042,1.05056,2.78,4.73
2013.01.02 13:32:04.588,1.05044,1.05057,1.35,3.53
2013.01.02 13:32:05.719,1.05043,1.05057,1.13,2.03
2013.01.02 13:32:06.079,1.05041,1.05054,3.60,1.13
2013.01.02 13:32:06.498,1.05039,1.0505,1.88,1.32
2013.01.02 13:32:06.679,1.05039,1.05049,1.88,1.13
2013.01.02 13:32:06.919,1.05039,1.05051,1.13,1.65
2013.01.02 13:32:06.979,1.05039,1.05051,1.35,1.50
2013.01.02 13:32:07.038,1.05041,1.05052,1.88,1.50
2013.01.02 13:32:07.098,1.05041,1.05053,2.10,1.50
2013.01.02 13:32:07.634,1.05043,1.05057,1.50,1.65
2013.01.02 13:32:07.998,1.05043,1.05057,1.50,1.65
2013.01.02 13:32:08.118,1.05043,1.05055,1.35,1.13
2013.01.02 13:32:08.298,1.05042,1.05054,1.50,1.73
2013.01.02 13:32:08.815,1.05042,1.05054,1.50,1.73
2013.01.02 13:32:10.369,1.05044,1.05053,3.75,1.65
2013.01.02 13:32:10.729,1.05042,1.05053,1.88,2.25
2013.01.02 13:32:10.909,1.05045,1.05052,1.50,2.78
2013.01.02 13:32:11.150,1.05042,1.05054,1.73,1.50
2013.01.02 13:32:11.329,1.05038,1.05051,1.13,1.88
2013.01.02 13:32:11.389,1.05037,1.05051,2.63,1.88
2013.01.02 13:32:12.018,1.05038,1.0505,1.13,1.13
2013.01.02 13:32:12.229,1.05036,1.05049,1.88,1.13
2013.01.02 13:32:13.498,1.05034,1.05049,1.13,1.88
2013.01.02 13:32:14.261,1.05036,1.0505,1.50,1.73
2013.01.02 13:32:14.798,1.05038,1.05052,2.25,3.53
2013.01.02 13:32:15.638,1.05038,1.05051,1.13,1.13
2013.01.02 13:32:15.759,1.05038,1.05051,1.13,1.13
2013.01.02 13:32:16.231,1.05038,1.05051,1.13,1.13
2013.01.02 13:32:17.159,1.05042,1.05052,3.75,2.03
2013.01.02 13:32:17.469,1.05045,1.05054,3.23,1.50
2013.01.02 13:32:17.769,1.05043,1.05053,3.00,1.13
2013.01.02 13:32:18.428,1.05041,1.05054,1.92,1.13
2013.01.02 13:32:19.208,1.05043,1.05057,1.13,3.15
2013.01.02 13:32:20.628,1.05043,1.05057,1.50,1.65
2013.01.02 13:32:21.118,1.05046,1.05059,1.50,4.73
2013.01.02 13:32:21.299,1.05048,1.05059,1.13,3.00
2013.01.02 13:32:21.419,1.05046,1.05059,1.35,1.88
2013.01.02 13:32:21.599,1.05044,1.05058,2.63,1.13
2013.01.02 13:32:22.029,1.05045,1.05058,1.50,1.13
2013.01.02 13:32:23.295,1.05043,1.05056,2.10,1.13
2013.01.02 13:32:23.601,1.0504,1.05053,1.50,1.28
2013.01.02 13:32:24.140,1.05041,1.05054,1.50,2.85
2013.01.02 13:32:24.679,1.05041,1.05053,1.50,2.03
2013.01.02 13:32:26.369,1.05041,1.05053,1.50,1.65
2013.01.02 13:32:27.064,1.05041,1.05053,1.50,1.65
2013.01.02 13:32:27.608,1.05043,1.05054,1.50,5.10
2013.01.02 13:32:27.728,1.05041,1.05054,1.50,5.85
2013.01.02 13:32:29.018,1.05043,1.05054,1.88,4.50
2013.01.02 13:32:29.379,1.05045,1.05057,3.75,3.15
2013.01.02 13:32:29.439,1.05045,1.05057,4.50,3.15
2013.01.02 13:32:29.559,1.05046,1.05057,1.73,1.50
2013.01.02 13:32:29.918,1.05043,1.05056,1.13,2.40
2013.01.02 13:32:30.348,1.05043,1.05056,1.50,2.40
2013.01.02 13:32:30.887,1.05044,1.05058,1.13,4.13
2013.01.02 13:32:31.879,1.05044,1.05058,1.13,4.50
2013.01.02 13:32:34.278,1.05043,1.05056,1.28,1.13
2013.01.02 13:32:37.201,1.05041,1.05053,1.73,1.13
2013.01.02 13:32:37.759,1.0504,1.05051,1.50,1.13
2013.01.02 13:32:38.538,1.05038,1.05051,1.65,1.50
2013.01.02 13:32:39.259,1.05038,1.05052,1.65,1.50
2013.01.02 13:32:41.118,1.05039,1.05053,1.28,1.73
2013.01.02 13:32:41.299,1.05042,1.05055,1.28,1.50
2013.01.02 13:32:41.419,1.05042,1.05057,2.03,1.13
2013.01.02 13:32:41.965,1.05043,1.05057,1.28,1.13
2013.01.02 13:32:42.458,1.05043,1.05058,2.03,1.88
2013.01.02 13:32:44.659,1.05044,1.05058,1.50,2.48
2013.01.02 13:32:44.838,1.05041,1.05053,1.73,1.28
2013.01.02 13:32:45.388,1.05041,1.05052,1.50,1.50
2013.01.02 13:32:47.160,1.05037,1.05049,2.25,1.13
2013.01.02 13:32:47.409,1.05035,1.05049,1.13,5.10
2013.01.02 13:32:47.946,1.05034,1.05049,1.13,4.35
2013.01.02 13:32:51.239,1.05034,1.05048,1.88,1.13
2013.01.02 13:32:53.181,1.05036,1.05048,1.13,1.13
2013.01.02 13:32:53.242,1.05037,1.0505,1.28,1.73
2013.01.02 13:32:53.668,1.05042,1.05054,1.28,1.73
2013.01.02 13:32:53.849,1.05043,1.05054,1.28,1.73
2013.01.02 13:32:54.260,1.05045,1.05057,1.13,1.88
2013.01.02 13:32:54.798,1.05045,1.05057,1.13,1.13
2013.01.02 13:32:56.099,1.05045,1.05056,1.13,1.73
2013.01.02 13:32:56.159,1.05045,1.05055,1.13,1.13
2013.01.02 13:32:57.489,1.05042,1.05054,1.88,1.73
2013.01.02 13:33:00.249,1.05045,1.05054,2.40,1.13
2013.01.02 13:33:00.368,1.05046,1.05056,1.13,1.50
2013.01.02 13:33:01.298,1.05046,1.05059,2.48,1.50
2013.01.02 13:33:08.778,1.05049,1.05061,6.15,1.13
2013.01.02 13:33:09.080,1.05052,1.05063,3.00,2.63
2013.01.02 13:33:09.260,1.05053,1.05063,2.40,1.50
2013.01.02 13:33:09.439,1.05053,1.05068,4.50,1.13
2013.01.02 13:33:09.948,1.05053,1.05068,4.50,1.13
2013.01.02 13:33:10.208,1.05053,1.05068,3.00,1.88
2013.01.02 13:33:10.720,1.05054,1.05068,1.13,1.88
2013.01.02 13:33:14.579,1.05054,1.05068,1.50,1.88
2013.01.02 13:33:19.072,1.05056,1.05068,1.13,1.88
2013.01.02 13:33:20.048,1.05054,1.05067,1.13,1.28
2013.01.02 13:33:20.360,1.05052,1.05065,1.43,1.13
2013.01.02 13:33:20.419,1.05053,1.05066,1.50,1.13
2013.01.02 13:33:20.959,1.05055,1.05067,1.35,3.15
2013.01.02 13:33:22.384,1.05055,1.05068,1.35,1.13
2013.01.02 13:33:22.689,1.05052,1.05064,1.50,1.88
2013.01.02 13:33:23.239,1.0505,1.05063,1.88,1.28
2013.01.02 13:33:27.378,1.05051,1.05064,2.25,6.23
2013.01.02 13:33:27.739,1.05054,1.05067,1.88,2.40
2013.01.02 13:33:27.799,1.05054,1.05067,1.88,1.65
2013.01.02 13:33:30.459,1.05056,1.05068,1.88,3.23
2013.01.02 13:33:30.871,1.05056,1.05064,1.50,1.35
2013.01.02 13:33:31.472,1.05057,1.05068,1.13,2.25
2013.01.02 13:33:31.659,1.05057,1.0507,1.13,1.88
2013.01.02 13:33:31.718,1.05057,1.0507,1.13,1.13
2013.01.02 13:33:32.119,1.05057,1.05067,1.13,1.28
2013.01.02 13:33:32.420,1.05055,1.05064,4.73,1.13
2013.01.02 13:33:32.538,1.05054,1.05062,1.50,1.13
2013.01.02 13:33:32.900,1.0505,1.05062,2.25,1.88
2013.01.02 13:33:33.409,1.05048,1.05062,2.03,3.38
2013.01.02 13:33:35.349,1.05049,1.05062,1.13,1.88
2013.01.02 13:33:35.708,1.05054,1.05066,1.13,1.43
2013.01.02 13:33:35.828,1.05054,1.05066,1.28,1.13
2013.01.02 13:33:36.010,1.05054,1.05067,1.28,1.20
2013.01.02 13:33:36.569,1.05054,1.05067,1.28,1.13
2013.01.02 13:33:37.529,1.05056,1.05069,1.13,2.48
2013.01.02 13:33:37.650,1.05061,1.05069,1.13,2.10
2013.01.02 13:33:37.891,1.05061,1.05075,1.13,2.25
2013.01.02 13:33:38.010,1.05067,1.05076,1.13,1.50
2013.01.02 13:33:38.619,1.05067,1.05079,1.13,2.25
2013.01.02 13:33:38.679,1.05066,1.05079,1.50,1.88
2013.01.02 13:33:39.310,1.05063,1.05077,2.03,1.13
2013.01.02 13:33:39.609,1.05065,1.05077,1.13,1.13
2013.01.02 13:33:40.156,1.05063,1.05075,1.65,1.13
2013.01.02 13:33:40.898,1.05063,1.05075,1.65,1.13
2013.01.02 13:33:41.199,1.0506,1.05072,1.73,1.65
2013.01.02 13:33:41.944,1.05059,1.05071,1.50,1.50
2013.01.02 13:33:42.128,1.0506,1.05071,1.13,1.50
2013.01.02 13:33:42.429,1.05061,1.05073,3.60,1.50
2013.01.02 13:33:42.489,1.05061,1.05073,1.73,1.50
2013.01.02 13:33:43.049,1.05058,1.05072,1.28,1.50
2013.01.02 13:33:43.609,1.05058,1.05072,2.03,2.25
2013.01.02 13:33:44.248,1.05058,1.05072,2.03,2.25
2013.01.02 13:33:45.749,1.05058,1.05072,2.03,1.88
2013.01.02 13:33:45.870,1.05059,1.05071,1.65,1.65
2013.01.02 13:33:46.049,1.05061,1.05074,3.00,3.00
2013.01.02 13:33:46.468,1.05061,1.05075,1.88,1.13
2013.01.02 13:33:47.019,1.05063,1.05075,1.65,1.13
2013.01.02 13:33:48.038,1.05063,1.05075,1.88,1.13
2013.01.02 13:33:48.449,1.05064,1.05075,2.10,1.13
2013.01.02 13:33:48.570,1.05066,1.05076,1.50,2.63
2013.01.02 13:33:48.808,1.05066,1.05076,1.50,2.55
2013.01.02 13:33:48.989,1.05066,1.05076,1.50,1.65
2013.01.02 13:33:49.609,1.05066,1.05079,2.85,1.50
2013.01.02 13:33:49.798,1.05066,1.0508,2.85,1.73
2013.01.02 13:33:50.309,1.05068,1.05082,2.03,2.25
2013.01.02 13:33:51.229,1.05069,1.05082,1.88,2.63
2013.01.02 13:33:51.769,1.05068,1.05082,1.65,3.00
2013.01.02 13:33:53.160,1.05067,1.0508,1.65,1.35
2013.01.02 13:33:53.459,1.05057,1.05073,1.50,21.27
2013.01.02 13:33:53.820,1.05057,1.05065,1.50,3.38
2013.01.02 13:33:53.998,1.05046,1.05061,1.65,2.40
2013.01.02 13:33:54.238,1.05047,1.0506,2.63,1.13
2013.01.02 13:33:55.449,1.05047,1.0506,1.88,2.25
2013.01.02 13:33:55.939,1.05047,1.05059,1.13,1.88
2013.01.02 13:33:56.728,1.05046,1.05059,3.23,1.13
2013.01.02 13:33:56.788,1.05046,1.05057,3.23,1.13
2013.01.02 13:33:57.148,1.05044,1.05057,1.65,2.10
2013.01.02 13:33:57.390,1.05045,1.05057,2.25,1.88
2013.01.02 13:33:59.539,1.05046,1.0506,2.25,1.50
2013.01.02 13:33:59.719,1.05047,1.05061,2.25,3.60
2013.01.02 13:34:00.268,1.05047,1.05061,2.25,3.60
2013.01.02 13:34:00.786,1.05047,1.05061,3.00,3.60
2013.01.02 13:34:02.258,1.05047,1.05061,2.63,2.25
2013.01.02 13:34:02.760,1.05047,1.05061,3.38,3.75
2013.01.02 13:34:03.308,1.05048,1.05061,1.65,3.00
2013.01.02 13:34:06.719,1.05047,1.05061,1.13,3.75
2013.01.02 13:34:09.148,1.05049,1.05061,1.65,3.75
2013.01.02 13:34:11.748,1.05047,1.05059,3.38,1.13
2013.01.02 13:34:18.149,1.05048,1.05058,1.50,1.65
2013.01.02 13:34:18.689,1.05046,1.05059,1.13,1.50
2013.01.02 13:34:20.159,1.05047,1.05055,1.50,1.35
2013.01.02 13:34:20.339,1.05043,1.05055,1.50,2.85
2013.01.02 13:34:20.889,1.05041,1.05054,1.13,2.10
2013.01.02 13:34:21.829,1.05045,1.05053,1.50,1.13
2013.01.02 13:34:22.130,1.05046,1.05059,1.50,2.48
2013.01.02 13:34:22.188,1.05046,1.05059,3.98,1.50
2013.01.02 13:34:26.161,1.05047,1.05059,1.65,1.13
2013.01.02 13:34:26.678,1.05047,1.05059,1.65,1.13
2013.01.02 13:34:26.738,1.05047,1.05059,1.65,1.13
2013.01.02 13:34:28.659,1.05048,1.0506,1.28,2.48
2013.01.02 13:34:29.019,1.0505,1.05062,1.13,1.88
2013.01.02 13:34:29.498,1.0505,1.05062,3.83,1.13
2013.01.02 13:34:29.799,1.05053,1.05063,1.28,2.25
2013.01.02 13:34:30.188,1.05053,1.05066,1.28,1.13
2013.01.02 13:34:31.669,1.05054,1.05066,1.28,2.63
2013.01.02 13:34:32.222,1.05053,1.05065,2.03,1.50
2013.01.02 13:34:32.726,1.05054,1.05066,1.28,2.63
2013.01.02 13:34:35.184,1.05054,1.05066,1.28,1.88
2013.01.02 13:34:35.788,1.05054,1.05065,1.28,1.50
2013.01.02 13:34:40.908,1.05054,1.05065,1.13,1.88
2013.01.02 13:34:41.594,1.05052,1.05061,1.50,1.13
2013.01.02 13:34:42.179,1.05052,1.05065,2.03,1.73
2013.01.02 13:34:42.878,1.05053,1.05066,1.65,1.73
2013.01.02 13:34:43.299,1.05053,1.05067,1.65,1.88
2013.01.02 13:34:43.829,1.05053,1.05067,1.65,2.63
2013.01.02 13:34:45.049,1.05051,1.05064,5.10,1.13
2013.01.02 13:34:45.360,1.05051,1.05063,1.35,1.13
2013.01.02 13:34:45.480,1.0505,1.05062,1.73,1.28
2013.01.02 13:34:46.703,1.0505,1.0506,1.50,1.35
2013.01.02 13:34:47.713,1.0505,1.0506,1.50,1.35
2013.01.02 13:34:48.019,1.05048,1.0506,1.65,1.73
2013.01.02 13:34:48.139,1.05048,1.0506,1.65,2.10
2013.01.02 13:34:48.499,1.05048,1.05058,1.50,1.13
2013.01.02 13:34:49.050,1.05043,1.05056,2.40,1.35
2013.01.02 13:34:50.058,1.05043,1.05056,1.28,1.35
2013.01.02 13:34:50.760,1.05044,1.05056,2.25,1.35
2013.01.02 13:34:53.358,1.05044,1.05056,1.13,1.73
2013.01.02 13:34:56.609,1.05043,1.05056,1.28,1.73
2013.01.02 13:34:59.593,1.05043,1.05056,1.28,1.73
2013.01.02 13:35:00.191,1.05043,1.05056,2.40,1.73
2013.01.02 13:35:00.559,1.05043,1.05056,2.40,2.48
2013.01.02 13:35:00.620,1.05043,1.05056,2.40,3.38
2013.01.02 13:35:00.981,1.05043,1.05054,2.40,1.50
2013.01.02 13:35:02.049,1.05041,1.05054,7.13,1.50
2013.01.02 13:35:02.231,1.05041,1.05054,4.13,1.50
2013.01.02 13:35:02.350,1.05042,1.05055,1.65,3.00
2013.01.02 13:35:02.859,1.05042,1.05055,1.65,1.13
2013.01.02 13:35:02.979,1.05042,1.05055,2.40,1.13
2013.01.02 13:35:05.610,1.05044,1.05056,2.25,1.35
2013.01.02 13:35:06.289,1.05042,1.05055,4.50,1.50
2013.01.02 13:35:06.978,1.05043,1.05055,1.28,1.50
2013.01.02 13:35:07.938,1.05043,1.05055,1.28,1.13
2013.01.02 13:35:11.789,1.05043,1.05055,3.15,1.13
2013.01.02 13:35:12.599,1.05043,1.05055,3.15,1.13
2013.01.02 13:35:15.479,1.05043,1.05055,1.65,1.13
2013.01.02 13:35:15.718,1.05043,1.05055,1.65,1.50
2013.01.02 13:35:16.260,1.05042,1.05055,2.25,1.50
2013.01.02 13:35:16.380,1.05043,1.05055,1.28,1.50
2013.01.02 13:35:16.939,1.05046,1.05055,3.00,1.13
2013.01.02 13:35:17.299,1.05046,1.05058,1.50,1.88
2013.01.02 13:35:17.539,1.05046,1.05056,1.50,1.13
2013.01.02 13:35:17.898,1.05041,1.05052,2.63,1.13
2013.01.02 13:35:17.959,1.05041,1.05052,2.63,1.13
2013.01.02 13:35:18.149,1.05041,1.05052,2.63,1.13
2013.01.02 13:35:18.849,1.05041,1.05054,3.38,1.13
2013.01.02 13:35:19.388,1.05042,1.05056,1.50,1.88
2013.01.02 13:35:19.899,1.05042,1.05057,1.50,1.50
2013.01.02 13:35:20.259,1.05043,1.05056,1.28,1.13
2013.01.02 13:35:20.319,1.05042,1.05056,1.88,1.13
2013.01.02 13:35:20.648,1.05042,1.05055,1.13,1.13
2013.01.02 13:35:21.069,1.05042,1.05055,1.13,1.50
2013.01.02 13:35:21.381,1.05041,1.05055,2.63,1.50
2013.01.02 13:35:21.739,1.05041,1.05053,1.50,1.88
2013.01.02 13:35:22.519,1.05039,1.0505,2.40,1.13
2013.01.02 13:35:24.179,1.05039,1.0505,1.65,1.13
2013.01.02 13:35:25.270,1.0504,1.05051,1.50,1.50
2013.01.02 13:35:29.329,1.05039,1.05051,1.65,1.50
2013.01.02 13:35:32.799,1.05039,1.0505,1.65,1.13
2013.01.02 13:35:34.169,1.05039,1.05052,2.93,2.63
2013.01.02 13:35:34.530,1.05039,1.0505,1.65,1.13
2013.01.02 13:35:35.690,1.05037,1.0505,3.00,1.13
2013.01.02 13:35:36.229,1.05038,1.05051,1.65,1.50
2013.01.02 13:35:38.729,1.05042,1.05052,1.13,1.50
2013.01.02 13:35:40.889,1.05042,1.05054,1.13,1.73
2013.01.02 13:35:41.858,1.05043,1.05056,2.78,2.25
2013.01.02 13:35:42.360,1.05043,1.05056,1.28,1.50
2013.01.02 13:35:49.819,1.05043,1.05055,2.78,1.35
2013.01.02 13:35:50.328,1.05043,1.05055,1.65,1.35
2013.01.02 13:35:50.888,1.05043,1.05055,2.78,1.35
2013.01.02 13:35:52.568,1.05044,1.05056,2.40,1.88
2013.01.02 13:36:07.459,1.05044,1.05056,2.40,1.13
2013.01.02 13:36:08.600,1.05044,1.05056,2.40,1.50
2013.01.02 13:36:16.284,1.05044,1.05055,2.40,1.35
2013.01.02 13:36:20.679,1.05042,1.05055,4.88,1.35
2013.01.02 13:36:21.220,1.05044,1.05055,2.40,1.35
2013.01.02 13:36:29.478,1.05044,1.05057,2.25,1.50
2013.01.02 13:36:29.839,1.05043,1.05058,3.15,2.25
2013.01.02 13:36:39.232,1.05045,1.05057,1.50,1.35
2013.01.02 13:36:39.763,1.05046,1.05057,2.85,1.13
2013.01.02 13:36:40.279,1.05046,1.05058,2.85,1.88
2013.01.02 13:36:43.920,1.05048,1.05058,2.40,1.13
2013.01.02 13:36:44.540,1.05047,1.05058,1.65,1.13
2013.01.02 13:36:45.969,1.05047,1.05057,2.40,1.13
2013.01.02 13:36:46.749,1.05044,1.05056,1.73,1.50
2013.01.02 13:36:46.868,1.05043,1.05056,2.78,2.10
2013.01.02 13:36:48.249,1.05043,1.05056,2.78,2.10
2013.01.02 13:36:48.859,1.05042,1.05055,3.53,1.13
2013.01.02 13:36:49.402,1.05042,1.05056,5.40,2.10
2013.01.02 13:36:50.968,1.05042,1.05055,5.78,1.13
2013.01.02 13:36:54.601,1.05043,1.05055,2.40,1.13
2013.01.02 13:36:55.118,1.05043,1.05056,2.03,1.35
2013.01.02 13:36:55.848,1.05044,1.05057,3.00,1.50
2013.01.02 13:36:55.909,1.05045,1.05057,1.88,1.35
2013.01.02 13:37:03.648,1.05048,1.0506,1.65,3.75
2013.01.02 13:37:04.008,1.05049,1.0506,1.88,1.88
2013.01.02 13:37:04.128,1.05049,1.0506,1.88,1.88
2013.01.02 13:37:04.669,1.05049,1.0506,2.63,1.88
2013.01.02 13:37:04.851,1.05051,1.05062,1.13,2.25
2013.01.02 13:37:05.209,1.05051,1.05062,1.13,1.13
2013.01.02 13:37:07.818,1.05051,1.05062,1.13,1.13
2013.01.02 13:37:08.359,1.05049,1.0506,1.50,1.13
2013.01.02 13:37:08.419,1.05049,1.0506,1.50,1.88
2013.01.02 13:37:08.969,1.05048,1.05059,1.65,1.13
2013.01.02 13:37:11.128,1.05049,1.0506,3.00,1.50
2013.01.02 13:37:12.539,1.05049,1.0506,3.00,1.88
2013.01.02 13:37:16.550,1.05048,1.05059,3.15,1.13
2013.01.02 13:37:19.998,1.05048,1.05059,1.65,1.13
2013.01.02 13:37:22.878,1.05048,1.05059,1.65,1.13
2013.01.02 13:37:23.410,1.05046,1.05058,3.38,1.13
2013.01.02 13:37:23.969,1.05047,1.05058,1.65,1.13
2013.01.02 13:37:26.678,1.05046,1.05058,2.63,1.13
2013.01.02 13:37:27.199,1.05047,1.05058,1.65,1.13
2013.01.02 13:37:28.999,1.05047,1.05058,1.88,1.13
2013.01.02 13:37:30.658,1.05047,1.05058,1.50,1.50
2013.01.02 13:37:31.199,1.05043,1.05056,2.40,1.13
2013.01.02 13:37:32.310,1.05044,1.05056,1.65,2.25
2013.01.02 13:37:33.518,1.05044,1.05056,1.28,2.25
2013.01.02 13:37:35.132,1.05045,1.05056,1.13,2.25
2013.01.02 13:37:36.650,1.05047,1.05058,1.13,1.35
2013.01.02 13:37:37.359,1.05047,1.05057,3.38,1.13
2013.01.02 13:37:39.610,1.05047,1.05057,2.63,1.13
2013.01.02 13:37:40.163,1.05047,1.05057,2.63,1.13
2013.01.02 13:37:42.083,1.05048,1.05057,1.65,1.13
2013.01.02 13:38:07.659,1.05047,1.05058,2.25,1.28
2013.01.02 13:38:08.209,1.05047,1.05056,2.25,1.73
2013.01.02 13:38:08.268,1.05043,1.05056,1.65,1.73
2013.01.02 13:38:08.659,1.05044,1.05056,1.50,1.73
2013.01.02 13:38:12.549,1.05045,1.05056,1.13,1.35
2013.01.02 13:38:13.749,1.05043,1.05056,1.28,2.10
2013.01.02 13:38:14.278,1.05045,1.05056,1.13,2.10
2013.01.02 13:38:14.871,1.05045,1.05056,1.13,2.10
2013.01.02 13:38:15.189,1.05047,1.05056,1.88,1.35
2013.01.02 13:38:15.429,1.05047,1.05057,1.88,1.13
2013.01.02 13:38:18.678,1.05048,1.05061,2.55,3.38
2013.01.02 13:38:18.799,1.05049,1.05061,2.55,1.50
2013.01.02 13:38:18.859,1.05049,1.05061,3.30,2.25
2013.01.02 13:38:19.399,1.0505,1.05061,1.50,1.88
2013.01.02 13:38:19.939,1.0505,1.05059,1.50,1.13
2013.01.02 13:38:20.569,1.05048,1.05059,5.78,1.13
2013.01.02 13:38:22.109,1.05048,1.05059,5.40,1.13
2013.01.02 13:38:22.529,1.05051,1.05062,1.13,1.13
2013.01.02 13:38:22.841,1.05057,1.05064,1.88,1.73
2013.01.02 13:38:23.380,1.05056,1.05066,1.50,1.65
2013.01.02 13:38:23.440,1.05054,1.05065,3.75,1.50
2013.01.02 13:38:23.680,1.05054,1.05066,1.13,2.78
2013.01.02 13:38:24.330,1.05053,1.05066,2.40,2.78
2013.01.02 13:38:25.007,1.05053,1.05066,1.28,2.78
2013.01.02 13:38:29.389,1.05053,1.05066,2.03,2.03
2013.01.02 13:38:33.179,1.05053,1.05066,3.15,2.03
2013.01.02 13:38:34.841,1.05053,1.05066,2.78,2.03
2013.01.02 13:38:36.709,1.05053,1.05066,2.40,2.03
2013.01.02 13:38:37.258,1.05052,1.05066,3.38,2.78
2013.01.02 13:38:38.959,1.05053,1.05066,1.65,2.78
2013.01.02 13:38:39.239,1.05053,1.05066,1.65,2.78
2013.01.02 13:38:39.757,1.05053,1.05066,1.65,2.78
2013.01.02 13:38:41.478,1.05053,1.05066,2.03,2.78
2013.01.02 13:38:44.939,1.05053,1.05066,1.65,2.40
2013.01.02 13:38:45.240,1.05051,1.0506,3.00,1.13
2013.01.02 13:38:45.419,1.0505,1.05059,1.50,1.13
2013.01.02 13:38:46.029,1.05047,1.05059,2.40,1.13
2013.01.02 13:38:46.270,1.05047,1.05059,2.40,1.50
2013.01.02 13:38:47.749,1.05047,1.05059,1.65,1.88
2013.01.02 13:38:48.288,1.05045,1.05058,2.63,1.13
2013.01.02 13:38:48.828,1.05045,1.05058,2.63,1.88
2013.01.02 13:38:49.009,1.05047,1.05058,1.13,1.88
2013.01.02 13:38:53.650,1.05047,1.05058,1.13,1.13
2013.01.02 13:38:53.888,1.05045,1.05058,4.80,1.50
2013.01.02 13:38:54.249,1.05044,1.05056,3.98,1.50
2013.01.02 13:38:54.669,1.05044,1.05056,2.25,1.65
2013.01.02 13:38:55.209,1.05044,1.05056,1.28,1.13
2013.01.02 13:38:56.909,1.05044,1.05057,1.28,1.50
2013.01.02 13:39:03.622,1.05044,1.05057,2.40,1.50
2013.01.02 13:39:05.599,1.05046,1.05057,1.13,1.35
2013.01.02 13:39:05.720,1.05045,1.05059,6.53,2.48
2013.01.02 13:39:06.139,1.05046,1.05059,4.88,2.25
2013.01.02 13:39:06.678,1.05046,1.05057,4.13,1.13
2013.01.02 13:39:07.509,1.05045,1.05057,3.75,1.13
2013.01.02 13:39:08.579,1.05045,1.05057,3.98,1.13
2013.01.02 13:39:10.434,1.05046,1.05057,1.13,1.13
2013.01.02 13:39:10.718,1.05046,1.05057,1.50,1.13
2013.01.02 13:39:11.157,1.05045,1.05057,6.75,1.13
2013.01.02 13:39:11.458,1.05045,1.05057,6.75,1.13
2013.01.02 13:39:18.933,1.05046,1.05057,1.13,1.13
2013.01.02 13:39:19.240,1.05046,1.05057,4.88,1.13
2013.01.02 13:39:19.749,1.05046,1.05057,1.88,1.13
2013.01.02 13:39:20.899,1.05047,1.05057,4.65,1.88
2013.01.02 13:39:21.079,1.05046,1.05057,4.13,1.13
2013.01.02 13:39:22.560,1.05047,1.05058,2.03,1.13
2013.01.02 13:39:22.620,1.05049,1.0506,1.13,3.00
2013.01.02 13:39:22.741,1.0505,1.0506,1.13,1.88
2013.01.02 13:39:23.359,1.05048,1.0506,3.90,1.88
2013.01.02 13:39:23.480,1.05048,1.05059,2.40,1.13
2013.01.02 13:39:24.029,1.05047,1.0506,5.03,1.88
2013.01.02 13:39:24.589,1.05047,1.05058,1.65,1.13
2013.01.02 13:39:24.949,1.05049,1.0506,1.13,2.63
2013.01.02 13:39:25.310,1.05051,1.05061,1.13,1.50
2013.01.02 13:39:25.489,1.05051,1.05062,1.13,1.50
2013.01.02 13:39:26.121,1.05051,1.05062,1.13,1.50
2013.01.02 13:39:27.260,1.05052,1.05064,2.10,1.13
2013.01.02 13:39:32.688,1.05053,1.05065,1.88,1.13
2013.01.02 13:39:33.320,1.05053,1.05062,2.63,1.13
2013.01.02 13:39:33.869,1.0505,1.05061,2.10,1.13
2013.01.02 13:39:33.991,1.05049,1.05059,2.63,1.13
2013.01.02 13:39:34.504,1.05049,1.05059,1.13,1.13
2013.01.02 13:39:35.229,1.05048,1.05059,1.13,1.50
2013.01.02 13:39:38.790,1.05049,1.0506,1.13,1.13
2013.01.02 13:39:39.292,1.05051,1.05062,1.13,2.03
2013.01.02 13:39:39.351,1.05051,1.05062,1.13,2.03
2013.01.02 13:39:39.472,1.05051,1.05062,1.13,2.03
2013.01.02 13:39:39.890,1.05051,1.05062,1.13,1.50
2013.01.02 13:39:40.469,1.05052,1.05063,1.35,1.13
2013.01.02 13:39:43.225,1.05054,1.05066,1.50,3.15
2013.01.02 13:39:44.158,1.05054,1.05067,1.50,2.03
2013.01.02 13:39:47.109,1.05054,1.05065,1.13,1.13
2013.01.02 13:39:47.472,1.05052,1.05064,1.88,1.88
2013.01.02 13:39:47.533,1.05051,1.05061,3.00,1.13
2013.01.02 13:39:47.720,1.05051,1.05064,1.88,1.50
2013.01.02 13:39:48.023,1.05056,1.05067,2.85,2.25
2013.01.02 13:39:48.080,1.05058,1.05069,1.13,1.88
2013.01.02 13:39:50.402,1.05059,1.05069,1.13,1.13
2013.01.02 13:39:50.519,1.05059,1.05069,1.13,1.13
2013.01.02 13:39:50.821,1.05059,1.05071,2.25,1.65
2013.01.02 13:39:51.359,1.05059,1.05071,1.88,2.03
2013.01.02 13:39:54.581,1.05059,1.05071,1.88,2.03
2013.01.02 13:39:55.445,1.05059,1.05072,4.43,2.03
2013.01.02 13:39:56.003,1.05061,1.05072,1.13,2.03
2013.01.02 13:39:56.129,1.05062,1.05072,1.13,1.28
2013.01.02 13:39:58.173,1.05062,1.05072,1.88,1.28
2013.01.02 13:39:58.734,1.05062,1.05072,1.13,1.28
2013.01.02 13:39:59.470,1.05062,1.05073,2.63,3.75
2013.01.02 13:39:59.950,1.05059,1.05072,1.88,1.65
2013.01.02 13:40:00.009,1.05059,1.05072,1.88,1.65
2013.01.02 13:40:00.369,1.0506,1.05072,1.13,1.65
2013.01.02 13:40:00.729,1.05062,1.05073,2.25,3.00
2013.01.02 13:40:01.319,1.05062,1.05073,1.50,3.00
2013.01.02 13:40:01.911,1.05062,1.05073,2.25,3.00
2013.01.02 13:40:02.431,1.05062,1.05073,1.50,3.00
2013.01.02 13:40:02.753,1.05064,1.05075,1.13,1.35
2013.01.02 13:40:02.820,1.05064,1.05077,1.35,1.65
2013.01.02 13:40:03.517,1.05068,1.05077,1.13,1.50
2013.01.02 13:40:04.000,1.05068,1.05079,1.13,1.13
2013.01.02 13:40:05.269,1.05068,1.05081,1.13,2.03
2013.01.02 13:40:05.810,1.05069,1.05081,1.65,1.65
2013.01.02 13:40:06.359,1.05069,1.05081,1.65,1.65
2013.01.02 13:40:06.920,1.05069,1.05081,1.65,1.65
2013.01.02 13:40:08.739,1.05068,1.05081,1.88,3.15
2013.01.02 13:40:09.279,1.05068,1.0508,1.13,1.88
2013.01.02 13:40:09.789,1.05068,1.0508,1.13,1.88
2013.01.02 13:40:10.062,1.05068,1.05079,1.13,1.88
2013.01.02 13:40:11.709,1.05065,1.05077,1.73,2.40
2013.01.02 13:40:11.829,1.05065,1.05077,1.50,3.15
2013.01.02 13:40:16.559,1.05063,1.05077,1.88,1.65
2013.01.02 13:40:17.099,1.05066,1.05077,1.13,1.50
2013.01.02 13:40:17.702,1.05067,1.05077,1.13,1.50
2013.01.02 13:40:26.219,1.05067,1.05078,1.13,1.13
2013.01.02 13:40:27.890,1.05067,1.05078,1.13,1.13
2013.01.02 13:40:28.829,1.05067,1.05079,1.13,1.95
2013.01.02 13:40:29.480,1.05067,1.05079,1.13,1.95
2013.01.02 13:40:29.791,1.05066,1.05079,1.50,1.95
2013.01.02 13:40:31.339,1.05067,1.05079,1.13,1.95
2013.01.02 13:40:33.371,1.05066,1.05078,1.13,1.13
2013.01.02 13:40:34.160,1.05064,1.05077,1.28,1.88
2013.01.02 13:40:35.450,1.05064,1.05077,1.28,1.88
2013.01.02 13:40:36.229,1.05064,1.05075,1.50,1.13
2013.01.02 13:40:36.289,1.05064,1.05075,1.50,1.13
2013.01.02 13:40:36.589,1.05066,1.05077,2.10,1.50
2013.01.02 13:40:37.139,1.05066,1.05078,2.10,1.50
2013.01.02 13:40:37.200,1.05066,1.05079,2.10,1.50
2013.01.02 13:40:38.660,1.05065,1.05079,4.05,2.10
2013.01.02 13:40:39.218,1.05064,1.05077,1.13,2.63
2013.01.02 13:40:45.330,1.05063,1.05077,1.28,1.88
2013.01.02 13:40:48.328,1.05064,1.05077,2.25,2.25
2013.01.02 13:40:52.608,1.05063,1.05076,3.53,1.35
2013.01.02 13:40:53.134,1.05063,1.05076,3.53,1.35
2013.01.02 13:40:53.637,1.05063,1.05076,2.78,1.35
2013.01.02 13:40:56.699,1.05062,1.05076,3.00,1.13
2013.01.02 13:40:57.659,1.05063,1.05076,1.65,1.13
2013.01.02 13:41:00.939,1.05063,1.05075,1.50,5.03
2013.01.02 13:41:01.059,1.05062,1.05074,1.50,1.73
2013.01.02 13:41:01.599,1.05062,1.05074,1.50,1.35
2013.01.02 13:41:03.840,1.05063,1.05076,2.40,1.28
2013.01.02 13:41:09.884,1.05067,1.05077,1.65,2.48
2013.01.02 13:41:10.009,1.0507,1.05078,1.13,2.10
2013.01.02 13:41:10.309,1.05067,1.05079,2.03,1.88
2013.01.02 13:41:10.669,1.05066,1.05077,1.50,1.28
2013.01.02 13:41:10.730,1.05066,1.05077,1.50,1.28
2013.01.02 13:41:11.329,1.05064,1.05077,1.28,2.25
2013.01.02 13:41:12.339,1.05063,1.05076,2.78,1.13
2013.01.02 13:41:13.069,1.05063,1.05077,2.03,1.88
2013.01.02 13:41:14.579,1.05068,1.05077,1.65,1.50
2013.01.02 13:41:14.879,1.05068,1.05079,1.80,1.88
2013.01.02 13:41:15.120,1.05066,1.05079,2.25,1.88
2013.01.02 13:41:15.658,1.05064,1.05077,1.28,2.25
2013.01.02 13:41:20.828,1.05064,1.05077,1.65,3.75
2013.01.02 13:41:21.081,1.05064,1.05076,1.65,1.28
2013.01.02 13:41:21.609,1.05062,1.05074,1.88,1.13
2013.01.02 13:41:23.118,1.05063,1.05074,2.25,1.13
2013.01.02 13:41:23.179,1.05063,1.05074,2.25,1.13
2013.01.02 13:41:25.699,1.0506,1.05073,3.00,2.10
2013.01.02 13:41:25.999,1.05062,1.05075,1.13,5.40
2013.01.02 13:41:26.179,1.05062,1.05075,2.25,4.50
2013.01.02 13:41:26.539,1.05062,1.05077,4.88,1.50
2013.01.02 13:41:36.112,1.05064,1.05078,4.28,2.25
2013.01.02 13:41:36.239,1.05065,1.05078,1.50,1.88
2013.01.02 13:41:42.499,1.05064,1.05078,1.13,2.25
2013.01.02 13:41:43.159,1.05064,1.05077,1.13,1.28
2013.01.02 13:41:44.860,1.05064,1.05077,1.13,2.03
2013.01.02 13:41:44.921,1.05064,1.05075,1.13,1.50
2013.01.02 13:41:44.981,1.05063,1.05074,1.73,1.88
2013.01.02 13:41:45.519,1.05063,1.05074,3.00,2.85
2013.01.02 13:41:45.822,1.05059,1.05071,1.88,1.28
2013.01.02 13:41:46.070,1.05058,1.05071,1.13,1.65
2013.01.02 13:41:46.589,1.05058,1.05071,1.13,1.28
2013.01.02 13:41:46.649,1.05059,1.05072,1.13,2.03
2013.01.02 13:41:47.280,1.05059,1.05071,1.13,1.28
2013.01.02 13:41:47.819,1.05059,1.05071,1.88,1.28
2013.01.02 13:41:48.371,1.0506,1.05074,1.88,3.60
2013.01.02 13:41:48.553,1.0506,1.05074,1.88,3.60
2013.01.02 13:41:48.622,1.05061,1.05074,1.88,2.48
2013.01.02 13:41:49.049,1.05063,1.05076,1.13,1.70
2013.01.02 13:41:49.560,1.05063,1.05078,1.13,2.78
2013.01.02 13:42:06.409,1.05062,1.05077,7.13,1.13
2013.01.02 13:42:06.769,1.05063,1.05074,1.50,3.23
2013.01.02 13:42:07.189,1.05061,1.05071,2.25,1.13
2013.01.02 13:42:07.249,1.05061,1.05069,1.50,1.13
2013.01.02 13:42:07.550,1.05057,1.05068,1.88,1.13
2013.01.02 13:42:11.069,1.05058,1.05069,1.65,1.50
2013.01.02 13:42:12.324,1.05058,1.05071,3.83,2.25
2013.01.02 13:42:12.390,1.05059,1.05071,1.43,2.25
2013.01.02 13:42:12.928,1.05058,1.05071,2.40,1.50
2013.01.02 13:42:13.470,1.05059,1.05073,2.40,1.73
2013.01.02 13:42:14.019,1.0506,1.05073,3.38,1.73
2013.01.02 13:42:14.539,1.0506,1.05073,2.63,1.73
2013.01.02 13:42:15.170,1.0506,1.05073,1.88,1.73
2013.01.02 13:42:15.559,1.05059,1.05071,4.28,1.13
2013.01.02 13:42:16.099,1.05058,1.0507,1.65,1.13
2013.01.02 13:42:16.639,1.05057,1.05069,2.63,1.50
2013.01.02 13:42:17.889,1.05058,1.05069,1.65,1.13
2013.01.02 13:42:18.130,1.0506,1.05073,1.13,2.48
2013.01.02 13:42:18.249,1.0506,1.05073,3.00,2.48
2013.01.02 13:42:19.399,1.0506,1.05073,1.13,2.48
2013.01.02 13:42:20.780,1.05061,1.05073,2.63,1.35
2013.01.02 13:42:21.139,1.05063,1.05077,4.28,1.13
2013.01.02 13:42:21.840,1.05064,1.05078,2.03,3.23
2013.01.02 13:42:25.159,1.05062,1.05075,1.88,1.13
2013.01.02 13:42:25.279,1.05062,1.05074,1.50,1.28
2013.01.02 13:42:25.339,1.05062,1.05074,1.50,1.50
2013.01.02 13:42:25.909,1.05062,1.05074,1.50,1.13
2013.01.02 13:42:26.211,1.05063,1.05077,1.65,2.63
2013.01.02 13:42:26.728,1.05063,1.05077,2.40,1.88
2013.01.02 13:42:27.309,1.05063,1.05077,2.40,2.25
2013.01.02 13:42:28.709,1.05062,1.05077,4.65,1.88
2013.01.02 13:42:28.830,1.05068,1.05077,1.13,1.13
2013.01.02 13:42:29.380,1.05071,1.05078,1.13,1.13
2013.01.02 13:42:29.800,1.0507,1.05079,1.50,1.50
2013.01.02 13:42:30.352,1.05067,1.05081,2.25,2.03
2013.01.02 13:42:34.922,1.0507,1.05082,1.50,1.88
2013.01.02 13:42:35.229,1.05071,1.05082,1.13,1.88
2013.01.02 13:42:35.529,1.05071,1.05082,1.13,1.13
2013.01.02 13:42:38.989,1.05072,1.05084,1.88,1.73
2013.01.02 13:42:40.079,1.05073,1.05084,1.50,1.73
2013.01.02 13:42:41.109,1.05068,1.05076,3.90,1.13
2013.01.02 13:42:41.419,1.05066,1.05073,1.50,1.35
2013.01.02 13:42:41.540,1.05062,1.05073,1.50,1.50
2013.01.02 13:42:41.779,1.05068,1.05075,1.50,2.85
2013.01.02 13:42:41.959,1.05061,1.05073,2.25,1.88
2013.01.02 13:42:42.020,1.0506,1.05073,3.75,1.88
2013.01.02 13:42:42.539,1.0506,1.05073,1.88,1.88
2013.01.02 13:42:43.858,1.0506,1.05073,1.88,2.63
2013.01.02 13:42:43.920,1.0506,1.05073,1.88,2.63
2013.01.02 13:42:44.490,1.0506,1.05073,1.88,1.88
2013.01.02 13:42:44.989,1.0506,1.05073,1.88,1.88
2013.01.02 13:42:45.542,1.0506,1.05073,1.88,1.88
2013.01.02 13:42:47.440,1.0506,1.05072,1.50,1.50
2013.01.02 13:42:47.500,1.0506,1.05072,1.13,1.50
2013.01.02 13:42:47.861,1.05058,1.05069,1.65,2.25
2013.01.02 13:42:47.922,1.05057,1.05069,1.65,2.25
2013.01.02 13:42:50.190,1.05056,1.05067,6.00,1.13
2013.01.02 13:42:50.728,1.05054,1.05067,3.15,1.88
2013.01.02 13:42:52.143,1.05054,1.05066,3.90,1.50
2013.01.02 13:42:53.430,1.05057,1.05066,1.13,1.13
2013.01.02 13:42:53.999,1.05057,1.05067,1.50,1.50
2013.01.02 13:42:54.504,1.05054,1.05067,1.50,1.50
2013.01.02 13:42:56.210,1.05059,1.05069,2.03,2.48
2013.01.02 13:42:56.629,1.05059,1.0507,2.18,1.50
2013.01.02 13:42:57.048,1.05059,1.05071,1.28,1.28
2013.01.02 13:42:57.600,1.05059,1.05072,3.45,1.50
2013.01.02 13:42:58.220,1.05059,1.05072,2.18,1.50
2013.01.02 13:43:00.010,1.05059,1.0507,1.80,1.50
2013.01.02 13:43:00.729,1.05057,1.05067,1.88,1.13
2013.01.02 13:43:01.079,1.05057,1.05067,1.13,1.13
2013.01.02 13:43:01.199,1.05055,1.05067,6.98,1.28
2013.01.02 13:43:01.380,1.05054,1.05065,2.78,1.13
2013.01.02 13:43:01.732,1.05054,1.05066,2.03,1.50
2013.01.02 13:43:02.110,1.05054,1.05066,2.03,1.50
2013.01.02 13:43:03.210,1.05054,1.05066,1.88,3.23
2013.01.02 13:43:03.464,1.05053,1.05062,2.25,1.13
2013.01.02 13:43:03.829,1.05054,1.05066,2.78,1.13
2013.01.02 13:43:03.890,1.05054,1.05067,2.78,2.63
2013.01.02 13:43:04.399,1.05054,1.05067,3.53,1.13
2013.01.02 13:43:05.829,1.05054,1.05066,3.75,1.13
2013.01.02 13:43:09.601,1.05054,1.05066,3.00,1.13
2013.01.02 13:43:09.960,1.05054,1.05065,1.73,1.73
2013.01.02 13:43:10.319,1.05053,1.05062,2.25,1.13
2013.01.02 13:43:10.560,1.05054,1.05066,2.85,2.85
2013.01.02 13:43:10.679,1.05054,1.05067,3.60,1.88
2013.01.02 13:43:14.269,1.05054,1.05067,4.35,1.50
2013.01.02 13:43:29.530,1.05057,1.05067,1.13,1.50
2013.01.02 13:43:30.499,1.05057,1.05066,1.13,1.13
2013.01.02 13:43:34.909,1.05054,1.05066,2.10,1.13
2013.01.02 13:43:35.719,1.05057,1.05067,1.13,1.50
2013.01.02 13:43:36.260,1.05059,1.05069,1.73,1.13
2013.01.02 13:43:37.929,1.05058,1.0507,1.13,1.50
2013.01.02 13:43:38.472,1.05058,1.0507,1.50,1.13
2013.01.02 13:43:39.009,1.05058,1.0507,1.13,1.50
2013.01.02 13:43:39.829,1.05058,1.0507,1.50,1.50
2013.01.02 13:43:40.158,1.05059,1.0507,1.35,1.50
2013.01.02 13:43:41.490,1.05058,1.0507,1.13,1.50
2013.01.02 13:43:42.549,1.05058,1.05069,1.50,1.13
2013.01.02 13:43:46.029,1.05058,1.05069,1.13,2.25
2013.01.02 13:43:46.759,1.05057,1.05068,1.13,1.13
2013.01.02 13:43:48.271,1.05057,1.05068,1.88,1.13
2013.01.02 13:43:58.139,1.05057,1.05068,1.88,1.13
2013.01.02 13:43:58.439,1.05055,1.05066,1.35,1.13
2013.01.02 13:43:59.490,1.05053,1.05064,3.98,1.13
2013.01.02 13:43:59.790,1.05052,1.05064,3.75,1.35
2013.01.02 13:43:59.849,1.05053,1.05065,1.13,1.13
2013.01.02 13:44:00.460,1.05054,1.05067,1.35,1.50
2013.01.02 13:44:00.819,1.05053,1.05064,2.48,1.13
2013.01.02 13:44:00.879,1.05053,1.05064,2.25,1.35
2013.01.02 13:44:01.059,1.05053,1.05064,2.25,1.13
2013.01.02 13:44:01.299,1.05053,1.05066,1.88,1.88
2013.01.02 13:44:01.909,1.05053,1.05066,2.63,1.50
2013.01.02 13:44:03.102,1.05055,1.05066,1.35,1.50
2013.01.02 13:44:03.610,1.05054,1.05066,1.50,1.50
2013.01.02 13:44:05.832,1.05054,1.05066,1.50,1.50
2013.01.02 13:44:06.389,1.05054,1.05066,1.13,1.50
2013.01.02 13:44:16.660,1.05054,1.05066,1.50,1.50
2013.01.02 13:44:17.199,1.05054,1.05066,1.13,2.63
2013.01.02 13:44:17.751,1.05054,1.05065,1.13,1.13
2013.01.02 13:44:22.140,1.05053,1.05065,1.88,1.13
2013.01.02 13:44:22.650,1.05053,1.05065,2.63,1.13
2013.01.02 13:44:31.330,1.05053,1.05066,1.88,2.63
2013.01.02 13:44:31.579,1.05053,1.05064,1.88,1.13
2013.01.02 13:44:32.099,1.05054,1.05065,1.13,1.88
2013.01.02 13:44:32.619,1.05054,1.05065,1.13,1.13
2013.01.02 13:44:33.892,1.05054,1.05065,1.13,1.88
2013.01.02 13:44:36.260,1.05054,1.05065,1.13,1.50
2013.01.02 13:44:36.501,1.05054,1.05065,1.13,1.50
2013.01.02 13:44:37.099,1.05052,1.05065,2.10,1.50
2013.01.02 13:44:38.721,1.05052,1.05065,2.10,2.25
2013.01.02 13:44:39.679,1.05053,1.05066,1.88,2.63
2013.01.02 13:44:44.271,1.05054,1.05066,1.13,2.63
2013.01.02 13:44:46.796,1.05054,1.05066,1.88,2.63
2013.01.02 13:44:51.520,1.05054,1.05066,1.88,2.63
2013.01.02 13:44:51.822,1.05056,1.05066,2.85,1.13
2013.01.02 13:44:51.941,1.05056,1.05067,2.85,1.50
2013.01.02 13:44:52.502,1.05056,1.05069,2.85,1.88
2013.01.02 13:45:02.040,1.05057,1.05069,3.38,1.13
2013.01.02 13:45:02.580,1.05058,1.05069,1.13,1.13
2013.01.02 13:45:03.179,1.05058,1.05069,1.13,1.50
2013.01.02 13:45:05.684,1.05059,1.05071,5.40,1.50
2013.01.02 13:45:05.989,1.05058,1.05071,1.13,1.50
2013.01.02 13:45:09.273,1.05058,1.0507,2.63,1.73
2013.01.02 13:45:17.843,1.05054,1.05067,1.13,1.88
2013.01.02 13:45:17.912,1.05053,1.05065,2.25,1.35
2013.01.02 13:45:18.439,1.05054,1.05065,3.00,1.35
2013.01.02 13:45:19.255,1.05054,1.05067,1.50,1.88
2013.01.02 13:45:19.337,1.05055,1.05067,1.50,1.13
2013.01.02 13:45:19.939,1.05055,1.05069,2.55,2.10
2013.01.02 13:45:20.015,1.05059,1.05069,1.73,2.10
2013.01.02 13:45:20.141,1.05053,1.05067,3.08,1.88
2013.01.02 13:45:23.701,1.05053,1.05067,2.25,1.13
2013.01.02 13:45:32.300,1.05057,1.05067,1.13,1.13
2013.01.02 13:45:32.601,1.0506,1.0507,1.50,1.50
2013.01.02 13:45:32.664,1.05059,1.0507,4.43,1.73
2013.01.02 13:45:33.279,1.05059,1.05073,7.20,2.10
2013.01.02 13:45:37.860,1.0506,1.05071,1.13,1.13
2013.01.02 13:45:38.039,1.05059,1.05071,2.18,1.50
2013.01.02 13:45:38.579,1.05059,1.05072,2.78,3.00
2013.01.02 13:45:39.336,1.0506,1.05072,1.13,2.25
2013.01.02 13:45:43.989,1.0506,1.05071,1.13,1.13
2013.01.02 13:45:45.709,1.05058,1.05071,4.35,2.63
2013.01.02 13:45:45.769,1.05058,1.05071,3.98,2.63
2013.01.02 13:45:45.890,1.05058,1.05069,2.85,1.50
2013.01.02 13:45:46.249,1.05058,1.05067,1.13,1.13
2013.01.02 13:45:46.311,1.05059,1.0507,2.93,1.73
2013.01.02 13:45:46.869,1.05062,1.05072,2.25,3.00
2013.01.02 13:45:49.010,1.05059,1.05071,4.43,1.50
2013.01.02 13:45:50.799,1.05062,1.05071,1.50,2.25
2013.01.02 13:45:51.340,1.0506,1.05071,1.73,1.50
2013.01.02 13:45:51.865,1.0506,1.05071,1.73,1.50
2013.01.02 13:45:52.049,1.05061,1.05071,1.73,1.50
2013.01.02 13:45:59.485,1.05062,1.05071,1.50,1.50
2013.01.02 13:46:03.728,1.05059,1.05071,4.50,1.50
2013.01.02 13:46:04.230,1.0506,1.05071,1.50,1.50
2013.01.02 13:46:15.071,1.05062,1.05071,1.50,1.50
2013.01.02 13:46:16.759,1.05062,1.05072,1.88,2.25
2013.01.02 13:46:16.879,1.05064,1.05072,3.00,2.25
2013.01.02 13:46:17.181,1.05066,1.05072,2.25,1.65
2013.01.02 13:46:17.481,1.05062,1.05072,1.50,1.13
2013.01.02 13:46:20.170,1.05067,1.05073,1.50,1.73
2013.01.02 13:46:20.350,1.05063,1.05073,1.50,1.73
2013.01.02 13:46:27.899,1.0506,1.05073,1.50,2.25
2013.01.02 13:46:30.190,1.05063,1.05073,1.28,1.50
2013.01.02 13:46:30.310,1.05064,1.05076,1.13,2.03
2013.01.02 13:46:30.811,1.05064,1.05076,1.13,1.28
2013.01.02 13:46:36.922,1.05062,1.05074,1.13,1.50
2013.01.02 13:46:37.114,1.05061,1.05072,2.25,1.13
2013.01.02 13:46:37.884,1.05061,1.05073,1.50,1.35
