2016.01.26 02:00:00.366,0.69524,0.69534,1.12,1.00
2016.01.26 02:00:00.878,0.69523,0.69535,2.32,1.10
2016.01.26 02:00:01.390,0.69525,0.69536,1.12,1.12
2016.01.26 02:00:01.903,0.69524,0.69536,1.87,1.00
2016.01.26 02:00:02.409,0.69524,0.69536,1.00,1.50
2016.01.26 02:00:03.239,0.69524,0.69536,1.00,1.12
2016.01.26 02:00:03.391,0.69524,0.69534,1.00,1.00
2016.01.26 02:00:03.933,0.69523,0.69531,1.50,1.00
2016.01.26 02:00:04.036,0.6952,0.69531,2.02,1.00
2016.01.26 02:00:04.138,0.6952,0.69529,1.37,1.00
2016.01.26 02:00:04.189,0.69519,0.69528,1.20,1.00
2016.01.26 02:00:04.905,0.69519,0.6953,1.12,1.20
2016.01.26 02:00:05.006,0.6952,0.69532,1.00,1.65
2016.01.26 02:00:05.108,0.69521,0.69532,2.25,1.00
2016.01.26 02:00:05.665,0.69521,0.69532,1.50,1.00
2016.01.26 02:00:06.215,0.69521,0.69531,1.00,1.00
2016.01.26 02:00:06.947,0.69521,0.6953,1.00,1.00
2016.01.26 02:00:07.469,0.69519,0.69532,5.25,1.20
2016.01.26 02:00:07.994,0.6952,0.69531,1.95,1.00
2016.01.26 02:00:08.598,0.69519,0.6953,3.07,1.00
2016.01.26 02:00:10.229,0.69519,0.69529,1.12,1.00
2016.01.26 02:00:10.330,0.69519,0.69524,1.12,1.00
2016.01.26 02:00:10.432,0.69514,0.69522,3.07,1.00
2016.01.26 02:00:10.534,0.69511,0.69519,1.00,1.00
2016.01.26 02:00:10.838,0.69508,0.69519,3.00,1.00
2016.01.26 02:00:11.348,0.6951,0.69521,1.00,2.62
2016.01.26 02:00:11.856,0.69509,0.6952,1.50,1.00
2016.01.26 02:00:15.808,0.69509,0.69521,1.00,1.87
2016.01.26 02:00:16.395,0.69509,0.69521,1.00,2.62
2016.01.26 02:00:21.046,0.69509,0.69521,1.37,2.25
2016.01.26 02:00:22.933,0.69512,0.69521,1.00,1.50
2016.01.26 02:00:23.035,0.69512,0.69522,1.00,2.02
2016.01.26 02:00:23.543,0.69512,0.69521,1.00,1.00
2016.01.26 02:00:25.073,0.69511,0.69522,1.00,1.65
2016.01.26 02:00:27.901,0.69511,0.69523,2.25,2.25
2016.01.26 02:00:28.142,0.69512,0.69524,2.40,3.00
2016.01.26 02:00:28.193,0.69512,0.69525,2.77,3.00
2016.01.26 02:00:31.720,0.69515,0.69525,1.00,1.87
2016.01.26 02:00:31.823,0.69516,0.69526,1.00,1.87
2016.01.26 02:00:31.975,0.69519,0.69529,1.12,3.37
2016.01.26 02:00:32.076,0.69521,0.6953,1.00,1.00
2016.01.26 02:00:32.619,0.69519,0.6953,1.10,1.50
2016.01.26 02:00:33.075,0.69518,0.69529,1.50,1.37
2016.01.26 02:00:36.356,0.69517,0.69528,2.32,1.12
2016.01.26 02:00:37.263,0.69517,0.69525,1.20,1.00
2016.01.26 02:00:37.467,0.69514,0.69526,1.50,1.50
2016.01.26 02:00:37.670,0.69515,0.69527,1.57,1.57
2016.01.26 02:00:37.721,0.69515,0.69527,1.95,1.20
2016.01.26 02:00:38.851,0.69515,0.69525,2.32,1.00
2016.01.26 02:00:39.357,0.69513,0.69524,1.12,1.00
2016.01.26 02:00:39.863,0.69512,0.69524,1.85,1.37
2016.01.26 02:00:40.120,0.6951,0.69521,2.70,1.50
2016.01.26 02:00:41.298,0.69509,0.6952,1.87,1.00
2016.01.26 02:00:41.805,0.6951,0.69521,1.50,2.25
2016.01.26 02:00:42.807,0.69509,0.69521,1.12,1.50
2016.01.26 02:00:43.694,0.69509,0.69521,1.12,1.50
2016.01.26 02:00:44.663,0.6951,0.69521,1.50,2.25
2016.01.26 02:00:45.664,0.6951,0.69521,1.50,2.40
2016.01.26 02:00:46.262,0.6951,0.6952,1.50,1.00
2016.01.26 02:00:50.819,0.69509,0.69521,1.87,1.65
2016.01.26 02:00:51.596,0.69512,0.69522,1.00,1.57
2016.01.26 02:00:51.647,0.69515,0.69522,1.87,1.57
2016.01.26 02:00:51.800,0.69517,0.69527,1.87,2.62
2016.01.26 02:00:51.851,0.69519,0.69527,1.00,1.50
2016.01.26 02:00:51.902,0.69519,0.69529,1.00,1.95
2016.01.26 02:00:52.574,0.69518,0.6953,1.20,4.20
2016.01.26 02:00:52.676,0.69515,0.69526,1.87,1.00
2016.01.26 02:00:52.930,0.69513,0.69525,1.57,2.32
2016.01.26 02:00:52.981,0.69512,0.69525,2.62,2.70
2016.01.26 02:00:53.488,0.69512,0.69523,1.87,1.00
2016.01.26 02:00:54.029,0.69513,0.69525,1.87,1.57
2016.01.26 02:00:54.182,0.69515,0.69525,1.12,1.95
2016.01.26 02:00:54.705,0.69515,0.69527,1.00,3.07
2016.01.26 02:00:57.775,0.69515,0.69525,1.00,1.00
2016.01.26 02:01:03.106,0.69514,0.69525,1.12,1.00
2016.01.26 02:01:05.158,0.69515,0.69525,1.00,1.00
2016.01.26 02:01:07.113,0.69514,0.69525,1.50,1.12
2016.01.26 02:01:07.417,0.69513,0.69524,2.25,1.37
2016.01.26 02:01:08.497,0.69514,0.69525,1.00,2.70
2016.01.26 02:01:09.654,0.69514,0.69525,1.00,2.70
2016.01.26 02:01:10.222,0.69514,0.69525,1.00,2.70
2016.01.26 02:01:11.592,0.69514,0.69525,1.00,2.40
2016.01.26 02:01:12.351,0.69513,0.69525,1.00,2.02
2016.01.26 02:01:17.664,0.69514,0.69525,1.00,2.40
2016.01.26 02:01:17.968,0.69517,0.69527,1.50,2.25
2016.01.26 02:01:18.120,0.69518,0.69529,1.00,2.02
2016.01.26 02:01:18.626,0.69518,0.69529,1.50,1.00
2016.01.26 02:01:19.157,0.69519,0.6953,1.00,1.50
2016.01.26 02:01:19.674,0.69519,0.69531,1.50,1.20
2016.01.26 02:01:20.697,0.6952,0.69531,1.00,1.95
2016.01.26 02:01:22.490,0.69519,0.69531,1.00,1.20
2016.01.26 02:01:22.591,0.69518,0.69529,1.12,1.00
2016.01.26 02:01:23.103,0.69518,0.69529,1.00,1.47
2016.01.26 02:01:28.299,0.69519,0.6953,1.00,1.57
2016.01.26 02:01:28.401,0.6952,0.69532,1.00,3.07
2016.01.26 02:01:36.441,0.6952,0.69532,1.00,5.32
2016.01.26 02:01:36.973,0.6952,0.69531,1.00,1.07
2016.01.26 02:01:39.963,0.6952,0.69531,1.00,1.00
2016.01.26 02:01:44.970,0.6952,0.6953,1.00,1.00
2016.01.26 02:01:45.475,0.69519,0.6953,1.50,1.50
2016.01.26 02:01:46.039,0.69517,0.69529,1.12,1.47
2016.01.26 02:01:47.086,0.69517,0.69529,1.12,1.95
2016.01.26 02:01:47.596,0.69518,0.69529,1.00,1.95
2016.01.26 02:01:48.119,0.69516,0.69529,2.25,1.57
2016.01.26 02:01:49.642,0.69516,0.69529,2.25,1.57
2016.01.26 02:01:56.254,0.69518,0.69528,1.00,1.57
2016.01.26 02:01:58.189,0.69518,0.69528,1.00,1.50
2016.01.26 02:01:59.543,0.69517,0.69528,1.00,1.12
2016.01.26 02:01:59.982,0.69518,0.69529,1.87,1.37
2016.01.26 02:02:00.033,0.6952,0.6953,1.50,1.20
2016.01.26 02:02:00.084,0.69521,0.69532,1.00,1.57
2016.01.26 02:02:00.332,0.69523,0.69533,1.12,1.00
2016.01.26 02:02:00.536,0.69524,0.69536,1.12,1.65
2016.01.26 02:02:06.004,0.69523,0.69536,2.62,1.47
2016.01.26 02:02:06.106,0.69522,0.69533,1.95,1.12
2016.01.26 02:02:06.309,0.69521,0.69533,1.50,1.57
2016.01.26 02:02:06.854,0.6952,0.69533,1.95,2.70
2016.01.26 02:02:07.379,0.69521,0.69532,1.50,1.00
2016.01.26 02:02:07.897,0.6952,0.69533,1.10,2.32
2016.01.26 02:02:09.558,0.6952,0.69533,1.10,3.07
2016.01.26 02:02:11.848,0.6952,0.69532,1.47,1.00
2016.01.26 02:02:13.080,0.69519,0.69532,4.20,1.00
2016.01.26 02:02:18.407,0.69521,0.69532,1.00,1.87
2016.01.26 02:02:18.912,0.69522,0.69533,1.12,1.10
2016.01.26 02:02:19.453,0.69522,0.69533,1.12,1.50
2016.01.26 02:02:19.985,0.69522,0.69533,1.12,1.12
2016.01.26 02:02:20.491,0.6952,0.69532,1.57,1.12
2016.01.26 02:02:20.643,0.69519,0.69532,1.87,1.87
2016.01.26 02:02:21.526,0.69519,0.69531,1.87,1.37
2016.01.26 02:02:22.033,0.69519,0.69531,3.00,1.00
2016.01.26 02:02:24.119,0.69519,0.69531,2.32,1.00
2016.01.26 02:02:28.197,0.6952,0.69531,1.00,1.87
2016.01.26 02:02:31.780,0.6952,0.6953,1.12,1.12
2016.01.26 02:02:32.282,0.69517,0.69529,2.62,2.25
2016.01.26 02:02:32.839,0.69518,0.69529,1.37,2.25
2016.01.26 02:02:37.849,0.69518,0.69529,1.50,1.87
2016.01.26 02:02:40.964,0.69518,0.69529,1.50,1.50
2016.01.26 02:02:47.145,0.69516,0.69527,1.12,1.00
2016.01.26 02:02:47.450,0.69511,0.6952,1.50,1.00
2016.01.26 02:02:47.980,0.69509,0.6952,1.50,1.12
2016.01.26 02:02:48.801,0.69509,0.69519,1.37,1.00
2016.01.26 02:02:50.858,0.69509,0.6952,1.50,1.00
2016.01.26 02:02:53.289,0.69509,0.69518,1.50,1.00
2016.01.26 02:02:55.467,0.69509,0.6952,1.50,1.00
2016.01.26 02:02:55.670,0.69512,0.69521,1.50,1.00
2016.01.26 02:02:55.891,0.69514,0.69525,1.12,3.07
2016.01.26 02:02:56.399,0.69514,0.69525,2.25,1.12
2016.01.26 02:02:56.945,0.69514,0.69524,1.12,1.00
2016.01.26 02:02:57.216,0.69511,0.69522,2.70,1.00
2016.01.26 02:02:57.267,0.69511,0.69522,1.00,1.00
2016.01.26 02:02:57.775,0.6951,0.69522,1.50,1.37
2016.01.26 02:03:00.860,0.6951,0.6952,1.50,1.12
2016.01.26 02:03:01.215,0.69509,0.69518,1.12,1.00
2016.01.26 02:03:03.732,0.6951,0.69518,1.00,1.12
2016.01.26 02:03:04.297,0.6951,0.6952,1.12,1.12
2016.01.26 02:03:04.550,0.6951,0.69521,3.00,1.12
2016.01.26 02:03:05.054,0.6951,0.69522,2.62,1.95
2016.01.26 02:03:06.282,0.6951,0.69521,2.62,1.12
2016.01.26 02:03:06.760,0.6951,0.69521,1.12,1.12
2016.01.26 02:03:07.267,0.6951,0.69521,1.12,2.40
2016.01.26 02:03:07.318,0.6951,0.69521,1.75,2.40
2016.01.26 02:03:07.915,0.69511,0.69521,1.50,1.12
2016.01.26 02:03:08.866,0.69511,0.69522,1.75,1.37
2016.01.26 02:03:09.469,0.69512,0.69523,1.12,1.50
2016.01.26 02:03:09.672,0.69512,0.69523,1.87,1.00
2016.01.26 02:03:13.626,0.69514,0.69523,1.00,1.50
2016.01.26 02:03:14.141,0.69511,0.6952,1.50,1.00
2016.01.26 02:03:14.851,0.6951,0.69521,1.12,2.32
2016.01.26 02:03:19.037,0.6951,0.69519,1.37,1.00
2016.01.26 02:03:19.566,0.6951,0.69519,1.00,1.00
2016.01.26 02:03:21.984,0.6951,0.69519,1.00,1.37
2016.01.26 02:03:22.983,0.6951,0.69519,1.00,1.00
2016.01.26 02:03:26.760,0.69508,0.69516,1.47,1.50
2016.01.26 02:03:26.862,0.69505,0.69515,2.02,1.87
2016.01.26 02:03:26.913,0.69504,0.69511,2.20,1.00
2016.01.26 02:03:27.091,0.69504,0.69513,1.50,1.87
2016.01.26 02:03:27.143,0.69501,0.69512,1.87,1.57
2016.01.26 02:03:31.288,0.69501,0.69513,1.87,2.25
2016.01.26 02:03:31.892,0.69505,0.69513,1.00,1.00
2016.01.26 02:03:32.044,0.69505,0.69515,1.12,1.50
2016.01.26 02:03:32.550,0.69506,0.69516,1.12,1.12
2016.01.26 02:03:34.906,0.69507,0.69517,1.00,1.87
2016.01.26 02:03:35.059,0.69508,0.69516,1.50,1.00
2016.01.26 02:03:35.324,0.69508,0.69518,1.50,1.00
2016.01.26 02:03:35.871,0.69507,0.69519,2.62,2.62
2016.01.26 02:03:36.427,0.69507,0.69517,2.62,1.00
2016.01.26 02:03:37.783,0.69507,0.69517,2.62,1.00
2016.01.26 02:03:38.313,0.69507,0.69517,1.50,1.00
2016.01.26 02:03:41.341,0.69507,0.69515,1.00,1.00
2016.01.26 02:03:43.076,0.69504,0.69514,1.37,1.00
2016.01.26 02:03:43.616,0.69503,0.69512,1.50,1.00
2016.01.26 02:03:44.124,0.69502,0.69511,3.07,1.00
2016.01.26 02:03:44.633,0.69502,0.69512,2.70,1.00
2016.01.26 02:03:47.048,0.69503,0.69513,2.25,1.00
2016.01.26 02:03:49.471,0.69503,0.69514,1.50,2.62
2016.01.26 02:03:52.407,0.69503,0.69512,1.57,1.00
2016.01.26 02:03:52.913,0.69503,0.69512,1.20,1.00
2016.01.26 02:03:54.305,0.69501,0.69511,4.87,1.00
2016.01.26 02:03:55.620,0.69501,0.69512,1.87,1.87
2016.01.26 02:03:55.924,0.69501,0.69507,1.37,1.00
2016.01.26 02:03:56.025,0.69499,0.69508,2.70,1.50
2016.01.26 02:03:56.127,0.69497,0.69505,1.47,1.00
2016.01.26 02:03:56.281,0.69494,0.69506,1.87,1.37
2016.01.26 02:03:56.811,0.69494,0.69504,1.50,1.00
2016.01.26 02:03:56.863,0.69493,0.69504,1.47,1.00
2016.01.26 02:03:57.374,0.69493,0.69503,1.47,1.00
2016.01.26 02:04:00.415,0.69493,0.69503,1.10,1.00
2016.01.26 02:04:01.139,0.69492,0.69502,2.70,1.00
2016.01.26 02:04:01.645,0.69492,0.69501,1.50,1.00
2016.01.26 02:04:02.170,0.6949,0.69499,1.07,1.12
2016.01.26 02:04:02.359,0.69489,0.69499,1.10,1.00
2016.01.26 02:04:02.895,0.69489,0.695,1.00,1.95
2016.01.26 02:04:03.350,0.69491,0.695,1.00,1.00
2016.01.26 02:04:03.694,0.69495,0.69505,1.57,1.87
2016.01.26 02:04:05.579,0.69496,0.69506,1.20,1.37
2016.01.26 02:04:05.983,0.69497,0.69509,1.95,1.50
2016.01.26 02:04:06.085,0.695,0.6951,1.00,1.50
2016.01.26 02:04:06.544,0.695,0.69511,1.12,1.12
2016.01.26 02:04:07.068,0.695,0.6951,1.12,1.00
2016.01.26 02:04:07.221,0.695,0.69508,1.00,1.00
2016.01.26 02:04:08.159,0.69498,0.69508,2.70,1.00
2016.01.26 02:04:13.873,0.69498,0.69509,1.95,1.00
2016.01.26 02:04:14.176,0.69498,0.69507,1.37,1.00
2016.01.26 02:04:14.792,0.69497,0.69508,1.12,1.00
2016.01.26 02:04:15.298,0.69497,0.69507,1.50,1.00
2016.01.26 02:04:17.348,0.69497,0.69508,1.65,1.00
2016.01.26 02:04:17.501,0.69499,0.6951,2.25,1.12
2016.01.26 02:04:17.907,0.69501,0.6951,1.12,1.00
2016.01.26 02:04:18.672,0.69499,0.6951,1.20,1.00
2016.01.26 02:04:19.178,0.69499,0.69509,1.20,1.00
2016.01.26 02:04:23.315,0.69499,0.6951,1.07,1.50
2016.01.26 02:04:25.006,0.695,0.6951,1.57,1.00
2016.01.26 02:04:25.513,0.69501,0.69512,1.07,3.37
2016.01.26 02:04:28.186,0.69503,0.69513,1.00,2.25
2016.01.26 02:04:28.288,0.69505,0.69513,1.00,1.00
2016.01.26 02:04:28.389,0.69506,0.69517,1.37,1.50
2016.01.26 02:04:28.541,0.69506,0.69518,1.87,3.00
2016.01.26 02:04:28.694,0.69506,0.69518,2.70,1.87
2016.01.26 02:04:30.559,0.69506,0.69518,1.95,1.12
2016.01.26 02:04:39.572,0.69508,0.69518,1.47,1.50
2016.01.26 02:04:41.176,0.6951,0.69519,1.00,1.00
2016.01.26 02:04:41.227,0.6951,0.69519,1.75,1.00
2016.01.26 02:04:41.278,0.69512,0.69522,1.37,1.57
2016.01.26 02:04:41.481,0.69514,0.69526,1.65,1.00
2016.01.26 02:04:41.809,0.69515,0.69526,1.57,1.12
2016.01.26 02:04:43.023,0.69515,0.69524,1.12,1.00
2016.01.26 02:04:43.530,0.69515,0.69524,1.07,1.00
2016.01.26 02:04:44.100,0.69515,0.69522,1.20,1.00
2016.01.26 02:04:44.303,0.69511,0.6952,1.12,1.00
2016.01.26 02:04:44.807,0.69509,0.69519,1.45,1.00
2016.01.26 02:04:45.314,0.69508,0.6952,2.40,1.00
2016.01.26 02:04:46.605,0.69508,0.69519,2.77,1.00
2016.01.26 02:04:47.112,0.69509,0.6952,1.57,1.00
2016.01.26 02:04:47.618,0.69508,0.69518,1.65,1.00
2016.01.26 02:04:51.133,0.69506,0.69517,2.62,1.12
2016.01.26 02:04:51.235,0.69506,0.69516,1.50,1.00
2016.01.26 02:04:51.336,0.69505,0.69514,1.50,1.00
2016.01.26 02:04:51.388,0.69504,0.69513,1.37,1.00
2016.01.26 02:04:51.490,0.69503,0.69513,1.00,1.00
2016.01.26 02:04:52.083,0.69502,0.69513,1.00,1.50
2016.01.26 02:04:52.390,0.69502,0.69508,1.00,1.00
2016.01.26 02:04:52.492,0.695,0.69509,1.10,1.12
2016.01.26 02:04:53.003,0.695,0.6951,1.00,1.87
2016.01.26 02:04:53.237,0.69501,0.69512,1.12,1.95
2016.01.26 02:04:53.743,0.69501,0.69511,1.10,1.00
2016.01.26 02:04:54.426,0.69501,0.6951,1.10,1.00
2016.01.26 02:04:54.936,0.695,0.6951,1.12,1.00
2016.01.26 02:05:02.689,0.695,0.69509,1.00,1.00
2016.01.26 02:05:02.842,0.69498,0.69508,1.57,1.00
2016.01.26 02:05:07.593,0.69498,0.6951,1.10,1.87
2016.01.26 02:05:08.140,0.69498,0.6951,1.57,1.87
2016.01.26 02:05:08.644,0.69498,0.6951,1.10,1.87
2016.01.26 02:05:09.712,0.69498,0.6951,1.20,1.87
2016.01.26 02:05:10.049,0.69498,0.6951,1.47,1.87
2016.01.26 02:05:11.678,0.69497,0.69509,2.77,1.00
2016.01.26 02:05:18.734,0.69497,0.69508,2.70,1.00
2016.01.26 02:05:19.038,0.69497,0.69506,1.57,1.00
2016.01.26 02:05:19.191,0.69496,0.69505,1.20,1.00
2016.01.26 02:05:22.299,0.69494,0.69505,1.37,2.62
2016.01.26 02:05:22.857,0.69493,0.69505,2.62,1.12
2016.01.26 02:05:27.654,0.69494,0.69504,1.37,1.00
2016.01.26 02:05:28.782,0.69493,0.69505,1.50,1.50
2016.01.26 02:05:31.195,0.69493,0.69504,1.37,1.00
2016.01.26 02:05:31.246,0.69493,0.69502,1.37,1.00
2016.01.26 02:05:31.398,0.6949,0.695,1.50,1.00
2016.01.26 02:05:32.504,0.6949,0.69499,1.37,1.00
2016.01.26 02:05:33.785,0.69489,0.695,1.87,1.00
2016.01.26 02:05:34.349,0.69491,0.69501,1.00,1.27
2016.01.26 02:05:35.286,0.69491,0.69503,1.87,1.12
2016.01.26 02:05:35.388,0.69492,0.69504,1.50,3.07
2016.01.26 02:05:35.935,0.69493,0.69506,1.95,2.40
2016.01.26 02:05:36.441,0.69496,0.69506,1.00,1.00
2016.01.26 02:05:36.594,0.69497,0.69508,1.00,1.00
2016.01.26 02:05:36.746,0.69499,0.69508,1.00,1.00
2016.01.26 02:05:37.642,0.69499,0.6951,1.00,1.37
2016.01.26 02:05:37.946,0.695,0.69511,1.12,2.17
2016.01.26 02:05:38.459,0.69501,0.69511,1.00,1.87
2016.01.26 02:05:38.910,0.69503,0.69511,1.00,1.87
2016.01.26 02:05:39.215,0.69503,0.69514,1.50,1.87
2016.01.26 02:05:39.721,0.69504,0.69515,1.37,1.42
2016.01.26 02:05:45.617,0.69503,0.69513,1.95,1.00
2016.01.26 02:05:48.460,0.69502,0.69513,2.02,1.00
2016.01.26 02:05:48.975,0.69501,0.69514,1.95,2.70
2016.01.26 02:05:49.704,0.69501,0.69512,1.20,2.25
2016.01.26 02:05:50.210,0.695,0.69511,1.12,1.00
2016.01.26 02:05:50.716,0.69501,0.69512,1.00,2.40
2016.01.26 02:05:51.713,0.69502,0.69512,1.00,1.65
2016.01.26 02:05:52.237,0.69503,0.69513,1.00,1.37
2016.01.26 02:05:52.743,0.69502,0.69513,1.50,1.87
2016.01.26 02:05:53.593,0.69504,0.69513,1.00,1.50
2016.01.26 02:05:53.807,0.69502,0.69513,1.50,1.50
2016.01.26 02:05:54.436,0.69503,0.69513,1.00,2.25
2016.01.26 02:05:54.941,0.69504,0.69513,1.00,1.50
2016.01.26 02:05:55.446,0.69503,0.69513,1.42,2.25
2016.01.26 02:05:55.991,0.69504,0.69513,1.00,1.50
2016.01.26 02:05:56.534,0.69503,0.69513,1.00,2.25
2016.01.26 02:06:04.101,0.69501,0.69512,1.20,1.50
2016.01.26 02:06:04.203,0.69499,0.69511,2.25,3.00
2016.01.26 02:06:04.780,0.695,0.6951,1.00,1.10
2016.01.26 02:06:05.286,0.695,0.6951,1.00,1.20
2016.01.26 02:06:07.284,0.69499,0.6951,1.00,1.20
2016.01.26 02:06:07.912,0.69498,0.6951,2.62,1.20
2016.01.26 02:06:13.148,0.69499,0.6951,1.00,1.00
2016.01.26 02:06:13.680,0.695,0.69511,1.00,1.47
2016.01.26 02:06:13.984,0.69502,0.69513,1.00,2.32
2016.01.26 02:06:14.532,0.69502,0.69513,1.00,2.70
2016.01.26 02:06:16.512,0.695,0.69511,2.70,1.00
2016.01.26 02:06:18.922,0.695,0.69511,3.07,1.00
2016.01.26 02:06:19.316,0.69503,0.69511,1.00,1.00
2016.01.26 02:06:19.474,0.69501,0.69513,1.00,1.20
2016.01.26 02:06:19.626,0.69505,0.69515,1.00,1.37
2016.01.26 02:06:19.852,0.69506,0.69517,1.37,1.47
2016.01.26 02:06:20.005,0.69506,0.69518,1.57,1.12
2016.01.26 02:06:20.360,0.69507,0.69518,1.95,1.00
2016.01.26 02:06:21.613,0.69508,0.6952,1.37,1.95
2016.01.26 02:06:22.127,0.69509,0.69519,1.50,1.00
2016.01.26 02:06:22.388,0.69511,0.69521,1.00,1.87
2016.01.26 02:06:22.907,0.69511,0.69521,1.00,1.00
2016.01.26 02:06:25.124,0.69514,0.69522,1.00,1.87
2016.01.26 02:06:25.396,0.69513,0.69524,1.87,1.10
2016.01.26 02:06:25.448,0.69514,0.69526,1.50,1.50
2016.01.26 02:06:25.651,0.69515,0.69526,1.50,1.00
2016.01.26 02:06:26.157,0.69515,0.69527,1.50,1.20
2016.01.26 02:06:26.713,0.69516,0.69527,1.00,1.10
2016.01.26 02:06:28.094,0.69516,0.69526,1.00,1.00
2016.01.26 02:06:30.677,0.69515,0.69528,1.50,3.15
2016.01.26 02:06:31.183,0.69515,0.69528,1.87,3.52
2016.01.26 02:06:32.713,0.69515,0.69523,1.37,1.00
2016.01.26 02:06:32.966,0.6951,0.69521,1.50,1.12
2016.01.26 02:06:33.876,0.69511,0.69522,1.00,1.27
2016.01.26 02:06:37.422,0.6951,0.69521,2.25,1.00
2016.01.26 02:06:37.877,0.69509,0.6952,1.00,1.00
2016.01.26 02:06:38.029,0.69507,0.6952,4.57,1.95
2016.01.26 02:06:38.531,0.69507,0.69519,3.82,1.00
2016.01.26 02:06:42.481,0.69508,0.69519,1.00,1.00
2016.01.26 02:06:44.822,0.69509,0.69519,1.00,1.00
2016.01.26 02:06:45.328,0.6951,0.6952,1.00,1.95
2016.01.26 02:06:56.656,0.6951,0.69519,1.00,1.00
2016.01.26 02:06:56.910,0.69508,0.6952,1.12,3.15
2016.01.26 02:06:57.434,0.69508,0.6952,1.12,2.77
2016.01.26 02:06:59.045,0.69508,0.6952,1.12,3.15
2016.01.26 02:07:02.124,0.69508,0.6952,1.00,3.52
2016.01.26 02:07:04.306,0.69507,0.69518,3.00,1.00
2016.01.26 02:07:04.613,0.69504,0.69511,1.10,1.00
2016.01.26 02:07:04.715,0.69502,0.69511,1.00,1.00
2016.01.26 02:07:04.818,0.69503,0.69515,2.25,1.12
2016.01.26 02:07:05.073,0.69504,0.69516,1.37,2.25
2016.01.26 02:07:05.579,0.69505,0.69515,1.12,1.00
2016.01.26 02:07:06.122,0.69505,0.69516,1.00,1.50
2016.01.26 02:07:12.107,0.69504,0.69516,1.87,1.12
2016.01.26 02:07:17.059,0.69505,0.69516,1.10,1.00
2016.01.26 02:07:17.668,0.69506,0.69516,1.00,1.12
2016.01.26 02:07:26.120,0.69504,0.69516,1.95,1.12
2016.01.26 02:07:27.909,0.69505,0.69516,1.10,2.62
2016.01.26 02:07:34.083,0.69504,0.69515,1.12,1.12
2016.01.26 02:07:38.628,0.69504,0.69515,1.50,1.12
2016.01.26 02:07:39.935,0.69505,0.69516,1.12,2.70
2016.01.26 02:07:48.866,0.69505,0.69517,1.87,1.50
2016.01.26 02:07:48.968,0.69508,0.69518,1.12,1.20
2016.01.26 02:07:55.583,0.69511,0.6952,1.00,3.45
2016.01.26 02:07:55.634,0.69511,0.6952,1.00,1.00
2016.01.26 02:07:55.685,0.69512,0.69521,1.37,2.25
2016.01.26 02:07:55.838,0.69514,0.69523,1.00,1.00
2016.01.26 02:07:55.889,0.69514,0.69525,1.00,3.75
2016.01.26 02:07:56.291,0.69515,0.69527,1.87,2.25
2016.01.26 02:07:58.085,0.69516,0.69527,1.00,1.12
2016.01.26 02:07:58.938,0.69516,0.69527,1.87,1.00
2016.01.26 02:07:59.442,0.6952,0.69529,1.87,1.00
2016.01.26 02:07:59.747,0.69522,0.69529,1.75,1.00
2016.01.26 02:08:00.254,0.69523,0.69529,1.12,1.00
2016.01.26 02:08:01.531,0.69523,0.69536,2.25,3.52
2016.01.26 02:08:03.827,0.69524,0.69536,1.95,2.25
2016.01.26 02:08:04.333,0.69525,0.69537,1.50,1.50
2016.01.26 02:08:04.637,0.69527,0.69537,1.37,1.12
2016.01.26 02:08:06.078,0.69526,0.69535,1.37,1.00
2016.01.26 02:08:06.280,0.69526,0.69535,1.00,1.00
2016.01.26 02:08:06.859,0.69525,0.69534,1.50,1.00
2016.01.26 02:08:07.214,0.69523,0.69532,3.37,1.00
2016.01.26 02:08:07.668,0.69524,0.69532,1.00,1.00
2016.01.26 02:08:07.871,0.69521,0.69531,1.95,1.00
2016.01.26 02:08:08.836,0.69521,0.69531,1.57,1.00
2016.01.26 02:08:12.571,0.69521,0.6953,1.57,1.00
2016.01.26 02:08:15.114,0.69521,0.69531,1.57,1.00
2016.01.26 02:08:16.212,0.69521,0.6953,1.57,1.00
2016.01.26 02:08:17.226,0.69522,0.69532,1.37,1.00
2016.01.26 02:08:21.897,0.69522,0.69532,1.37,1.00
2016.01.26 02:08:22.506,0.69524,0.69533,1.00,1.00
2016.01.26 02:08:25.481,0.69524,0.69532,1.00,1.00
2016.01.26 02:08:26.872,0.69523,0.69532,1.87,1.00
2016.01.26 02:08:28.914,0.69521,0.69532,2.02,1.00
2016.01.26 02:08:29.676,0.69521,0.69531,2.02,1.00
2016.01.26 02:08:30.179,0.6952,0.69531,2.70,1.00
2016.01.26 02:08:30.686,0.69521,0.6953,1.12,1.00
2016.01.26 02:08:31.548,0.69521,0.69532,1.12,1.50
2016.01.26 02:08:32.734,0.69521,0.6953,1.87,1.00
2016.01.26 02:08:33.321,0.69522,0.6953,1.00,1.00
2016.01.26 02:08:37.123,0.69522,0.69532,1.00,1.50
2016.01.26 02:08:38.927,0.69521,0.69532,1.87,1.50
2016.01.26 02:08:39.643,0.69521,0.69531,1.87,1.00
2016.01.26 02:08:39.893,0.69522,0.69531,1.00,1.00
2016.01.26 02:08:41.408,0.69522,0.69532,1.00,1.50
2016.01.26 02:08:43.163,0.69522,0.69531,1.50,1.00
2016.01.26 02:08:43.730,0.69522,0.69533,1.00,1.20
2016.01.26 02:08:43.932,0.69521,0.69533,3.75,1.12
2016.01.26 02:08:44.927,0.69522,0.69533,1.00,1.12
2016.01.26 02:08:47.344,0.69522,0.69533,1.75,1.12
2016.01.26 02:08:47.857,0.69524,0.69534,1.00,1.87
2016.01.26 02:08:50.355,0.69523,0.69534,1.87,1.50
2016.01.26 02:08:52.220,0.69523,0.69533,1.00,1.00
2016.01.26 02:08:54.418,0.69522,0.69534,1.37,1.57
2016.01.26 02:08:55.708,0.69523,0.69533,1.00,1.00
2016.01.26 02:08:56.024,0.69517,0.69528,1.50,1.00
2016.01.26 02:08:56.532,0.69516,0.69527,3.37,1.00
2016.01.26 02:09:07.919,0.69516,0.69528,3.75,1.20
2016.01.26 02:09:08.923,0.69516,0.69526,3.75,1.00
2016.01.26 02:09:13.940,0.69516,0.69526,2.25,1.00
2016.01.26 02:09:19.073,0.69516,0.69526,2.25,1.00
2016.01.26 02:09:20.082,0.69516,0.69526,2.25,1.00
2016.01.26 02:09:22.085,0.69516,0.69526,1.87,1.00
2016.01.26 02:09:25.233,0.69517,0.69527,1.12,1.12
2016.01.26 02:09:40.162,0.69517,0.69527,2.25,1.00
2016.01.26 02:09:40.213,0.69517,0.69523,1.50,1.00
2016.01.26 02:09:40.264,0.69517,0.69525,1.00,1.12
2016.01.26 02:09:40.315,0.69516,0.69523,1.00,1.00
2016.01.26 02:09:40.619,0.6951,0.69521,1.00,1.50
2016.01.26 02:09:41.031,0.69511,0.69521,5.25,1.00
2016.01.26 02:09:41.082,0.69513,0.69523,1.37,1.20
2016.01.26 02:09:41.133,0.69512,0.69521,1.37,1.00
2016.01.26 02:09:41.386,0.69512,0.69523,1.37,1.12
2016.01.26 02:09:43.929,0.69511,0.69522,3.00,1.00
2016.01.26 02:09:44.441,0.69512,0.69524,1.87,1.87
2016.01.26 02:09:44.947,0.69514,0.69524,1.00,1.12
2016.01.26 02:09:53.142,0.69514,0.69525,1.50,1.57
2016.01.26 02:09:54.044,0.69515,0.69525,1.00,1.12
2016.01.26 02:09:54.809,0.69515,0.69525,1.87,1.12
2016.01.26 02:09:55.316,0.69517,0.69528,1.50,1.27
2016.01.26 02:09:55.822,0.69518,0.69528,1.37,1.10
2016.01.26 02:10:06.483,0.69522,0.6953,1.00,1.85
2016.01.26 02:10:06.735,0.69527,0.69536,1.00,1.00
2016.01.26 02:10:07.646,0.69527,0.69537,1.12,1.00
2016.01.26 02:10:10.004,0.69525,0.69538,2.70,2.62
2016.01.26 02:10:12.493,0.69527,0.69537,1.12,1.00
2016.01.26 02:10:12.956,0.69525,0.69537,1.57,1.00
2016.01.26 02:10:13.109,0.69525,0.69536,1.20,1.37
2016.01.26 02:10:13.615,0.69525,0.69535,1.00,2.25
2016.01.26 02:10:14.143,0.69524,0.69535,1.50,2.25
2016.01.26 02:10:15.629,0.69522,0.69533,2.70,1.00
2016.01.26 02:10:15.933,0.69522,0.69532,1.37,2.62
2016.01.26 02:10:16.779,0.69523,0.69533,1.37,1.37
2016.01.26 02:10:17.286,0.69523,0.69534,1.87,1.87
2016.01.26 02:10:19.433,0.69522,0.69533,2.25,1.95
2016.01.26 02:10:19.940,0.69522,0.69532,1.37,1.50
2016.01.26 02:10:20.042,0.69522,0.69532,1.00,1.50
2016.01.26 02:10:20.576,0.69521,0.69532,1.00,1.50
2016.01.26 02:10:25.411,0.6952,0.69531,1.00,1.12
2016.01.26 02:10:25.513,0.69517,0.69529,2.25,1.87
2016.01.26 02:10:26.023,0.69517,0.69527,1.37,1.00
2016.01.26 02:10:26.529,0.69516,0.69528,1.87,1.12
2016.01.26 02:10:27.047,0.69517,0.69527,1.37,1.00
2016.01.26 02:10:28.309,0.69516,0.69529,1.50,3.90
2016.01.26 02:10:28.562,0.6952,0.6953,1.50,1.00
2016.01.26 02:10:28.664,0.69521,0.69533,1.50,3.82
2016.01.26 02:10:28.715,0.69524,0.69532,1.00,1.00
2016.01.26 02:10:28.983,0.69525,0.69537,1.00,2.40
2016.01.26 02:10:29.491,0.69525,0.69538,2.62,2.02
2016.01.26 02:10:29.997,0.69525,0.69538,3.37,1.87
2016.01.26 02:10:30.541,0.69525,0.69538,3.37,2.25
2016.01.26 02:10:38.332,0.69526,0.69535,1.00,1.00
2016.01.26 02:10:38.748,0.69519,0.69531,1.75,2.70
2016.01.26 02:10:39.254,0.69519,0.6953,1.87,1.10
2016.01.26 02:10:40.254,0.69522,0.69531,1.00,1.50
2016.01.26 02:10:40.558,0.69525,0.69533,1.12,1.00
2016.01.26 02:10:40.609,0.69525,0.69536,1.12,2.32
2016.01.26 02:10:41.453,0.69526,0.69537,1.12,1.57
2016.01.26 02:10:41.968,0.69526,0.69538,1.87,1.95
2016.01.26 02:10:43.371,0.69527,0.69538,1.00,1.57
2016.01.26 02:10:43.879,0.69528,0.69539,1.37,2.32
2016.01.26 02:10:44.393,0.69528,0.69539,3.00,1.00
2016.01.26 02:10:48.781,0.69533,0.69539,1.00,1.00
2016.01.26 02:10:49.118,0.69539,0.69549,1.00,1.00
2016.01.26 02:10:49.624,0.69539,0.6955,1.00,1.87
2016.01.26 02:10:51.049,0.69542,0.69551,1.00,1.10
2016.01.26 02:10:51.354,0.69548,0.69557,1.12,1.57
2016.01.26 02:10:51.405,0.69549,0.69558,1.00,1.50
2016.01.26 02:10:51.628,0.69548,0.69558,1.50,5.25
2016.01.26 02:10:51.933,0.69543,0.6955,2.25,2.25
2016.01.26 02:10:51.985,0.69537,0.69549,3.75,1.50
2016.01.26 02:10:52.491,0.69538,0.69549,1.50,2.25
2016.01.26 02:10:52.689,0.69537,0.69549,1.87,2.25
2016.01.26 02:10:53.209,0.69539,0.69548,1.00,1.00
2016.01.26 02:10:56.265,0.69538,0.69548,1.12,1.12
2016.01.26 02:10:58.092,0.69539,0.69548,1.00,1.12
2016.01.26 02:10:58.954,0.69537,0.69549,2.62,1.95
2016.01.26 02:10:59.004,0.69537,0.69544,1.37,1.00
2016.01.26 02:10:59.269,0.69529,0.6954,2.25,1.12
2016.01.26 02:10:59.320,0.69531,0.6954,1.00,1.50
2016.01.26 02:10:59.857,0.6953,0.6954,1.00,1.00
2016.01.26 02:11:04.093,0.69534,0.69544,1.12,1.50
2016.01.26 02:11:04.397,0.69536,0.69546,1.00,1.00
2016.01.26 02:11:05.734,0.69537,0.69548,1.00,3.75
2016.01.26 02:11:06.037,0.69537,0.69548,1.50,1.00
2016.01.26 02:11:06.837,0.69538,0.69549,1.00,2.70
2016.01.26 02:11:08.140,0.69538,0.69549,1.00,3.07
2016.01.26 02:11:09.145,0.69538,0.69549,1.00,3.07
2016.01.26 02:11:10.650,0.69537,0.69549,1.00,3.07
2016.01.26 02:11:13.137,0.69537,0.69549,1.12,2.70
2016.01.26 02:11:14.657,0.69538,0.69549,1.00,3.07
2016.01.26 02:11:15.099,0.69542,0.69549,1.00,3.07
2016.01.26 02:11:15.404,0.69547,0.69558,1.10,1.75
2016.01.26 02:11:15.455,0.69549,0.69558,1.00,1.87
2016.01.26 02:11:15.995,0.69548,0.69559,1.95,1.37
2016.01.26 02:11:16.505,0.69548,0.69559,1.20,1.50
2016.01.26 02:11:17.167,0.69548,0.69559,1.12,1.37
2016.01.26 02:11:18.154,0.69548,0.69559,1.12,1.12
2016.01.26 02:11:19.425,0.69547,0.69555,1.87,1.00
2016.01.26 02:11:19.528,0.69545,0.69554,1.57,1.12
2016.01.26 02:11:19.731,0.69547,0.69555,1.00,1.00
2016.01.26 02:11:20.280,0.69546,0.69558,1.57,2.70
2016.01.26 02:11:20.798,0.69546,0.69558,1.57,1.95
2016.01.26 02:11:21.235,0.69544,0.69556,3.07,1.50
2016.01.26 02:11:21.698,0.69543,0.69554,2.25,1.37
2016.01.26 02:11:21.749,0.69542,0.69553,1.20,1.12
2016.01.26 02:11:22.003,0.69541,0.69551,2.25,1.12
2016.01.26 02:11:22.514,0.69541,0.69551,1.50,1.37
2016.01.26 02:11:24.917,0.69538,0.6955,1.87,3.00
2016.01.26 02:11:25.461,0.69538,0.69549,1.12,1.00
2016.01.26 02:11:26.208,0.69538,0.6955,2.25,3.15
2016.01.26 02:11:26.360,0.69541,0.69551,1.00,2.62
2016.01.26 02:11:26.868,0.69541,0.69551,1.12,1.50
2016.01.26 02:11:28.019,0.6954,0.69551,1.50,1.12
2016.01.26 02:11:29.922,0.6954,0.6955,1.00,1.00
2016.01.26 02:11:30.428,0.6954,0.69549,1.00,1.00
2016.01.26 02:11:32.778,0.6954,0.69549,1.37,1.00
2016.01.26 02:11:32.829,0.6954,0.69551,1.37,2.02
2016.01.26 02:11:33.364,0.69541,0.69553,1.12,1.37
2016.01.26 02:11:34.201,0.69541,0.69553,2.25,1.37
2016.01.26 02:11:34.454,0.6954,0.6955,1.50,1.00
2016.01.26 02:11:35.232,0.69541,0.6955,1.37,1.00
2016.01.26 02:11:36.650,0.69541,0.6955,1.00,1.00
2016.01.26 02:11:39.042,0.69541,0.69551,1.50,1.00
2016.01.26 02:11:39.297,0.69543,0.69554,1.50,1.12
2016.01.26 02:11:39.399,0.69545,0.69555,2.25,1.20
2016.01.26 02:11:39.703,0.69547,0.69557,1.00,1.57
2016.01.26 02:11:41.866,0.69547,0.69556,1.00,1.00
2016.01.26 02:11:42.282,0.69545,0.69554,1.37,1.00
2016.01.26 02:11:42.788,0.69545,0.69555,1.50,1.00
2016.01.26 02:11:44.804,0.69545,0.69555,1.50,1.00
2016.01.26 02:11:46.344,0.69544,0.69555,1.87,1.00
2016.01.26 02:11:46.850,0.69544,0.69556,1.50,1.95
2016.01.26 02:11:47.747,0.69544,0.69554,1.87,1.00
2016.01.26 02:11:48.257,0.69544,0.69555,1.87,1.00
2016.01.26 02:11:51.006,0.69544,0.69553,1.12,1.00
2016.01.26 02:11:53.247,0.69544,0.69552,1.00,1.00
2016.01.26 02:11:53.842,0.69544,0.69553,1.00,1.12
2016.01.26 02:11:54.285,0.69544,0.69555,1.87,1.00
2016.01.26 02:11:54.437,0.69545,0.69555,2.62,1.00
2016.01.26 02:11:55.364,0.69545,0.69556,1.50,1.00
2016.01.26 02:11:56.329,0.69544,0.69554,1.37,1.00
2016.01.26 02:11:56.874,0.69544,0.69553,1.12,1.12
2016.01.26 02:12:00.448,0.69544,0.69555,1.50,1.50
2016.01.26 02:12:01.486,0.69543,0.69554,1.95,1.00
2016.01.26 02:12:01.690,0.69543,0.69552,1.57,1.00
2016.01.26 02:12:01.792,0.69544,0.69554,1.12,1.00
2016.01.26 02:12:05.159,0.69543,0.69555,2.32,1.37
2016.01.26 02:12:06.079,0.69543,0.69552,2.32,1.00
2016.01.26 02:12:06.383,0.69542,0.6955,1.00,1.00
2016.01.26 02:12:09.645,0.69542,0.69551,1.00,2.32
2016.01.26 02:12:10.635,0.69542,0.6955,1.00,1.10
2016.01.26 02:12:10.736,0.69539,0.69549,1.12,2.25
2016.01.26 02:12:14.026,0.69538,0.69549,1.50,1.50
2016.01.26 02:12:18.122,0.69539,0.69549,1.00,1.00
2016.01.26 02:12:18.416,0.69541,0.69551,1.00,1.87
2016.01.26 02:12:20.611,0.69541,0.69552,1.10,1.50
2016.01.26 02:12:23.000,0.6954,0.6955,3.37,1.50
2016.01.26 02:12:23.303,0.69539,0.69548,1.00,1.50
2016.01.26 02:12:23.354,0.69537,0.69549,1.12,3.07
2016.01.26 02:12:24.193,0.69537,0.69545,1.00,1.00
2016.01.26 02:12:24.713,0.69535,0.69545,1.50,1.12
2016.01.26 02:12:25.271,0.69535,0.69545,1.00,1.12
2016.01.26 02:12:26.244,0.69534,0.69545,1.00,1.50
2016.01.26 02:12:26.548,0.69533,0.69542,1.12,1.12
2016.01.26 02:12:27.174,0.69533,0.69543,1.50,1.10
2016.01.26 02:12:27.973,0.69534,0.69544,1.00,3.15
2016.01.26 02:12:29.973,0.69535,0.69545,1.12,2.25
2016.01.26 02:12:30.497,0.69536,0.69547,1.00,2.25
2016.01.26 02:12:38.035,0.69536,0.69547,1.50,1.87
2016.01.26 02:12:40.858,0.69536,0.69547,1.12,1.87
2016.01.26 02:12:41.054,0.69538,0.69548,1.00,1.37
2016.01.26 02:12:41.308,0.69539,0.6955,1.12,1.50
2016.01.26 02:12:41.815,0.69539,0.6955,1.12,1.12
2016.01.26 02:12:41.967,0.69541,0.69551,1.00,1.37
2016.01.26 02:12:42.169,0.69542,0.69552,1.12,1.50
2016.01.26 02:12:42.556,0.69544,0.69554,1.00,1.10
2016.01.26 02:12:43.062,0.69544,0.69552,1.00,1.00
2016.01.26 02:12:43.569,0.69543,0.69553,1.00,1.95
2016.01.26 02:12:44.774,0.69543,0.6955,1.00,1.00
2016.01.26 02:12:45.774,0.69543,0.69551,1.00,1.95
2016.01.26 02:12:46.280,0.69543,0.69553,1.00,1.57
2016.01.26 02:12:46.700,0.69543,0.69554,2.17,1.27
2016.01.26 02:12:50.642,0.69543,0.69554,1.87,1.12
2016.01.26 02:12:51.337,0.69544,0.69556,1.37,2.40
2016.01.26 02:12:51.843,0.69546,0.69556,1.50,1.37
2016.01.26 02:12:51.996,0.69546,0.69556,1.50,1.00
2016.01.26 02:12:59.417,0.69546,0.69557,1.07,1.37
2016.01.26 02:12:59.518,0.69547,0.69558,1.10,1.87
2016.01.26 02:13:01.687,0.69547,0.69558,1.10,2.62
2016.01.26 02:13:03.185,0.69547,0.69558,1.10,2.25
2016.01.26 02:13:07.046,0.69548,0.69558,1.00,2.25
2016.01.26 02:13:09.703,0.69548,0.69559,1.20,2.25
2016.01.26 02:13:10.236,0.69548,0.69559,1.20,2.62
2016.01.26 02:13:12.468,0.69548,0.69559,1.20,1.50
2016.01.26 02:13:17.708,0.69547,0.69559,2.32,2.62
2016.01.26 02:13:19.631,0.69547,0.69559,2.70,1.50
2016.01.26 02:13:27.388,0.69547,0.69559,3.07,2.62
2016.01.26 02:13:31.042,0.69546,0.69558,2.02,1.00
2016.01.26 02:13:32.392,0.69546,0.69558,2.40,3.37
2016.01.26 02:13:34.263,0.69546,0.69557,1.57,1.50
2016.01.26 02:13:34.517,0.69545,0.69554,1.12,1.00
2016.01.26 02:13:34.568,0.69544,0.69553,1.10,1.00
2016.01.26 02:13:35.112,0.69543,0.69554,1.10,2.25
2016.01.26 02:13:36.325,0.69543,0.69551,1.12,1.00
2016.01.26 02:13:36.858,0.69543,0.69553,1.00,2.70
2016.01.26 02:13:38.811,0.69543,0.69554,1.50,1.10
2016.01.26 02:13:38.862,0.69545,0.69554,1.00,1.00
2016.01.26 02:13:39.116,0.69546,0.69556,1.00,1.87
2016.01.26 02:13:39.978,0.69546,0.69558,1.00,1.87
2016.01.26 02:13:40.447,0.69551,0.69558,1.00,1.37
2016.01.26 02:13:40.700,0.69557,0.69565,1.50,1.12
2016.01.26 02:13:40.751,0.6956,0.69565,1.00,1.12
2016.01.26 02:13:40.802,0.6956,0.69571,1.37,3.07
2016.01.26 02:13:40.853,0.69562,0.69571,1.87,2.25
2016.01.26 02:13:40.904,0.69562,0.69573,1.95,1.12
2016.01.26 02:13:41.131,0.69564,0.69573,1.87,1.12
2016.01.26 02:13:41.233,0.69564,0.69574,1.12,1.37
2016.01.26 02:13:41.739,0.69564,0.69574,1.00,1.12
2016.01.26 02:13:41.790,0.69564,0.69572,1.00,1.00
2016.01.26 02:13:41.943,0.69561,0.6957,1.12,1.00
2016.01.26 02:13:42.215,0.69561,0.69568,1.00,1.00
2016.01.26 02:13:43.133,0.6956,0.69568,1.00,1.12
2016.01.26 02:13:44.616,0.6956,0.69568,1.00,1.37
2016.01.26 02:13:45.890,0.6956,0.69568,1.00,1.50
2016.01.26 02:13:47.881,0.6956,0.69568,1.00,1.50
2016.01.26 02:13:50.408,0.69557,0.69568,1.50,1.87
2016.01.26 02:13:51.034,0.69556,0.69568,3.07,1.37
2016.01.26 02:13:52.565,0.69557,0.69568,1.12,1.12
2016.01.26 02:13:55.340,0.69558,0.69565,1.50,1.00
2016.01.26 02:13:55.543,0.69558,0.69568,1.00,1.00
2016.01.26 02:13:55.915,0.69559,0.6957,1.87,2.25
2016.01.26 02:13:56.421,0.6956,0.69571,2.32,1.12
2016.01.26 02:13:56.775,0.6956,0.69571,1.57,1.12
2016.01.26 02:13:57.149,0.69561,0.69573,1.57,2.62
2016.01.26 02:13:57.656,0.69561,0.69571,1.87,1.87
2016.01.26 02:13:59.498,0.6956,0.69571,1.20,1.87
2016.01.26 02:13:59.807,0.69564,0.69573,1.00,1.87
2016.01.26 02:14:00.315,0.69564,0.69572,1.00,1.00
2016.01.26 02:14:00.517,0.69562,0.69572,2.02,1.00
2016.01.26 02:14:00.822,0.69561,0.6957,2.70,1.00
2016.01.26 02:14:01.152,0.69561,0.69572,1.87,1.00
2016.01.26 02:14:01.661,0.69561,0.6957,1.87,1.00
2016.01.26 02:14:02.168,0.69561,0.6957,1.12,1.00
2016.01.26 02:14:02.698,0.69561,0.69572,1.12,1.12
2016.01.26 02:14:02.851,0.69562,0.69573,1.87,1.12
2016.01.26 02:14:03.357,0.69563,0.69574,1.87,1.50
2016.01.26 02:14:03.970,0.69563,0.69573,2.62,1.00
2016.01.26 02:14:04.779,0.69562,0.69572,1.50,1.00
2016.01.26 02:14:04.831,0.69562,0.69572,1.00,1.00
2016.01.26 02:14:06.578,0.69562,0.69571,1.00,1.00
2016.01.26 02:14:10.187,0.69562,0.69572,1.00,1.00
2016.01.26 02:14:10.693,0.69562,0.69573,2.25,1.12
2016.01.26 02:14:12.494,0.69563,0.69572,1.12,1.00
2016.01.26 02:14:12.849,0.6956,0.69571,1.95,1.12
2016.01.26 02:14:13.719,0.6956,0.6957,1.37,1.00
2016.01.26 02:14:14.773,0.6956,0.6957,1.00,1.00
2016.01.26 02:14:15.388,0.6956,0.69572,1.00,1.47
2016.01.26 02:14:16.096,0.6956,0.6957,1.00,1.00
2016.01.26 02:14:18.937,0.6956,0.69571,1.20,1.00
2016.01.26 02:14:20.650,0.6956,0.69571,1.00,1.57
2016.01.26 02:14:20.954,0.69557,0.69569,3.07,1.00
2016.01.26 02:14:21.358,0.69556,0.69567,2.32,1.50
2016.01.26 02:14:21.662,0.69555,0.69566,1.10,1.50
2016.01.26 02:14:22.175,0.69556,0.69566,1.20,1.37
2016.01.26 02:14:22.681,0.69555,0.69567,2.32,1.50
2016.01.26 02:14:22.834,0.69555,0.69567,2.32,1.50
2016.01.26 02:14:23.558,0.69555,0.69567,2.32,1.50
2016.01.26 02:14:24.544,0.69556,0.69567,1.85,1.00
2016.01.26 02:14:25.132,0.69556,0.69568,1.85,1.12
2016.01.26 02:14:25.588,0.6956,0.69571,1.00,1.50
2016.01.26 02:14:25.690,0.6956,0.69573,3.00,1.57
2016.01.26 02:14:26.250,0.69561,0.69572,2.40,1.00
2016.01.26 02:14:26.301,0.69561,0.69574,2.02,1.50
2016.01.26 02:14:26.605,0.69563,0.69572,2.62,1.00
2016.01.26 02:14:27.111,0.69563,0.69573,1.37,1.00
2016.01.26 02:14:28.156,0.69562,0.69573,2.32,1.00
2016.01.26 02:14:28.707,0.69562,0.69573,1.95,1.00
2016.01.26 02:14:30.713,0.69562,0.69573,2.32,1.00
2016.01.26 02:14:31.237,0.69562,0.69573,1.95,1.00
2016.01.26 02:14:32.800,0.69562,0.69575,2.62,2.32
2016.01.26 02:14:33.306,0.69564,0.69576,1.50,1.95
2016.01.26 02:14:34.928,0.69564,0.69575,2.25,1.10
2016.01.26 02:14:35.533,0.69563,0.69574,1.87,1.00
2016.01.26 02:14:37.829,0.69563,0.69574,2.25,1.00
2016.01.26 02:14:38.334,0.69563,0.69576,2.25,2.40
2016.01.26 02:14:38.840,0.69563,0.69574,3.00,1.00
2016.01.26 02:14:39.388,0.69563,0.69574,1.87,1.00
2016.01.26 02:14:41.606,0.69563,0.69574,1.87,1.00
2016.01.26 02:14:41.708,0.69563,0.69576,1.87,1.57
2016.01.26 02:14:46.488,0.69564,0.69575,1.87,1.00
2016.01.26 02:14:46.741,0.69564,0.69572,1.12,1.00
2016.01.26 02:14:46.843,0.69562,0.69571,1.87,1.00
2016.01.26 02:14:47.379,0.69561,0.6957,1.37,1.00
2016.01.26 02:14:47.918,0.69561,0.69571,1.37,1.00
2016.01.26 02:14:48.629,0.69561,0.69572,1.87,1.57
2016.01.26 02:14:49.036,0.69563,0.69574,1.87,1.50
2016.01.26 02:14:49.969,0.69564,0.69574,1.00,1.12
2016.01.26 02:14:50.275,0.69565,0.69576,1.75,1.00
2016.01.26 02:14:50.376,0.69565,0.69576,1.00,1.00
2016.01.26 02:14:51.476,0.69564,0.69576,1.87,1.50
2016.01.26 02:14:51.982,0.69564,0.69576,1.87,1.50
2016.01.26 02:14:55.566,0.69564,0.69576,1.85,1.50
2016.01.26 02:14:56.352,0.69565,0.69576,1.00,1.87
2016.01.26 02:14:57.207,0.69564,0.69576,1.57,1.87
2016.01.26 02:14:57.968,0.69566,0.69576,1.50,1.12
2016.01.26 02:14:58.475,0.69566,0.69577,1.12,1.50
2016.01.26 02:14:59.862,0.69566,0.69577,1.87,1.50
2016.01.26 02:15:00.368,0.69566,0.69577,1.12,1.65
2016.01.26 02:15:09.163,0.69563,0.69571,3.15,1.00
2016.01.26 02:15:09.315,0.69561,0.6957,1.37,1.00
2016.01.26 02:15:09.417,0.69559,0.6957,1.12,1.00
2016.01.26 02:15:09.933,0.69559,0.69569,1.00,1.50
2016.01.26 02:15:12.472,0.69558,0.69569,1.00,1.00
2016.01.26 02:15:12.873,0.69557,0.69568,1.57,1.50
2016.01.26 02:15:13.380,0.69556,0.69568,1.65,1.50
2016.01.26 02:15:13.887,0.69556,0.69566,1.20,1.00
2016.01.26 02:15:14.823,0.69557,0.69568,1.00,1.87
2016.01.26 02:15:14.875,0.69557,0.69569,1.00,2.62
2016.01.26 02:15:14.926,0.69559,0.69569,1.00,2.62
2016.01.26 02:15:15.230,0.69559,0.6957,1.87,1.00
2016.01.26 02:15:15.742,0.69559,0.69571,2.25,1.87
2016.01.26 02:15:15.894,0.69559,0.69571,1.87,1.87
2016.01.26 02:15:16.531,0.6956,0.69571,1.00,1.12
2016.01.26 02:15:19.335,0.69561,0.69571,1.00,1.12
2016.01.26 02:15:19.845,0.6956,0.69571,1.20,1.50
2016.01.26 02:15:21.940,0.69559,0.69571,2.77,1.50
2016.01.26 02:15:22.459,0.69559,0.6957,3.15,1.12
2016.01.26 02:15:22.993,0.69559,0.6957,2.02,1.12
2016.01.26 02:15:23.742,0.69559,0.6957,2.40,1.37
2016.01.26 02:15:24.334,0.69559,0.6957,3.15,1.37
2016.01.26 02:15:24.841,0.69559,0.6957,2.40,1.87
2016.01.26 02:15:25.745,0.69559,0.6957,2.02,1.87
2016.01.26 02:15:26.461,0.69559,0.6957,2.40,1.87
2016.01.26 02:15:34.860,0.69559,0.6957,2.40,1.37
2016.01.26 02:15:35.485,0.69559,0.6957,2.40,1.37
2016.01.26 02:15:36.056,0.69559,0.6957,2.40,1.12
2016.01.26 02:15:38.460,0.6956,0.69571,1.00,3.00
2016.01.26 02:15:38.562,0.69559,0.6957,1.10,1.37
2016.01.26 02:15:39.067,0.69559,0.6957,2.25,1.37
2016.01.26 02:15:39.599,0.6956,0.69571,1.12,1.87
2016.01.26 02:15:40.055,0.69557,0.69566,2.62,1.00
2016.01.26 02:15:40.207,0.69557,0.69568,1.00,3.37
2016.01.26 02:15:40.859,0.69556,0.69567,1.12,1.12
2016.01.26 02:15:42.873,0.69556,0.69567,1.80,1.12
2016.01.26 02:15:43.429,0.69556,0.69567,1.00,1.00
2016.01.26 02:15:43.973,0.69556,0.69567,1.80,1.00
2016.01.26 02:15:44.567,0.69556,0.69568,1.80,1.50
2016.01.26 02:15:45.101,0.69556,0.69568,2.17,1.50
2016.01.26 02:15:45.605,0.69556,0.69568,1.12,1.50
2016.01.26 02:15:46.153,0.69556,0.69568,1.12,1.50
2016.01.26 02:15:47.074,0.69556,0.69568,1.37,1.50
2016.01.26 02:15:48.819,0.69561,0.69569,1.00,3.45
2016.01.26 02:15:48.870,0.69559,0.69569,1.50,2.32
2016.01.26 02:15:48.972,0.69559,0.69571,1.00,2.62
2016.01.26 02:15:49.326,0.6956,0.69571,1.00,1.12
2016.01.26 02:15:49.832,0.6956,0.69571,1.00,1.87
2016.01.26 02:15:53.417,0.6956,0.69571,2.62,1.37
2016.01.26 02:15:54.030,0.6956,0.6957,1.12,1.00
2016.01.26 02:15:54.941,0.6956,0.69569,1.12,1.00
2016.01.26 02:15:55.575,0.69561,0.69572,1.00,2.25
2016.01.26 02:15:55.918,0.69561,0.69572,1.12,1.50
2016.01.26 02:15:56.426,0.69562,0.69572,1.12,1.50
2016.01.26 02:15:59.588,0.69562,0.69573,1.50,1.37
2016.01.26 02:16:00.942,0.69562,0.69573,1.50,1.12
2016.01.26 02:16:02.319,0.69562,0.69573,1.00,2.25
2016.01.26 02:16:02.421,0.69559,0.69571,1.27,2.62
2016.01.26 02:16:05.031,0.69559,0.69569,1.00,1.37
2016.01.26 02:16:07.267,0.69558,0.69569,1.50,1.50
2016.01.26 02:16:07.816,0.69557,0.69568,1.12,1.87
2016.01.26 02:16:08.329,0.69557,0.69568,1.12,1.87
2016.01.26 02:16:11.049,0.69557,0.69568,1.12,1.87
2016.01.26 02:16:11.555,0.69558,0.69568,1.00,1.87
2016.01.26 02:16:14.048,0.69558,0.69569,1.12,1.50
2016.01.26 02:16:17.688,0.69558,0.69569,1.67,1.87
2016.01.26 02:16:19.154,0.69558,0.69569,1.67,1.87
2016.01.26 02:16:20.230,0.69558,0.69569,1.67,1.87
2016.01.26 02:16:21.141,0.69558,0.69569,1.67,1.87
2016.01.26 02:16:23.009,0.69557,0.69568,1.35,1.37
2016.01.26 02:16:23.514,0.69557,0.69568,1.35,1.12
2016.01.26 02:16:31.312,0.69558,0.69568,1.00,1.37
2016.01.26 02:16:32.959,0.69558,0.69568,1.00,1.37
2016.01.26 02:16:33.466,0.69556,0.69568,1.57,1.50
2016.01.26 02:16:33.993,0.69555,0.69567,2.02,1.37
2016.01.26 02:16:35.116,0.69555,0.69566,1.95,1.00
2016.01.26 02:16:39.641,0.69555,0.69566,2.32,1.00
2016.01.26 02:16:40.099,0.69554,0.69564,2.25,1.00
2016.01.26 02:16:40.605,0.69554,0.69562,1.87,1.00
2016.01.26 02:16:40.808,0.69549,0.69557,1.00,1.12
2016.01.26 02:16:40.910,0.69546,0.69554,1.12,1.00
2016.01.26 02:16:41.063,0.69544,0.69554,1.50,1.20
2016.01.26 02:16:41.570,0.69543,0.69553,1.12,1.00
2016.01.26 02:16:42.104,0.69543,0.69553,1.87,1.00
2016.01.26 02:16:42.630,0.69543,0.69554,1.87,1.12
2016.01.26 02:16:45.700,0.69543,0.69556,2.70,1.95
2016.01.26 02:16:46.105,0.69545,0.69556,1.00,1.95
2016.01.26 02:16:47.753,0.69544,0.69555,1.37,1.00
2016.01.26 02:16:48.510,0.69545,0.69558,2.25,1.50
2016.01.26 02:16:49.015,0.69547,0.69558,1.50,1.12
2016.01.26 02:16:49.982,0.69548,0.69559,1.00,1.12
2016.01.26 02:16:55.597,0.69548,0.69557,1.00,1.00
2016.01.26 02:16:56.103,0.69548,0.69557,1.00,1.37
2016.01.26 02:16:56.878,0.69548,0.69557,1.00,1.12
2016.01.26 02:16:57.919,0.69548,0.69557,1.00,1.37
2016.01.26 02:16:58.880,0.69548,0.69559,1.00,1.87
2016.01.26 02:16:59.886,0.69548,0.69559,1.00,1.87
2016.01.26 02:17:00.883,0.69548,0.69559,1.00,1.87
2016.01.26 02:17:01.894,0.69548,0.69559,1.00,1.87
2016.01.26 02:17:02.904,0.69548,0.69559,1.00,1.87
2016.01.26 02:17:05.894,0.69548,0.69559,1.00,1.87
2016.01.26 02:17:07.894,0.69548,0.69559,1.00,2.25
2016.01.26 02:17:09.755,0.69547,0.69559,1.87,1.87
2016.01.26 02:17:10.657,0.69547,0.69559,2.25,1.87
2016.01.26 02:17:12.268,0.69547,0.69559,1.87,2.25
2016.01.26 02:17:12.923,0.69547,0.69559,1.87,2.25
2016.01.26 02:17:13.668,0.69547,0.69559,1.37,2.25
2016.01.26 02:17:15.033,0.69548,0.69559,1.12,1.87
2016.01.26 02:17:20.188,0.69548,0.6956,1.57,1.37
2016.01.26 02:17:20.448,0.69548,0.69561,2.32,3.82
2016.01.26 02:17:21.608,0.69549,0.6956,1.57,1.12
2016.01.26 02:17:22.418,0.69549,0.6956,1.65,1.37
2016.01.26 02:17:25.616,0.69551,0.69562,1.80,1.87
2016.01.26 02:17:25.667,0.69551,0.69562,1.05,1.12
2016.01.26 02:17:25.819,0.69553,0.69563,1.37,1.50
2016.01.26 02:17:29.241,0.69554,0.69565,1.12,1.50
2016.01.26 02:17:36.737,0.69553,0.69565,1.65,1.87
2016.01.26 02:17:39.780,0.69554,0.69566,1.65,1.12
2016.01.26 02:17:40.191,0.69557,0.69568,1.20,2.25
2016.01.26 02:17:40.704,0.69557,0.69568,2.32,1.50
2016.01.26 02:17:41.211,0.69558,0.69569,1.00,1.75
2016.01.26 02:17:43.237,0.69558,0.69568,1.00,1.00
2016.01.26 02:17:43.945,0.69557,0.69568,1.00,1.00
2016.01.26 02:17:44.266,0.69557,0.69569,1.00,2.25
2016.01.26 02:17:47.166,0.69557,0.69569,1.00,2.25
2016.01.26 02:17:48.197,0.69557,0.69569,1.50,1.37
2016.01.26 02:17:53.326,0.69557,0.69568,2.25,1.37
2016.01.26 02:17:56.182,0.69557,0.69568,1.50,1.37
2016.01.26 02:17:57.194,0.69557,0.69568,1.50,1.50
2016.01.26 02:17:58.332,0.69557,0.69569,1.87,3.52
2016.01.26 02:17:59.167,0.69556,0.69567,1.12,1.07
2016.01.26 02:18:00.004,0.69557,0.69567,1.00,1.65
2016.01.26 02:18:00.531,0.69556,0.69566,1.12,1.65
2016.01.26 02:18:04.163,0.69554,0.69565,1.50,1.00
2016.01.26 02:18:04.265,0.69553,0.69562,2.70,1.00
2016.01.26 02:18:04.316,0.69552,0.69561,1.00,1.57
2016.01.26 02:18:04.368,0.69552,0.69561,1.00,2.32
2016.01.26 02:18:04.756,0.69549,0.69559,1.00,1.47
2016.01.26 02:18:05.262,0.6955,0.69559,1.00,1.47
2016.01.26 02:18:05.769,0.69549,0.69559,1.50,1.95
2016.01.26 02:18:06.403,0.69549,0.69561,1.50,4.57
2016.01.26 02:18:09.650,0.69549,0.6956,1.50,1.12
2016.01.26 02:18:13.425,0.69549,0.6956,1.00,2.32
2016.01.26 02:18:13.527,0.69547,0.69558,1.87,1.12
2016.01.26 02:18:13.629,0.69547,0.69557,1.50,1.37
2016.01.26 02:18:13.933,0.69544,0.69554,1.50,1.12
2016.01.26 02:18:14.597,0.69543,0.69555,1.12,1.87
2016.01.26 02:18:15.116,0.69543,0.69554,1.12,1.37
2016.01.26 02:18:15.622,0.69543,0.69554,1.37,1.37
2016.01.26 02:18:17.809,0.69543,0.69555,1.37,1.50
2016.01.26 02:18:18.375,0.69543,0.69555,1.00,1.87
2016.01.26 02:18:21.842,0.69543,0.69554,1.00,1.87
2016.01.26 02:18:22.244,0.69543,0.69551,1.00,1.00
2016.01.26 02:18:22.448,0.69539,0.6955,1.00,1.95
2016.01.26 02:18:22.995,0.69538,0.6955,1.87,1.95
2016.01.26 02:18:27.363,0.69538,0.6955,1.12,2.02
2016.01.26 02:18:28.785,0.6954,0.6955,1.00,1.27
2016.01.26 02:18:29.359,0.6954,0.69549,1.00,1.00
2016.01.26 02:18:29.460,0.69538,0.69549,3.07,1.00
2016.01.26 02:18:30.329,0.69538,0.69549,2.62,1.47
2016.01.26 02:18:32.448,0.69538,0.69549,3.37,1.47
2016.01.26 02:18:33.364,0.69538,0.69551,3.45,1.47
2016.01.26 02:18:34.957,0.6954,0.69551,1.00,1.37
2016.01.26 02:18:35.473,0.6954,0.69551,1.00,1.37
2016.01.26 02:18:36.006,0.69538,0.69551,3.00,1.37
2016.01.26 02:18:36.158,0.69538,0.6955,2.62,1.87
2016.01.26 02:18:40.214,0.69538,0.6955,1.50,1.95
2016.01.26 02:18:40.764,0.69538,0.6955,1.50,1.95
2016.01.26 02:18:45.483,0.69538,0.69549,1.50,1.75
2016.01.26 02:18:46.180,0.69538,0.69548,1.50,1.00
2016.01.26 02:18:47.188,0.69538,0.69549,1.50,1.75
2016.01.26 02:18:49.625,0.6954,0.69549,1.00,1.37
2016.01.26 02:18:49.727,0.69541,0.6955,1.12,1.37
2016.01.26 02:18:49.828,0.69541,0.69552,1.50,1.00
2016.01.26 02:18:50.239,0.69542,0.69554,1.57,2.62
2016.01.26 02:18:50.901,0.69542,0.69553,1.00,1.50
2016.01.26 02:18:51.414,0.6954,0.69551,1.00,1.57
2016.01.26 02:18:51.983,0.6954,0.69551,1.12,1.27
2016.01.26 02:18:52.561,0.69541,0.69551,1.00,1.27
2016.01.26 02:18:53.110,0.69541,0.69552,1.00,1.20
2016.01.26 02:18:55.558,0.69543,0.69553,1.00,1.57
2016.01.26 02:18:56.064,0.69543,0.69555,1.50,1.57
2016.01.26 02:18:56.519,0.69541,0.69553,1.95,1.20
2016.01.26 02:18:57.037,0.69541,0.69552,1.57,1.12
2016.01.26 02:18:58.235,0.69539,0.69552,2.77,2.32
2016.01.26 02:19:00.229,0.69538,0.69551,1.75,3.07
2016.01.26 02:19:06.740,0.69538,0.6955,1.75,1.87
2016.01.26 02:19:07.453,0.69538,0.69549,1.75,1.65
2016.01.26 02:19:07.504,0.69538,0.69549,1.00,1.65
2016.01.26 02:19:08.009,0.69538,0.69549,1.00,1.65
2016.01.26 02:19:09.588,0.69538,0.69549,1.37,1.65
2016.01.26 02:19:11.726,0.69538,0.69549,1.50,1.65
2016.01.26 02:19:11.878,0.69538,0.69548,1.50,1.20
2016.01.26 02:19:12.224,0.69538,0.69549,1.50,2.02
2016.01.26 02:19:12.733,0.6954,0.69549,1.00,2.02
2016.01.26 02:19:14.417,0.69539,0.69549,1.87,2.02
2016.01.26 02:19:17.731,0.69539,0.69549,1.87,2.02
2016.01.26 02:19:18.743,0.69539,0.69549,1.12,3.15
2016.01.26 02:19:21.596,0.6954,0.69549,1.00,2.77
2016.01.26 02:19:22.738,0.6954,0.69549,1.00,2.77
2016.01.26 02:19:23.258,0.69539,0.69549,1.12,2.02
2016.01.26 02:19:26.018,0.69537,0.69549,1.00,2.77
2016.01.26 02:19:27.739,0.69538,0.69549,1.00,1.65
2016.01.26 02:19:28.751,0.69538,0.69549,2.62,1.65
2016.01.26 02:19:28.954,0.69535,0.69547,5.02,1.37
2016.01.26 02:19:29.483,0.69536,0.69546,1.00,1.50
2016.01.26 02:19:33.176,0.69535,0.69546,1.10,1.50
2016.01.26 02:19:36.271,0.69536,0.69546,1.00,1.50
2016.01.26 02:19:36.863,0.69534,0.69546,1.65,1.50
2016.01.26 02:19:37.364,0.69534,0.69546,2.40,1.37
2016.01.26 02:19:42.064,0.69536,0.69545,1.12,1.37
2016.01.26 02:19:45.770,0.69533,0.6954,2.70,1.00
2016.01.26 02:19:45.972,0.69527,0.69538,1.47,1.50
2016.01.26 02:19:46.263,0.69526,0.69538,1.50,1.75
2016.01.26 02:19:46.768,0.69527,0.69539,1.00,1.87
2016.01.26 02:19:48.102,0.69527,0.69539,1.00,1.87
2016.01.26 02:19:48.923,0.69527,0.69539,1.50,1.87
2016.01.26 02:19:49.921,0.69528,0.69537,1.00,1.00
2016.01.26 02:19:50.022,0.69526,0.69536,1.42,1.12
2016.01.26 02:19:50.376,0.69524,0.69534,1.50,1.00
2016.01.26 02:19:50.926,0.69524,0.69534,1.10,1.00
2016.01.26 02:19:51.735,0.69524,0.69535,1.10,1.12
2016.01.26 02:19:56.067,0.69523,0.69533,1.57,1.00
2016.01.26 02:19:59.985,0.69523,0.69534,1.37,1.37
2016.01.26 02:20:00.393,0.69525,0.69536,1.30,1.87
2016.01.26 02:20:01.417,0.69527,0.69537,1.30,1.12
2016.01.26 02:20:01.924,0.69527,0.69537,1.30,1.12
2016.01.26 02:20:02.431,0.69527,0.69537,1.80,1.00
2016.01.26 02:20:04.817,0.69527,0.69537,1.30,1.12
2016.01.26 02:20:09.090,0.69528,0.69538,1.00,1.87
2016.01.26 02:20:13.160,0.69528,0.69538,2.62,1.12
2016.01.26 02:20:14.438,0.69528,0.69538,2.25,1.87
2016.01.26 02:20:16.440,0.69528,0.69538,3.00,1.50
2016.01.26 02:20:23.442,0.69528,0.69538,3.00,1.87
2016.01.26 02:20:24.449,0.69528,0.69538,1.75,1.87
2016.01.26 02:20:28.340,0.69532,0.69538,1.75,1.50
2016.01.26 02:20:28.442,0.69533,0.69541,2.17,1.37
2016.01.26 02:20:28.543,0.69536,0.69545,1.00,1.00
2016.01.26 02:20:29.165,0.69537,0.69546,1.00,1.37
2016.01.26 02:20:29.571,0.69536,0.69547,2.25,1.50
2016.01.26 02:20:30.162,0.69537,0.69547,1.00,1.87
2016.01.26 02:20:30.710,0.69536,0.69547,1.50,1.87
2016.01.26 02:20:33.205,0.69536,0.69548,3.00,2.25
2016.01.26 02:20:33.907,0.69537,0.69548,1.80,1.00
2016.01.26 02:20:34.466,0.69539,0.69548,1.00,1.00
2016.01.26 02:20:34.770,0.69537,0.69544,2.17,1.00
2016.01.26 02:20:34.973,0.69536,0.69546,1.42,2.62
2016.01.26 02:20:35.511,0.69536,0.69546,1.50,1.37
2016.01.26 02:20:35.967,0.69535,0.69545,1.05,1.12
2016.01.26 02:20:36.499,0.69533,0.69545,3.00,1.87
2016.01.26 02:20:38.559,0.69534,0.69546,1.50,1.95
2016.01.26 02:20:39.456,0.69534,0.69546,1.57,1.87
2016.01.26 02:20:40.758,0.69534,0.69546,2.32,1.87
2016.01.26 02:20:44.073,0.69536,0.69546,1.50,1.87
2016.01.26 02:20:44.602,0.69536,0.69546,1.50,1.50
2016.01.26 02:20:45.464,0.69536,0.69546,1.50,1.12
2016.01.26 02:20:50.524,0.69536,0.69545,1.50,1.00
2016.01.26 02:20:51.035,0.69534,0.69545,2.70,1.00
2016.01.26 02:21:02.220,0.69535,0.69545,1.10,1.00
2016.01.26 02:21:02.794,0.69535,0.69545,1.10,1.37
2016.01.26 02:21:03.610,0.69535,0.69545,1.10,1.00
2016.01.26 02:21:04.148,0.69536,0.69546,1.50,2.25
2016.01.26 02:21:05.311,0.69537,0.69546,1.00,1.00
2016.01.26 02:21:05.916,0.69537,0.69547,1.00,1.00
2016.01.26 02:21:06.423,0.69538,0.69547,1.00,1.00
2016.01.26 02:21:07.005,0.69538,0.69546,1.00,1.00
2016.01.26 02:21:07.323,0.69539,0.69548,1.00,2.70
2016.01.26 02:21:09.086,0.69537,0.69547,2.10,1.00
2016.01.26 02:21:09.394,0.69536,0.69547,1.35,1.50
2016.01.26 02:21:09.649,0.69536,0.69545,1.72,1.00
2016.01.26 02:21:09.902,0.69536,0.69547,1.35,1.12
2016.01.26 02:21:10.441,0.69536,0.69547,2.02,1.12
2016.01.26 02:21:11.717,0.69535,0.69545,2.47,1.00
2016.01.26 02:21:11.920,0.69535,0.69544,1.20,1.00
2016.01.26 02:21:12.436,0.69535,0.69544,1.15,1.00
2016.01.26 02:21:12.943,0.69534,0.69545,1.27,1.12
2016.01.26 02:21:13.841,0.69536,0.69546,1.27,1.00
2016.01.26 02:21:14.146,0.69537,0.69547,1.65,1.12
2016.01.26 02:21:15.240,0.69538,0.69548,2.40,1.00
2016.01.26 02:21:15.393,0.69542,0.69552,1.50,2.62
2016.01.26 02:21:15.444,0.69543,0.69552,1.90,1.00
2016.01.26 02:21:15.952,0.69543,0.69553,2.00,1.00
2016.01.26 02:21:19.340,0.69543,0.69554,2.00,1.50
2016.01.26 02:21:20.068,0.69542,0.69554,3.22,1.50
2016.01.26 02:21:23.631,0.69543,0.69555,2.10,2.25
2016.01.26 02:21:24.138,0.69546,0.69555,1.20,1.12
2016.01.26 02:21:24.705,0.69545,0.69557,1.65,1.50
2016.01.26 02:21:25.234,0.69545,0.69557,1.65,1.50
2016.01.26 02:21:25.945,0.69548,0.69558,1.20,1.50
2016.01.26 02:21:26.453,0.69548,0.69558,1.65,1.00
2016.01.26 02:21:30.171,0.69549,0.69558,1.67,1.00
2016.01.26 02:21:30.224,0.69552,0.69562,1.87,2.62
2016.01.26 02:21:30.275,0.69553,0.69564,1.75,1.87
2016.01.26 02:21:30.781,0.69554,0.69564,2.70,1.00
2016.01.26 02:21:33.385,0.69553,0.69564,1.87,1.00
2016.01.26 02:21:34.121,0.69553,0.69564,2.25,1.00
2016.01.26 02:21:37.529,0.69554,0.69565,1.05,1.00
2016.01.26 02:21:37.858,0.69556,0.69568,1.80,1.87
2016.01.26 02:21:37.960,0.69562,0.69569,1.00,2.02
2016.01.26 02:21:38.276,0.69564,0.69576,1.67,1.00
2016.01.26 02:21:38.327,0.69564,0.69576,1.12,1.50
2016.01.26 02:21:39.465,0.69562,0.69576,1.85,2.32
2016.01.26 02:21:39.516,0.69561,0.69575,1.57,5.62
2016.01.26 02:21:39.617,0.6956,0.69572,1.05,2.02
2016.01.26 02:21:39.719,0.69556,0.6957,3.30,1.00
2016.01.26 02:21:40.226,0.69556,0.6957,1.80,1.15
2016.01.26 02:21:40.565,0.69558,0.6957,1.12,1.15
2016.01.26 02:21:42.694,0.69556,0.69569,1.87,1.17
2016.01.26 02:21:43.967,0.69556,0.6957,2.25,4.57
2016.01.26 02:21:44.271,0.69563,0.69575,1.50,1.95
2016.01.26 02:21:44.802,0.69563,0.69575,1.50,1.17
2016.01.26 02:21:45.106,0.6956,0.69572,1.00,1.20
2016.01.26 02:21:48.321,0.69561,0.69571,1.00,1.20
2016.01.26 02:21:48.874,0.69565,0.69572,1.00,2.32
2016.01.26 02:21:49.136,0.69565,0.69573,1.50,1.50
2016.01.26 02:21:49.340,0.69564,0.69571,1.00,1.00
2016.01.26 02:21:49.442,0.69561,0.69572,1.12,2.25
2016.01.26 02:21:49.544,0.6956,0.69571,1.37,1.07
2016.01.26 02:21:51.175,0.69564,0.69571,1.00,1.20
2016.01.26 02:21:51.277,0.69562,0.69572,1.00,1.50
2016.01.26 02:21:53.607,0.69561,0.69571,1.12,1.00
2016.01.26 02:21:54.115,0.6956,0.6957,2.25,1.00
2016.01.26 02:21:54.981,0.6956,0.69571,1.87,1.00
2016.01.26 02:21:55.914,0.69561,0.6957,1.12,1.00
2016.01.26 02:21:57.105,0.69559,0.6957,1.50,1.00
2016.01.26 02:21:57.460,0.6956,0.69568,1.00,1.10
2016.01.26 02:22:00.642,0.69557,0.69569,1.87,1.87
2016.01.26 02:22:02.498,0.69557,0.69568,1.50,1.37
2016.01.26 02:22:03.815,0.69557,0.69567,1.00,1.12
2016.01.26 02:22:05.920,0.69556,0.69568,1.12,1.87
2016.01.26 02:22:06.274,0.69556,0.69565,1.00,1.00
2016.01.26 02:22:06.576,0.6955,0.69562,2.62,1.00
2016.01.26 02:22:07.439,0.69551,0.69562,1.50,1.12
2016.01.26 02:22:07.794,0.69553,0.69564,1.00,2.25
2016.01.26 02:22:07.896,0.69553,0.69564,1.00,2.25
2016.01.26 02:22:09.259,0.69553,0.69562,1.12,1.00
2016.01.26 02:22:09.310,0.69551,0.69562,3.37,1.00
2016.01.26 02:22:09.571,0.69551,0.69561,1.00,1.37
2016.01.26 02:22:09.673,0.69549,0.6956,2.25,1.50
2016.01.26 02:22:13.019,0.69547,0.69557,5.85,1.00
2016.01.26 02:22:13.525,0.69547,0.69558,1.00,1.00
2016.01.26 02:22:15.110,0.69547,0.69558,1.00,1.50
2016.01.26 02:22:15.863,0.69546,0.69558,2.70,1.50
2016.01.26 02:22:17.139,0.69546,0.69558,1.20,1.12
2016.01.26 02:22:18.082,0.69546,0.69557,1.10,1.00
2016.01.26 02:22:18.386,0.69545,0.69555,1.20,1.00
2016.01.26 02:22:18.589,0.69541,0.69553,2.40,1.00
2016.01.26 02:22:19.417,0.69542,0.69553,1.12,1.37
2016.01.26 02:22:22.453,0.69542,0.69553,1.20,1.00
2016.01.26 02:22:22.960,0.69543,0.69553,1.20,1.00
2016.01.26 02:22:23.532,0.69542,0.69554,1.72,1.12
2016.01.26 02:22:33.092,0.69543,0.69554,1.95,1.50
2016.01.26 02:22:33.699,0.69543,0.69554,1.20,1.50
2016.01.26 02:22:34.695,0.69542,0.69553,2.40,1.00
2016.01.26 02:22:35.202,0.69542,0.69553,1.20,1.50
2016.01.26 02:22:50.329,0.69541,0.69552,3.15,1.00
2016.01.26 02:22:50.482,0.6954,0.6955,2.70,1.12
2016.01.26 02:22:50.786,0.69536,0.69547,1.20,1.00
2016.01.26 02:22:51.293,0.69537,0.69547,1.00,1.50
2016.01.26 02:22:54.247,0.69538,0.69547,1.00,1.50
2016.01.26 02:22:54.399,0.69539,0.69549,1.10,1.12
2016.01.26 02:22:54.906,0.69539,0.6955,1.10,1.12
2016.01.26 02:22:55.631,0.69537,0.6955,2.32,1.50
2016.01.26 02:23:01.878,0.69538,0.6955,1.47,1.87
2016.01.26 02:23:11.283,0.69538,0.6955,1.10,1.87
2016.01.26 02:23:11.805,0.69538,0.6955,1.47,1.87
2016.01.26 02:23:13.124,0.69538,0.6955,1.10,1.87
2016.01.26 02:23:21.968,0.69537,0.69548,2.32,1.00
2016.01.26 02:23:22.476,0.69537,0.69549,1.00,2.25
2016.01.26 02:23:22.994,0.69537,0.69547,1.00,1.00
2016.01.26 02:23:24.926,0.69535,0.69546,1.47,1.00
2016.01.26 02:23:24.977,0.69535,0.69546,1.10,1.50
2016.01.26 02:23:25.488,0.69532,0.69545,2.77,1.00
2016.01.26 02:23:27.147,0.69532,0.69544,1.95,1.00
2016.01.26 02:23:30.031,0.69536,0.69546,1.00,2.25
2016.01.26 02:23:30.328,0.69538,0.69548,1.00,1.00
2016.01.26 02:23:30.834,0.69538,0.69549,1.20,1.00
2016.01.26 02:23:31.138,0.6954,0.69552,1.00,1.87
2016.01.26 02:23:31.442,0.69542,0.69555,2.62,1.50
2016.01.26 02:23:31.652,0.69545,0.69557,1.00,2.62
2016.01.26 02:23:32.158,0.69545,0.69558,1.20,1.87
2016.01.26 02:23:33.453,0.69545,0.69556,2.32,1.00
2016.01.26 02:23:34.008,0.69547,0.69556,1.00,1.00
2016.01.26 02:23:34.510,0.69546,0.69556,1.10,1.00
2016.01.26 02:23:37.419,0.69546,0.69557,1.10,1.50
2016.01.26 02:23:40.144,0.69546,0.69556,1.10,1.00
2016.01.26 02:23:40.646,0.69543,0.69555,1.57,1.00
2016.01.26 02:23:48.303,0.69544,0.69555,1.00,1.50
2016.01.26 02:23:48.808,0.69545,0.69556,1.00,1.12
2016.01.26 02:23:54.632,0.69546,0.69556,1.00,1.00
2016.01.26 02:23:55.185,0.69545,0.69556,1.00,1.10
2016.01.26 02:23:55.691,0.69545,0.69556,1.00,1.20
2016.01.26 02:23:56.237,0.69545,0.69554,1.00,1.00
2016.01.26 02:23:59.529,0.69545,0.69555,1.00,1.10
2016.01.26 02:24:01.882,0.69544,0.69555,1.87,1.10
2016.01.26 02:24:02.302,0.69546,0.69557,1.00,2.32
2016.01.26 02:24:02.507,0.69546,0.69557,1.00,1.65
2016.01.26 02:24:04.963,0.69547,0.69559,1.50,1.95
2016.01.26 02:24:05.014,0.69547,0.69559,1.87,1.10
2016.01.26 02:24:05.520,0.69548,0.6956,1.87,1.00
2016.01.26 02:24:07.411,0.69548,0.69561,3.00,2.62
2016.01.26 02:24:09.764,0.69548,0.69559,2.62,1.00
2016.01.26 02:24:10.555,0.69548,0.69559,1.95,1.50
2016.01.26 02:24:11.102,0.69548,0.69559,1.95,1.50
2016.01.26 02:24:13.313,0.69549,0.69559,1.00,1.50
2016.01.26 02:24:14.021,0.69549,0.69559,1.12,1.50
2016.01.26 02:24:16.126,0.69551,0.69561,1.00,3.45
2016.01.26 02:24:16.177,0.69551,0.69561,1.50,1.95
2016.01.26 02:24:16.411,0.69553,0.69565,1.50,1.87
2016.01.26 02:24:16.512,0.69553,0.69565,1.87,1.12
2016.01.26 02:24:17.019,0.69553,0.69564,2.02,1.00
2016.01.26 02:24:17.670,0.69554,0.69566,1.12,2.25
2016.01.26 02:24:25.845,0.69553,0.69565,2.02,1.87
2016.01.26 02:24:29.332,0.69554,0.69564,1.00,1.12
2016.01.26 02:24:29.864,0.69553,0.69565,1.65,2.25
2016.01.26 02:24:37.944,0.69554,0.69564,1.00,1.12
2016.01.26 02:24:38.500,0.69554,0.69565,1.12,1.00
2016.01.26 02:24:38.725,0.69556,0.69567,1.12,2.40
2016.01.26 02:24:39.030,0.69559,0.6957,1.00,1.27
2016.01.26 02:24:40.102,0.69558,0.6957,1.12,1.27
2016.01.26 02:24:41.391,0.69559,0.6957,1.00,1.65
2016.01.26 02:24:41.900,0.69557,0.6957,1.87,1.65
2016.01.26 02:24:44.413,0.69559,0.6957,1.00,1.27
2016.01.26 02:24:46.365,0.69559,0.69569,1.00,1.00
2016.01.26 02:24:46.872,0.69558,0.69568,1.00,1.00
2016.01.26 02:24:47.429,0.69557,0.69567,1.50,1.00
2016.01.26 02:24:50.788,0.69557,0.69568,1.12,1.12
2016.01.26 02:24:51.991,0.69557,0.69568,1.50,1.37
2016.01.26 02:24:55.371,0.69558,0.69568,1.00,1.50
2016.01.26 02:24:55.959,0.69559,0.69568,1.00,1.00
2016.01.26 02:24:56.464,0.69558,0.69567,1.00,1.00
2016.01.26 02:24:57.023,0.69557,0.69567,1.12,1.00
2016.01.26 02:25:02.491,0.69556,0.69567,2.25,1.00
2016.01.26 02:25:03.052,0.69556,0.69568,2.25,1.12
2016.01.26 02:25:03.762,0.69556,0.69567,1.50,1.00
2016.01.26 02:25:04.202,0.69556,0.69565,1.12,1.00
2016.01.26 02:25:04.405,0.69552,0.69564,2.32,1.00
2016.01.26 02:25:04.911,0.69551,0.69563,2.32,1.00
2016.01.26 02:25:05.455,0.69551,0.69563,2.32,1.00
2016.01.26 02:25:05.964,0.6955,0.69562,1.95,1.00
2016.01.26 02:25:06.014,0.6955,0.6956,1.20,1.00
2016.01.26 02:25:06.520,0.69548,0.69559,1.37,1.00
2016.01.26 02:25:09.269,0.69547,0.69558,1.37,1.00
2016.01.26 02:25:09.370,0.69547,0.69557,1.00,1.00
2016.01.26 02:25:09.927,0.69548,0.69557,1.00,1.00
2016.01.26 02:25:09.978,0.69548,0.6956,1.00,2.02
2016.01.26 02:25:10.029,0.69551,0.69561,1.12,2.32
2016.01.26 02:25:10.181,0.69552,0.69562,1.00,1.00
2016.01.26 02:25:10.710,0.69551,0.69562,1.00,1.00
2016.01.26 02:25:11.216,0.69551,0.69563,1.50,4.57
2016.01.26 02:25:11.728,0.69551,0.69563,1.12,4.95
2016.01.26 02:25:13.120,0.69551,0.69561,1.12,1.00
2016.01.26 02:25:16.678,0.69551,0.69562,1.87,1.00
2016.01.26 02:25:18.499,0.69551,0.69561,1.00,1.00
2016.01.26 02:25:19.000,0.69549,0.6956,1.87,1.00
2016.01.26 02:25:27.722,0.6955,0.6956,1.12,1.00
2016.01.26 02:25:28.645,0.6955,0.69561,1.12,1.00
2016.01.26 02:25:28.949,0.69549,0.6956,1.50,1.37
2016.01.26 02:25:29.937,0.69549,0.6956,1.50,1.12
2016.01.26 02:25:30.592,0.6955,0.69559,1.12,1.00
2016.01.26 02:25:31.099,0.69549,0.6956,1.50,1.12
2016.01.26 02:25:31.402,0.69549,0.69558,1.12,1.00
2016.01.26 02:25:33.089,0.69548,0.69558,1.12,1.00
2016.01.26 02:25:33.696,0.69549,0.69558,1.00,1.00
2016.01.26 02:25:34.000,0.69547,0.69557,1.95,1.00
2016.01.26 02:25:35.045,0.69546,0.69557,1.50,1.12
2016.01.26 02:25:36.815,0.69546,0.69555,1.00,1.00
2016.01.26 02:25:37.348,0.69545,0.69554,1.87,1.00
2016.01.26 02:25:37.854,0.69545,0.69555,1.87,1.00
2016.01.26 02:25:38.419,0.69544,0.69555,1.50,1.50
2016.01.26 02:25:38.954,0.69544,0.69555,1.50,1.12
2016.01.26 02:25:39.470,0.69544,0.69554,1.00,1.00
2016.01.26 02:25:42.129,0.69543,0.69554,1.12,1.00
2016.01.26 02:25:43.175,0.69543,0.69555,1.12,3.00
2016.01.26 02:25:44.647,0.69543,0.69554,1.12,1.00
2016.01.26 02:25:45.201,0.69543,0.69555,1.12,2.25
2016.01.26 02:25:49.085,0.69543,0.69555,1.50,1.50
2016.01.26 02:25:51.071,0.69543,0.69555,1.50,1.87
2016.01.26 02:25:52.076,0.69543,0.69555,1.50,1.87
2016.01.26 02:25:54.082,0.69543,0.69554,1.50,1.00
2016.01.26 02:25:55.239,0.69543,0.69555,1.12,2.62
2016.01.26 02:25:56.056,0.69543,0.69555,1.50,2.62
2016.01.26 02:25:57.096,0.69543,0.69554,1.00,1.50
2016.01.26 02:26:00.413,0.69543,0.69554,1.00,1.50
2016.01.26 02:26:05.006,0.69545,0.69554,1.00,1.55
2016.01.26 02:26:06.267,0.69544,0.69555,1.00,2.02
2016.01.26 02:26:06.571,0.69545,0.69555,1.00,2.02
2016.01.26 02:26:08.243,0.69545,0.69555,1.12,1.12
2016.01.26 02:26:14.541,0.69546,0.69555,1.00,1.50
2016.01.26 02:26:15.041,0.69544,0.69555,1.87,1.00
2016.01.26 02:26:19.887,0.69546,0.69555,1.00,1.00
2016.01.26 02:26:19.988,0.69544,0.69555,1.50,1.00
2016.01.26 02:26:24.668,0.69545,0.69556,1.00,1.87
2016.01.26 02:26:26.673,0.69546,0.69556,1.00,1.87
2016.01.26 02:26:26.926,0.69547,0.69558,1.00,1.65
2016.01.26 02:26:27.078,0.69551,0.69559,1.00,4.95
2016.01.26 02:26:27.281,0.69551,0.6956,1.12,1.37
2016.01.26 02:26:27.433,0.69552,0.69562,1.00,2.32
2016.01.26 02:26:27.961,0.69551,0.69562,1.12,1.57
2016.01.26 02:26:28.315,0.69549,0.6956,4.12,1.00
2016.01.26 02:26:30.634,0.6955,0.69561,1.00,3.15
2016.01.26 02:26:31.776,0.69552,0.69561,1.00,1.65
2016.01.26 02:26:32.282,0.69552,0.69562,1.00,1.17
2016.01.26 02:26:32.878,0.69551,0.69562,1.12,1.17
2016.01.26 02:26:33.466,0.69549,0.69561,1.50,1.20
2016.01.26 02:26:33.568,0.69549,0.69561,1.12,3.52
2016.01.26 02:26:34.074,0.69549,0.69561,1.12,3.82
2016.01.26 02:26:36.735,0.69551,0.69561,1.00,1.95
2016.01.26 02:26:36.837,0.69552,0.69563,1.00,5.32
2016.01.26 02:26:37.243,0.69549,0.69562,1.12,2.40
2016.01.26 02:26:37.749,0.6955,0.6956,1.00,1.95
2016.01.26 02:26:40.142,0.6955,0.69559,1.00,1.12
2016.01.26 02:26:40.447,0.69552,0.69562,1.00,1.82
2016.01.26 02:26:41.105,0.69552,0.69562,1.00,1.07
2016.01.26 02:26:44.591,0.6955,0.69561,1.87,1.57
2016.01.26 02:26:44.693,0.69549,0.6956,1.12,1.52
2016.01.26 02:26:45.199,0.69548,0.6956,1.00,2.77
2016.01.26 02:26:46.772,0.69547,0.69559,2.25,2.02
2016.01.26 02:26:46.823,0.69547,0.69557,1.87,1.00
2016.01.26 02:26:47.296,0.69546,0.69555,1.00,1.00
2016.01.26 02:26:48.105,0.69545,0.69555,1.00,1.00
2016.01.26 02:26:56.067,0.69545,0.69556,1.00,1.27
2016.01.26 02:26:56.472,0.69546,0.69557,1.50,1.55
2016.01.26 02:26:57.155,0.69547,0.69559,1.12,2.32
2016.01.26 02:27:01.838,0.69548,0.69558,1.00,2.62
2016.01.26 02:27:02.393,0.69547,0.69558,1.12,2.62
2016.01.26 02:27:03.851,0.69548,0.69558,1.00,2.62
2016.01.26 02:27:04.388,0.69549,0.69557,1.00,1.12
2016.01.26 02:27:04.550,0.69547,0.69557,1.12,1.12
2016.01.26 02:27:09.697,0.69547,0.69558,1.12,1.12
2016.01.26 02:27:11.396,0.69547,0.69556,1.00,1.00
2016.01.26 02:27:13.460,0.69547,0.69557,1.12,1.00
2016.01.26 02:27:13.974,0.69546,0.69557,2.25,1.07
2016.01.26 02:27:18.565,0.69547,0.69557,1.50,1.07
2016.01.26 02:27:18.814,0.69547,0.69558,1.50,1.00
2016.01.26 02:27:20.807,0.69547,0.69559,1.50,2.40
2016.01.26 02:27:23.056,0.69547,0.69559,1.12,2.77
2016.01.26 02:27:23.157,0.69547,0.69559,1.12,3.82
2016.01.26 02:27:23.461,0.69545,0.69557,1.87,1.47
2016.01.26 02:27:24.037,0.69545,0.69555,1.50,1.12
2016.01.26 02:27:25.105,0.69546,0.69555,1.00,1.10
2016.01.26 02:27:25.635,0.69544,0.69555,1.87,1.10
2016.01.26 02:27:31.130,0.69545,0.69556,1.50,2.32
2016.01.26 02:27:33.677,0.69546,0.69556,1.00,3.07
2016.01.26 02:27:33.829,0.69544,0.69556,1.50,3.07
2016.01.26 02:27:34.352,0.69545,0.69556,1.00,3.07
2016.01.26 02:27:36.897,0.69544,0.69555,1.00,1.20
2016.01.26 02:27:37.440,0.69545,0.69555,1.00,1.95
2016.01.26 02:27:41.378,0.69547,0.69556,1.00,1.57
2016.01.26 02:27:41.631,0.69548,0.69556,1.00,1.27
2016.01.26 02:27:43.615,0.69547,0.69558,1.50,2.77
2016.01.26 02:27:44.141,0.69548,0.69558,1.00,1.17
2016.01.26 02:27:48.904,0.69549,0.69558,1.00,1.17
2016.01.26 02:27:54.487,0.69548,0.69558,1.87,1.57
2016.01.26 02:27:55.036,0.69549,0.69558,1.00,1.57
2016.01.26 02:27:55.542,0.69549,0.6956,1.87,1.82
2016.01.26 02:27:59.245,0.6955,0.69561,1.12,2.77
2016.01.26 02:28:00.645,0.6955,0.69561,1.12,2.77
2016.01.26 02:28:01.603,0.6955,0.6956,1.50,1.47
2016.01.26 02:28:03.090,0.6955,0.6956,1.12,1.47
2016.01.26 02:28:05.430,0.6955,0.6956,1.50,1.47
2016.01.26 02:28:09.289,0.6955,0.69561,1.12,3.52
2016.01.26 02:28:09.896,0.69551,0.69561,1.00,3.52
2016.01.26 02:28:10.403,0.6955,0.69561,1.12,3.15
2016.01.26 02:28:10.931,0.6955,0.69561,1.20,1.57
2016.01.26 02:28:11.240,0.69554,0.69561,1.00,1.00
2016.01.26 02:28:11.291,0.69555,0.69566,1.00,1.45
2016.01.26 02:28:11.342,0.69555,0.69567,1.00,4.20
2016.01.26 02:28:11.856,0.69556,0.69567,1.00,3.52
2016.01.26 02:28:12.960,0.69557,0.69567,1.00,3.15
2016.01.26 02:28:16.053,0.69556,0.69567,1.12,2.40
2016.01.26 02:28:19.423,0.69555,0.69565,1.20,1.00
2016.01.26 02:28:20.383,0.69554,0.69565,1.00,1.50
2016.01.26 02:28:23.479,0.69555,0.69565,1.00,1.00
2016.01.26 02:28:23.984,0.69556,0.69567,1.00,1.82
2016.01.26 02:28:29.691,0.69556,0.69568,1.10,2.32
2016.01.26 02:28:32.253,0.69556,0.69568,1.57,2.32
2016.01.26 02:28:32.754,0.69556,0.69568,1.10,3.45
2016.01.26 02:28:42.589,0.69555,0.69566,1.20,1.17
2016.01.26 02:28:42.691,0.69552,0.69564,1.95,1.50
2016.01.26 02:28:42.894,0.69551,0.69561,2.25,1.20
2016.01.26 02:28:42.946,0.6955,0.69562,2.62,3.15
2016.01.26 02:28:43.148,0.69549,0.6956,1.50,1.27
2016.01.26 02:28:48.227,0.69548,0.69559,1.12,2.40
2016.01.26 02:29:00.213,0.69549,0.69559,1.00,1.65
2016.01.26 02:29:00.517,0.69552,0.69562,1.00,1.87
2016.01.26 02:29:01.025,0.69552,0.69562,1.00,1.00
2016.01.26 02:29:04.146,0.69552,0.69563,1.57,1.20
2016.01.26 02:29:04.678,0.69553,0.69564,1.65,1.00
2016.01.26 02:29:08.226,0.69553,0.69565,1.65,3.37
2016.01.26 02:29:13.083,0.69552,0.69563,3.07,1.00
2016.01.26 02:29:19.874,0.69552,0.69564,2.70,2.62
2016.01.26 02:29:20.386,0.69552,0.69564,2.32,2.62
2016.01.26 02:29:24.246,0.69552,0.69563,1.12,1.50
2016.01.26 02:29:24.297,0.69551,0.6956,1.27,1.00
2016.01.26 02:29:24.551,0.69549,0.69561,2.02,3.37
2016.01.26 02:29:24.652,0.69549,0.69561,1.27,4.87
2016.01.26 02:29:25.342,0.69548,0.69561,1.20,5.32
2016.01.26 02:29:28.242,0.6955,0.69559,1.00,1.10
2016.01.26 02:29:32.209,0.6955,0.6956,1.00,1.82
2016.01.26 02:29:33.206,0.6955,0.69559,1.00,1.10
2016.01.26 02:29:40.330,0.6955,0.6956,1.00,1.95
2016.01.26 02:29:41.114,0.6955,0.6956,1.12,1.45
2016.01.26 02:29:45.371,0.6955,0.69561,1.50,3.07
2016.01.26 02:29:51.339,0.6955,0.69561,1.50,3.82
2016.01.26 02:29:53.379,0.6955,0.69561,1.50,3.82
2016.01.26 02:29:57.353,0.6955,0.69561,1.50,3.07
2016.01.26 02:30:02.472,0.6955,0.69561,1.50,3.07
2016.01.26 02:30:04.384,0.6955,0.6956,1.50,1.95
2016.01.26 02:30:06.384,0.6955,0.69558,1.12,1.00
2016.01.26 02:30:08.069,0.69548,0.69558,1.57,1.12
2016.01.26 02:30:08.589,0.69547,0.69557,1.37,1.00
2016.01.26 02:30:11.178,0.69547,0.69557,1.12,1.00
2016.01.26 02:30:14.027,0.69547,0.69556,1.00,1.00
2016.01.26 02:30:14.701,0.69546,0.69555,1.57,1.00
2016.01.26 02:30:14.752,0.69546,0.69557,1.10,1.57
2016.01.26 02:30:15.455,0.69545,0.69556,1.50,1.00
2016.01.26 02:30:15.658,0.69544,0.69553,2.77,1.00
2016.01.26 02:30:15.710,0.69544,0.69553,2.40,1.00
2016.01.26 02:30:15.811,0.69542,0.69553,2.25,1.00
2016.01.26 02:30:16.349,0.69542,0.69553,1.50,1.57
2016.01.26 02:30:17.099,0.69541,0.6955,2.25,1.00
2016.01.26 02:30:17.151,0.69541,0.69552,1.75,1.12
2016.01.26 02:30:17.303,0.69541,0.6955,2.25,1.00
2016.01.26 02:30:17.709,0.69541,0.6955,1.50,1.00
2016.01.26 02:30:18.214,0.69542,0.69551,1.12,1.12
2016.01.26 02:30:21.815,0.69541,0.6955,1.20,1.00
2016.01.26 02:30:26.444,0.69541,0.69551,1.00,3.37
2016.01.26 02:30:27.109,0.69541,0.6955,1.12,1.00
2016.01.26 02:30:28.789,0.6954,0.69551,2.25,2.62
2016.01.26 02:30:29.616,0.6954,0.6955,1.87,1.00
2016.01.26 02:30:30.121,0.69541,0.69549,1.00,1.00
2016.01.26 02:30:30.872,0.69539,0.69549,1.65,1.00
2016.01.26 02:30:35.761,0.69539,0.69549,1.12,1.57
2016.01.26 02:30:36.288,0.69539,0.69548,1.12,1.87
2016.01.26 02:30:36.794,0.69537,0.69546,1.27,1.00
2016.01.26 02:30:36.999,0.69531,0.69542,1.87,1.65
2016.01.26 02:30:37.526,0.69532,0.69541,1.37,1.20
2016.01.26 02:30:38.032,0.69532,0.69542,1.12,3.07
2016.01.26 02:30:38.539,0.69533,0.69543,1.95,1.12
2016.01.26 02:30:38.722,0.69535,0.69544,1.00,2.70
2016.01.26 02:30:41.912,0.69536,0.69544,1.00,1.37
2016.01.26 02:30:42.115,0.69536,0.69545,1.12,1.50
2016.01.26 02:30:42.645,0.69537,0.69547,1.00,1.20
2016.01.26 02:30:43.162,0.69537,0.69547,1.50,1.20
2016.01.26 02:30:49.382,0.69535,0.69547,2.02,2.70
2016.01.26 02:30:49.974,0.69534,0.69546,2.32,1.00
2016.01.26 02:30:50.482,0.69535,0.69547,1.50,2.70
2016.01.26 02:30:51.429,0.69536,0.69545,1.12,1.00
2016.01.26 02:30:52.406,0.69536,0.69546,1.12,1.00
2016.01.26 02:30:59.061,0.69536,0.69545,1.00,1.00
2016.01.26 02:30:59.567,0.69536,0.69546,1.12,1.50
2016.01.26 02:31:00.072,0.69536,0.69545,1.12,1.00
2016.01.26 02:31:00.651,0.69537,0.69546,1.00,1.50
2016.01.26 02:31:01.860,0.69536,0.69545,1.50,1.00
2016.01.26 02:31:04.250,0.69536,0.69544,1.00,1.00
2016.01.26 02:31:04.772,0.69536,0.69546,1.00,1.87
2016.01.26 02:31:07.777,0.69538,0.69546,1.12,2.02
2016.01.26 02:31:07.879,0.69536,0.69546,1.75,1.65
2016.01.26 02:31:07.930,0.69536,0.69544,1.12,1.00
2016.01.26 02:31:07.981,0.69534,0.69545,1.10,2.25
2016.01.26 02:31:08.032,0.69535,0.69544,1.00,1.37
2016.01.26 02:31:08.543,0.69534,0.69542,1.12,1.00
2016.01.26 02:31:10.389,0.69533,0.69542,1.50,1.00
2016.01.26 02:31:10.956,0.69533,0.69542,1.50,1.00
2016.01.26 02:31:11.508,0.69533,0.69544,1.50,4.12
2016.01.26 02:31:14.371,0.69532,0.69542,2.02,1.00
2016.01.26 02:31:14.712,0.6953,0.69539,1.00,1.17
2016.01.26 02:31:15.541,0.69529,0.69539,1.12,1.17
2016.01.26 02:31:16.495,0.6953,0.69539,1.00,1.65
2016.01.26 02:31:18.980,0.69529,0.6954,1.12,3.07
2016.01.26 02:31:19.570,0.69529,0.6954,1.12,5.25
2016.01.26 02:31:20.105,0.6953,0.6954,1.00,4.87
2016.01.26 02:31:22.539,0.69531,0.6954,1.00,3.75
2016.01.26 02:31:22.956,0.69531,0.6954,1.50,1.15
2016.01.26 02:31:23.108,0.69532,0.69542,1.50,1.65
2016.01.26 02:31:23.159,0.69534,0.69542,1.50,1.65
2016.01.26 02:31:23.413,0.69537,0.69545,1.00,1.20
2016.01.26 02:31:23.921,0.69537,0.69546,1.00,1.57
2016.01.26 02:31:24.174,0.69535,0.69546,1.12,1.95
2016.01.26 02:31:25.430,0.69536,0.69546,1.00,1.57
2016.01.26 02:31:26.286,0.69536,0.69547,1.12,2.02
2016.01.26 02:31:26.796,0.69537,0.69548,1.87,2.32
2016.01.26 02:31:28.138,0.69538,0.69548,1.00,1.95
2016.01.26 02:31:28.241,0.6954,0.69548,1.00,1.50
2016.01.26 02:31:28.393,0.6954,0.6955,1.00,4.65
2016.01.26 02:31:28.979,0.69538,0.6955,2.25,3.90
2016.01.26 02:31:29.506,0.69539,0.6955,1.00,3.90
2016.01.26 02:31:30.514,0.69538,0.6955,2.25,3.52
2016.01.26 02:31:31.025,0.69538,0.69548,1.12,1.00
2016.01.26 02:31:33.816,0.69537,0.69548,1.12,1.20
2016.01.26 02:31:34.296,0.69538,0.69547,1.50,1.45
2016.01.26 02:31:37.170,0.69538,0.69547,1.50,1.15
2016.01.26 02:31:38.323,0.69539,0.69548,1.00,4.12
2016.01.26 02:31:38.997,0.6954,0.69548,1.00,2.32
2016.01.26 02:31:39.575,0.69539,0.69548,1.00,1.95
2016.01.26 02:31:42.762,0.69538,0.69548,1.00,1.45
2016.01.26 02:31:44.352,0.69539,0.69548,1.00,2.32
2016.01.26 02:31:44.949,0.69538,0.69548,1.12,1.57
2016.01.26 02:31:52.758,0.69539,0.69549,1.50,1.45
2016.01.26 02:31:52.911,0.69541,0.6955,1.00,1.12
2016.01.26 02:31:53.215,0.69543,0.69553,2.25,1.07
2016.01.26 02:31:53.469,0.69541,0.69551,1.50,1.37
2016.01.26 02:31:54.001,0.69541,0.6955,1.00,1.20
2016.01.26 02:32:00.157,0.69541,0.69551,1.00,2.02
2016.01.26 02:32:02.620,0.69539,0.69548,3.00,1.00
2016.01.26 02:32:03.160,0.69539,0.69549,2.25,1.00
2016.01.26 02:32:03.871,0.69539,0.69548,2.25,1.00
2016.01.26 02:32:05.503,0.69542,0.69551,1.00,2.77
2016.01.26 02:32:05.604,0.69544,0.69552,1.00,3.75
2016.01.26 02:32:05.757,0.69544,0.69553,1.12,1.10
2016.01.26 02:32:06.198,0.69545,0.69555,1.00,1.10
2016.01.26 02:32:06.959,0.69545,0.69556,1.87,2.02
2016.01.26 02:32:09.632,0.69547,0.69554,1.00,1.00
2016.01.26 02:32:09.988,0.69545,0.69554,1.50,1.00
2016.01.26 02:32:10.786,0.69545,0.69553,1.12,1.00
2016.01.26 02:32:10.836,0.69545,0.69551,1.12,1.00
2016.01.26 02:32:11.040,0.6954,0.69549,1.87,1.10
2016.01.26 02:32:11.423,0.69539,0.69549,1.50,1.10
2016.01.26 02:32:14.005,0.69539,0.69547,1.12,1.00
2016.01.26 02:32:14.309,0.69537,0.69547,2.25,1.10
2016.01.26 02:32:17.247,0.69537,0.69546,1.00,1.00
2016.01.26 02:32:19.069,0.69535,0.69545,2.25,1.00
2016.01.26 02:32:19.486,0.69534,0.69545,1.37,1.12
2016.01.26 02:32:19.537,0.69534,0.69543,1.87,1.00
2016.01.26 02:32:20.363,0.69533,0.69541,1.12,1.00
2016.01.26 02:32:20.516,0.6953,0.69538,1.12,1.00
2016.01.26 02:32:21.067,0.69528,0.69538,3.07,1.00
2016.01.26 02:32:24.453,0.69528,0.69539,3.07,1.00
2016.01.26 02:32:24.658,0.69532,0.69541,1.12,1.27
2016.01.26 02:32:24.812,0.69533,0.69543,1.00,1.50
2016.01.26 02:32:25.254,0.69533,0.69544,1.95,1.47
2016.01.26 02:32:25.765,0.69534,0.69545,1.12,1.57
2016.01.26 02:32:32.149,0.69534,0.69544,3.00,1.00
2016.01.26 02:32:32.726,0.69534,0.69545,2.62,1.12
2016.01.26 02:32:35.551,0.69532,0.69544,4.65,1.00
2016.01.26 02:32:36.090,0.69534,0.69544,1.00,1.00
2016.01.26 02:32:38.984,0.69532,0.69542,3.00,1.00
2016.01.26 02:32:39.491,0.69532,0.69544,1.95,1.57
2016.01.26 02:32:39.803,0.69529,0.69539,3.07,1.00
2016.01.26 02:32:40.309,0.69529,0.6954,1.85,1.10
2016.01.26 02:32:46.754,0.69529,0.69539,2.70,1.00
2016.01.26 02:32:47.722,0.69529,0.69541,1.95,1.65
2016.01.26 02:32:57.648,0.69529,0.69541,2.70,1.65
2016.01.26 02:33:04.526,0.6953,0.69541,2.70,1.00
2016.01.26 02:33:17.898,0.6953,0.69542,1.85,2.70
2016.01.26 02:33:18.202,0.69531,0.6954,1.37,1.00
2016.01.26 02:33:35.733,0.6953,0.6954,2.32,1.50
2016.01.26 02:33:37.900,0.69529,0.69539,1.82,1.00
2016.01.26 02:33:37.951,0.69529,0.69539,1.45,1.00
2016.01.26 02:33:38.489,0.69527,0.69539,1.95,2.62
2016.01.26 02:33:39.038,0.69527,0.69539,1.95,2.62
2016.01.26 02:33:41.894,0.69528,0.69539,1.12,3.00
2016.01.26 02:33:42.840,0.69528,0.69537,1.12,1.00
2016.01.26 02:33:45.913,0.69527,0.69538,2.25,1.00
2016.01.26 02:33:46.436,0.69529,0.69539,1.12,1.00
2016.01.26 02:33:50.017,0.69529,0.6954,1.00,2.32
2016.01.26 02:33:50.697,0.6953,0.6954,1.00,1.95
2016.01.26 02:33:50.849,0.69531,0.69543,3.75,1.57
2016.01.26 02:33:50.900,0.69532,0.69543,1.57,1.10
2016.01.26 02:33:51.001,0.69532,0.69543,2.70,1.10
2016.01.26 02:33:51.287,0.69533,0.69545,3.07,1.20
2016.01.26 02:33:51.804,0.69533,0.69544,2.70,1.00
2016.01.26 02:33:52.866,0.69533,0.69543,3.82,1.00
2016.01.26 02:33:52.967,0.69533,0.69541,2.70,1.00
2016.01.26 02:33:53.120,0.69531,0.69542,1.65,1.00
2016.01.26 02:33:54.619,0.6953,0.6954,2.77,1.00
2016.01.26 02:33:56.546,0.69528,0.6954,2.40,2.25
2016.01.26 02:33:57.168,0.69528,0.69539,1.95,1.10
2016.01.26 02:33:58.483,0.69528,0.69539,1.10,3.15
2016.01.26 02:34:06.810,0.69528,0.69537,1.00,1.00
2016.01.26 02:34:06.911,0.69526,0.69534,1.50,1.00
2016.01.26 02:34:06.962,0.69525,0.69534,2.25,1.50
2016.01.26 02:34:07.218,0.69522,0.69531,2.77,1.12
2016.01.26 02:34:07.269,0.69522,0.69531,1.00,1.12
2016.01.26 02:34:07.421,0.69524,0.69533,1.00,3.45
2016.01.26 02:34:07.927,0.69523,0.69535,1.12,4.57
2016.01.26 02:34:09.883,0.69525,0.69534,1.00,1.17
2016.01.26 02:34:10.093,0.69525,0.69535,1.00,1.95
2016.01.26 02:34:10.296,0.69528,0.69535,1.00,1.12
2016.01.26 02:34:10.398,0.69528,0.69538,1.00,2.40
2016.01.26 02:34:10.906,0.69528,0.69539,1.00,2.02
2016.01.26 02:34:11.732,0.69528,0.6954,1.00,1.65
2016.01.26 02:34:11.884,0.69531,0.6954,1.00,1.57
2016.01.26 02:34:12.036,0.69532,0.69542,1.00,1.95
2016.01.26 02:34:12.542,0.69532,0.69543,1.12,1.95
2016.01.26 02:34:13.244,0.69531,0.69541,1.20,1.12
2016.01.26 02:34:13.750,0.69529,0.69541,1.95,3.07
2016.01.26 02:34:14.506,0.69532,0.69541,1.00,1.07
2016.01.26 02:34:15.012,0.6953,0.69541,2.32,1.10
2016.01.26 02:34:17.578,0.69529,0.69541,2.32,2.70
2016.01.26 02:34:29.634,0.6953,0.6954,1.00,1.10
2016.01.26 02:34:35.254,0.69533,0.69541,1.00,1.07
2016.01.26 02:34:35.406,0.69537,0.69546,1.50,1.57
2016.01.26 02:34:35.457,0.69539,0.69546,1.00,1.20
2016.01.26 02:34:35.559,0.69539,0.69548,1.50,1.00
2016.01.26 02:34:35.712,0.69541,0.69552,1.00,1.37
2016.01.26 02:34:35.965,0.69541,0.69552,1.12,1.12
2016.01.26 02:34:39.043,0.69539,0.6955,1.57,1.00
2016.01.26 02:34:39.348,0.69538,0.69548,1.00,2.32
2016.01.26 02:34:41.044,0.69536,0.69549,1.57,2.70
2016.01.26 02:34:43.107,0.69538,0.69548,1.00,2.32
2016.01.26 02:34:43.461,0.6954,0.69548,1.00,1.57
2016.01.26 02:34:43.820,0.69547,0.69556,1.12,1.00
2016.01.26 02:34:44.326,0.69547,0.69557,1.12,1.00
2016.01.26 02:34:44.831,0.69548,0.69557,1.00,1.00
2016.01.26 02:34:47.800,0.69548,0.69556,1.00,1.00
2016.01.26 02:34:48.333,0.69548,0.69557,1.00,1.50
2016.01.26 02:34:48.957,0.69548,0.69556,1.00,1.00
2016.01.26 02:34:54.302,0.69549,0.69556,1.00,1.00
2016.01.26 02:35:06.795,0.6955,0.69556,1.00,1.00
2016.01.26 02:35:08.960,0.6955,0.69557,1.00,1.00
2016.01.26 02:35:09.511,0.69549,0.69557,1.00,1.00
2016.01.26 02:35:13.103,0.69548,0.69557,1.12,1.00
2016.01.26 02:35:13.205,0.69545,0.69556,2.62,1.85
2016.01.26 02:35:13.256,0.69544,0.69555,1.57,1.37
2016.01.26 02:35:13.307,0.69544,0.69554,1.00,4.87
2016.01.26 02:35:13.813,0.69543,0.69553,1.12,3.75
2016.01.26 02:35:14.266,0.69543,0.69553,1.12,3.07
2016.01.26 02:35:20.690,0.69543,0.69553,1.37,3.07
2016.01.26 02:35:26.387,0.69541,0.69547,1.87,1.50
2016.01.26 02:35:26.438,0.69534,0.69545,3.52,1.00
2016.01.26 02:35:26.489,0.69534,0.69545,2.40,1.75
2016.01.26 02:35:27.017,0.69532,0.69543,1.37,1.95
2016.01.26 02:35:27.818,0.69532,0.69543,1.00,1.95
2016.01.26 02:35:29.355,0.6954,0.69546,1.12,6.30
2016.01.26 02:35:29.406,0.69542,0.69546,1.12,2.55
2016.01.26 02:35:29.507,0.69545,0.69551,1.50,1.12
2016.01.26 02:35:29.609,0.69545,0.69555,1.57,1.12
2016.01.26 02:35:29.710,0.69545,0.69556,1.57,3.75
2016.01.26 02:35:29.964,0.69545,0.69555,1.27,1.50
2016.01.26 02:35:30.622,0.69545,0.69555,1.10,1.12
2016.01.26 02:35:30.735,0.69547,0.69556,1.00,1.95
2016.01.26 02:35:31.240,0.69546,0.69556,1.00,1.10
2016.01.26 02:35:35.458,0.69547,0.69556,1.00,1.12
2016.01.26 02:35:36.005,0.69546,0.69557,1.00,1.37
2016.01.26 02:35:49.649,0.69546,0.69557,1.00,1.00
2016.01.26 02:35:52.807,0.69546,0.69557,1.00,1.37
2016.01.26 02:35:56.378,0.69545,0.69557,1.27,1.37
2016.01.26 02:36:00.505,0.69545,0.69557,1.27,1.00
2016.01.26 02:36:01.922,0.69546,0.69558,1.00,3.15
2016.01.26 02:36:09.604,0.69546,0.69558,1.12,3.15
2016.01.26 02:36:28.423,0.69545,0.69556,1.20,1.00
2016.01.26 02:36:32.907,0.69547,0.69558,1.00,3.07
2016.01.26 02:36:35.928,0.69547,0.69558,1.10,3.07
2016.01.26 02:36:36.232,0.69553,0.69565,1.20,3.37
2016.01.26 02:36:36.754,0.69553,0.69566,1.57,3.07
2016.01.26 02:36:37.260,0.69554,0.69566,1.12,3.45
2016.01.26 02:36:38.306,0.69554,0.69566,1.00,3.82
2016.01.26 02:36:39.115,0.69553,0.69566,2.32,2.32
2016.01.26 02:36:39.924,0.69554,0.69566,1.00,1.95
2016.01.26 02:36:40.946,0.69554,0.69565,1.12,1.00
2016.01.26 02:36:41.449,0.69554,0.69565,1.12,1.37
2016.01.26 02:36:42.421,0.69554,0.69565,1.07,1.50
2016.01.26 02:36:52.205,0.69554,0.69565,1.17,1.37
2016.01.26 02:36:53.219,0.69554,0.69565,1.17,1.37
2016.01.26 02:36:55.231,0.69554,0.69565,1.27,1.12
2016.01.26 02:36:58.217,0.69555,0.69565,1.10,1.37
2016.01.26 02:37:01.563,0.69556,0.69566,1.00,1.57
2016.01.26 02:37:02.069,0.69557,0.69568,1.10,1.95
2016.01.26 02:37:02.121,0.6956,0.69568,1.12,1.37
2016.01.26 02:37:02.425,0.69565,0.69575,2.02,1.00
2016.01.26 02:37:03.088,0.69565,0.69577,2.70,1.75
2016.01.26 02:37:03.392,0.69574,0.69581,1.17,1.00
2016.01.26 02:37:03.895,0.69575,0.69584,1.10,1.87
2016.01.26 02:37:04.252,0.69576,0.69585,1.00,1.50
2016.01.26 02:37:04.758,0.69575,0.69585,1.10,1.50
2016.01.26 02:37:05.274,0.69575,0.69586,1.10,1.37
2016.01.26 02:37:06.733,0.69574,0.69586,1.12,2.70
2016.01.26 02:37:07.993,0.69575,0.69586,1.00,1.95
2016.01.26 02:37:08.525,0.69575,0.69586,1.07,1.37
2016.01.26 02:37:09.573,0.69575,0.69587,1.20,1.57
2016.01.26 02:37:10.509,0.69577,0.69586,1.00,1.00
2016.01.26 02:37:11.055,0.69576,0.69586,1.10,1.00
2016.01.26 02:37:14.274,0.69576,0.69588,1.10,2.70
2016.01.26 02:37:15.037,0.69577,0.69587,1.00,1.10
2016.01.26 02:37:15.341,0.69582,0.6959,1.00,2.02
2016.01.26 02:37:15.505,0.69582,0.69591,1.95,1.57
2016.01.26 02:37:15.564,0.69584,0.69597,1.87,1.07
2016.01.26 02:37:16.083,0.69584,0.69597,2.25,1.10
2016.01.26 02:37:16.184,0.69584,0.69597,1.07,1.20
2016.01.26 02:37:16.499,0.6958,0.69593,1.75,1.57
2016.01.26 02:37:16.550,0.69579,0.69593,1.27,1.65
2016.01.26 02:37:17.621,0.69578,0.69593,1.90,2.02
2016.01.26 02:37:18.149,0.69579,0.69592,1.20,1.57
2016.01.26 02:37:18.654,0.69578,0.69593,1.90,2.40
2016.01.26 02:37:19.485,0.69578,0.69593,2.40,2.77
2016.01.26 02:37:20.600,0.69578,0.6959,1.37,3.82
2016.01.26 02:37:20.651,0.69574,0.69588,1.87,2.32
2016.01.26 02:37:20.703,0.69573,0.69588,3.45,6.07
2016.01.26 02:37:21.209,0.69573,0.69586,1.07,1.57
2016.01.26 02:37:22.701,0.69572,0.69586,1.57,2.02
2016.01.26 02:37:23.459,0.69572,0.69585,1.20,1.20
2016.01.26 02:37:25.012,0.69573,0.69585,1.00,1.20
2016.01.26 02:37:25.373,0.69571,0.69581,1.27,1.00
2016.01.26 02:37:25.677,0.6957,0.69581,1.00,1.95
2016.01.26 02:37:26.185,0.69571,0.69581,1.00,1.65
2016.01.26 02:37:27.842,0.69571,0.69582,1.12,1.65
2016.01.26 02:37:28.349,0.69572,0.69582,1.00,1.00
2016.01.26 02:37:29.495,0.69572,0.69583,1.00,1.65
2016.01.26 02:37:30.003,0.69572,0.69582,1.00,1.00
2016.01.26 02:37:30.536,0.69572,0.69584,1.00,3.90
2016.01.26 02:37:32.067,0.69574,0.69584,1.00,1.10
2016.01.26 02:37:32.219,0.69574,0.69587,1.50,2.02
2016.01.26 02:37:32.523,0.69576,0.69588,1.00,3.07
2016.01.26 02:37:33.046,0.69575,0.69588,1.20,2.02
2016.01.26 02:37:33.589,0.69575,0.69588,1.20,2.40
2016.01.26 02:37:34.095,0.69575,0.69587,1.57,1.17
2016.01.26 02:37:34.899,0.69576,0.69589,1.00,4.12
2016.01.26 02:37:36.184,0.69578,0.69589,1.00,2.70
2016.01.26 02:37:36.769,0.69579,0.6959,1.00,2.02
2016.01.26 02:37:39.036,0.69581,0.6959,1.00,1.07
2016.01.26 02:37:39.341,0.69585,0.69593,1.00,6.00
2016.01.26 02:37:39.392,0.69584,0.69595,1.10,1.20
2016.01.26 02:37:39.646,0.69586,0.69596,1.00,1.07
2016.01.26 02:37:40.252,0.69585,0.69596,1.00,1.07
2016.01.26 02:37:40.758,0.69584,0.69596,1.00,1.17
2016.01.26 02:37:41.264,0.69584,0.69596,1.00,2.02
2016.01.26 02:37:41.794,0.69584,0.69596,1.00,2.02
2016.01.26 02:37:42.099,0.69595,0.69604,1.27,1.00
2016.01.26 02:37:42.508,0.69593,0.69604,1.47,1.00
2016.01.26 02:37:43.049,0.69595,0.69606,1.00,1.50
2016.01.26 02:37:43.202,0.69593,0.69604,1.10,1.50
2016.01.26 02:37:43.708,0.69593,0.69604,1.00,1.50
2016.01.26 02:37:44.142,0.69591,0.69603,1.00,1.07
2016.01.26 02:37:45.773,0.69591,0.69603,1.00,1.45
2016.01.26 02:37:45.926,0.69592,0.69601,1.00,1.12
2016.01.26 02:37:46.028,0.69588,0.69598,1.00,1.47
2016.01.26 02:37:46.130,0.69585,0.69598,1.57,2.32
2016.01.26 02:37:46.737,0.69584,0.69597,1.50,1.87
2016.01.26 02:37:47.211,0.69586,0.69599,1.10,1.87
2016.01.26 02:37:51.927,0.69588,0.69599,1.00,3.07
2016.01.26 02:37:54.833,0.69589,0.69599,1.00,1.57
2016.01.26 02:37:55.542,0.69589,0.696,1.87,2.70
2016.01.26 02:37:56.048,0.69591,0.696,1.00,2.40
2016.01.26 02:38:01.504,0.69592,0.69602,1.00,4.12
2016.01.26 02:38:05.721,0.69592,0.69602,1.00,2.40
2016.01.26 02:38:06.311,0.69591,0.69602,1.12,2.40
2016.01.26 02:38:06.967,0.6959,0.69601,1.00,1.95
2016.01.26 02:38:07.831,0.69592,0.69601,1.00,1.95
2016.01.26 02:38:08.560,0.69595,0.69602,1.00,1.87
2016.01.26 02:38:08.663,0.69598,0.69608,1.00,1.07
2016.01.26 02:38:08.815,0.69599,0.69609,1.00,1.20
2016.01.26 02:38:09.328,0.69598,0.69609,1.50,1.95
2016.01.26 02:38:09.854,0.69599,0.69609,1.00,3.45
2016.01.26 02:38:10.360,0.69598,0.69609,1.00,3.45
2016.01.26 02:38:11.067,0.69599,0.69609,1.00,3.45
2016.01.26 02:38:13.468,0.69597,0.69609,1.00,2.70
2016.01.26 02:38:13.974,0.69598,0.69607,1.00,1.10
2016.01.26 02:38:14.277,0.69596,0.69607,1.87,1.20
2016.01.26 02:38:14.827,0.69596,0.69606,1.87,1.00
2016.01.26 02:38:15.342,0.69596,0.69607,1.87,1.00
2016.01.26 02:38:22.797,0.69596,0.69608,1.37,1.95
2016.01.26 02:38:23.713,0.69596,0.69608,1.20,1.87
2016.01.26 02:38:29.236,0.69595,0.69605,2.40,1.00
2016.01.26 02:38:29.591,0.69592,0.69604,4.57,1.50
2016.01.26 02:38:30.112,0.69592,0.69604,4.20,1.65
2016.01.26 02:38:31.267,0.69592,0.69601,1.47,1.00
2016.01.26 02:38:31.572,0.69589,0.69598,1.37,2.32
2016.01.26 02:38:31.777,0.69586,0.69596,3.00,1.10
2016.01.26 02:38:31.930,0.69585,0.69596,1.37,1.07
2016.01.26 02:38:32.144,0.69584,0.69594,1.12,1.52
2016.01.26 02:38:33.025,0.69583,0.69593,1.12,1.27
2016.01.26 02:38:33.585,0.69581,0.69591,2.62,1.50
2016.01.26 02:38:34.127,0.69581,0.69591,1.87,1.00
2016.01.26 02:38:34.629,0.69581,0.69591,1.50,1.12
2016.01.26 02:38:36.332,0.69582,0.69591,1.00,1.00
2016.01.26 02:38:37.207,0.69582,0.69591,1.12,1.65
2016.01.26 02:38:37.409,0.6958,0.69592,1.87,2.02
2016.01.26 02:38:37.983,0.69581,0.69591,1.00,1.57
2016.01.26 02:38:38.596,0.69582,0.69592,1.00,1.57
2016.01.26 02:38:38.851,0.69582,0.69593,1.87,1.17
2016.01.26 02:38:39.003,0.69585,0.69593,1.00,1.10
2016.01.26 02:38:39.518,0.69585,0.69596,1.00,1.27
2016.01.26 02:38:42.951,0.69586,0.69597,1.00,3.15
2016.01.26 02:38:43.827,0.69585,0.69596,1.20,1.10
2016.01.26 02:38:44.429,0.69584,0.69596,2.62,1.57
2016.01.26 02:38:52.299,0.69584,0.69595,2.25,1.10
2016.01.26 02:38:52.755,0.69585,0.69597,1.50,1.12
2016.01.26 02:38:53.273,0.69586,0.69598,1.12,3.15
2016.01.26 02:38:57.610,0.69586,0.69597,1.00,1.20
2016.01.26 02:39:00.867,0.69588,0.69597,1.00,1.10
2016.01.26 02:39:01.489,0.69587,0.69597,1.00,1.10
2016.01.26 02:39:02.035,0.69588,0.69597,1.00,1.20
2016.01.26 02:39:02.849,0.69587,0.69597,1.50,1.10
2016.01.26 02:39:03.399,0.69588,0.69597,1.00,1.20
2016.01.26 02:39:05.659,0.69586,0.69598,4.42,1.92
2016.01.26 02:39:06.203,0.69586,0.69597,1.80,1.47
2016.01.26 02:39:06.708,0.69586,0.69598,4.42,2.02
2016.01.26 02:39:07.920,0.69586,0.69597,1.80,1.57
2016.01.26 02:39:11.932,0.69586,0.69597,1.42,1.57
2016.01.26 02:39:13.497,0.69585,0.69597,4.05,1.95
2016.01.26 02:39:15.041,0.69588,0.69597,1.00,1.57
2016.01.26 02:39:17.970,0.69589,0.69597,1.00,1.57
2016.01.26 02:39:18.223,0.69591,0.69597,1.00,1.45
2016.01.26 02:39:18.325,0.69594,0.69599,1.00,1.57
2016.01.26 02:39:18.376,0.69595,0.696,1.37,1.12
2016.01.26 02:39:18.427,0.69595,0.69603,1.87,1.75
2016.01.26 02:39:18.529,0.69598,0.69602,1.00,1.12
2016.01.26 02:39:18.580,0.69598,0.69607,1.87,1.27
2016.01.26 02:39:18.731,0.696,0.69609,1.00,1.95
2016.01.26 02:39:23.615,0.69599,0.69609,1.50,1.95
2016.01.26 02:39:24.143,0.696,0.69609,1.00,2.70
2016.01.26 02:39:24.904,0.69599,0.69609,1.00,2.32
2016.01.26 02:39:25.677,0.696,0.69609,1.00,1.57
2016.01.26 02:39:25.931,0.69598,0.69608,1.50,1.12
2016.01.26 02:39:26.437,0.69598,0.69608,1.00,1.65
2016.01.26 02:39:27.025,0.69597,0.69608,1.50,1.65
2016.01.26 02:39:28.388,0.69598,0.69609,1.00,2.02
2016.01.26 02:39:30.073,0.69597,0.69607,1.00,1.12
2016.01.26 02:39:31.640,0.69597,0.69607,1.00,1.50
2016.01.26 02:39:33.599,0.69597,0.69607,1.00,1.12
2016.01.26 02:39:35.078,0.69596,0.69607,1.87,1.00
2016.01.26 02:39:35.179,0.69598,0.69609,1.00,1.65
2016.01.26 02:39:35.483,0.696,0.6961,1.00,2.30
2016.01.26 02:39:36.025,0.69599,0.69609,1.87,1.57
2016.01.26 02:39:36.703,0.696,0.69608,1.00,1.00
2016.01.26 02:39:38.726,0.69599,0.69609,1.87,1.50
2016.01.26 02:39:39.999,0.696,0.69608,1.00,1.00
2016.01.26 02:39:43.749,0.69599,0.69609,1.12,1.65
2016.01.26 02:39:44.254,0.696,0.69609,1.00,1.65
2016.01.26 02:39:46.626,0.69601,0.69609,1.00,1.57
2016.01.26 02:39:48.251,0.696,0.6961,1.00,4.05
2016.01.26 02:39:49.036,0.69599,0.69609,3.37,1.45
2016.01.26 02:39:54.667,0.69599,0.69608,1.00,1.10
2016.01.26 02:39:59.076,0.696,0.6961,1.00,4.05
2016.01.26 02:40:00.132,0.69599,0.69609,1.30,1.57
2016.01.26 02:40:00.676,0.69599,0.69607,1.30,1.00
2016.01.26 02:40:01.183,0.69598,0.69609,3.97,1.07
2016.01.26 02:40:02.346,0.69599,0.69608,2.10,1.10
2016.01.26 02:40:07.500,0.69598,0.69609,3.22,1.57
2016.01.26 02:40:09.712,0.69597,0.69609,5.55,1.95
2016.01.26 02:40:10.274,0.696,0.6961,1.00,4.92
2016.01.26 02:40:12.237,0.696,0.69607,1.00,1.00
2016.01.26 02:40:12.490,0.69597,0.69607,1.57,1.00
2016.01.26 02:40:12.996,0.69597,0.69606,1.00,1.00
2016.01.26 02:40:13.047,0.69595,0.69605,2.02,1.00
2016.01.26 02:40:13.548,0.69594,0.69604,2.02,1.00
2016.01.26 02:40:13.852,0.69594,0.69602,1.12,1.00
2016.01.26 02:40:14.155,0.69589,0.69598,1.95,1.00
2016.01.26 02:40:14.257,0.69588,0.69598,1.07,1.00
2016.01.26 02:40:14.619,0.69589,0.69601,1.57,1.10
2016.01.26 02:40:14.720,0.69591,0.69601,1.00,1.10
2016.01.26 02:40:15.075,0.69592,0.69603,1.20,1.10
2016.01.26 02:40:15.279,0.69593,0.69605,1.95,1.57
2016.01.26 02:40:17.098,0.69594,0.69604,1.27,1.00
2016.01.26 02:40:18.160,0.69593,0.69605,1.65,1.50
2016.01.26 02:40:18.775,0.69593,0.69604,1.57,1.00
2016.01.26 02:40:20.241,0.69594,0.69605,1.00,1.95
2016.01.26 02:40:21.121,0.69592,0.69605,4.27,1.12
2016.01.26 02:40:21.475,0.69593,0.69603,1.75,1.00
2016.01.26 02:40:21.526,0.69593,0.69603,1.50,1.00
2016.01.26 02:40:23.071,0.69593,0.69605,1.00,1.12
2016.01.26 02:40:23.933,0.69593,0.69604,1.00,1.00
2016.01.26 02:40:25.225,0.69593,0.69603,1.00,1.00
2016.01.26 02:40:25.777,0.69593,0.69604,1.00,1.00
2016.01.26 02:40:26.283,0.69593,0.69605,1.37,1.87
2016.01.26 02:40:28.393,0.69593,0.696,1.57,1.00
2016.01.26 02:40:28.596,0.69587,0.69599,4.95,1.00
2016.01.26 02:40:32.047,0.6959,0.69599,1.00,1.12
2016.01.26 02:40:34.978,0.6959,0.69601,1.37,1.87
2016.01.26 02:40:35.083,0.69592,0.69603,1.12,1.00
2016.01.26 02:40:35.589,0.69593,0.69603,1.95,1.00
2016.01.26 02:40:36.231,0.69593,0.69604,1.10,1.12
2016.01.26 02:40:36.840,0.69595,0.69605,1.00,1.95
2016.01.26 02:40:37.297,0.69593,0.69606,1.57,2.77
2016.01.26 02:40:38.322,0.69595,0.69606,1.00,2.77
2016.01.26 02:40:38.525,0.69596,0.69608,1.00,2.40
2016.01.26 02:40:39.027,0.69597,0.69608,1.12,1.10
2016.01.26 02:40:39.689,0.69598,0.69608,1.00,1.57
2016.01.26 02:40:40.213,0.69596,0.69609,1.95,2.70
2016.01.26 02:40:40.719,0.69598,0.69608,1.00,1.50
2016.01.26 02:40:40.871,0.69596,0.69607,1.10,1.75
2016.01.26 02:40:42.302,0.69597,0.69608,1.00,1.65
2016.01.26 02:40:44.663,0.69597,0.69608,1.00,1.57
2016.01.26 02:40:46.121,0.69597,0.69608,1.00,1.27
2016.01.26 02:40:48.608,0.69596,0.69608,1.87,1.20
2016.01.26 02:40:49.111,0.69596,0.69609,2.02,1.65
2016.01.26 02:40:49.634,0.69597,0.69607,1.10,1.00
2016.01.26 02:40:50.174,0.69596,0.69609,2.02,1.65
2016.01.26 02:40:52.136,0.69597,0.69609,1.10,1.55
2016.01.26 02:40:53.404,0.69597,0.69609,1.20,1.65
2016.01.26 02:40:53.945,0.69598,0.69608,1.00,1.10
2016.01.26 02:40:54.259,0.696,0.6961,1.00,4.02
2016.01.26 02:40:54.563,0.69606,0.6961,1.12,0.10
2016.01.26 02:40:57.605,0.69606,0.6961,4.57,0.10
2016.01.26 02:40:58.732,0.69607,0.6961,1.87,0.10
2016.01.26 02:40:59.939,0.69607,0.6961,1.50,0.10
2016.01.26 02:41:03.783,0.69606,0.6961,1.95,0.10
2016.01.26 02:41:05.115,0.69607,0.6961,1.00,0.10
2016.01.26 02:41:14.107,0.69606,0.6961,2.70,0.10
2016.01.26 02:41:17.852,0.69606,0.6961,1.95,0.10
2016.01.26 02:41:20.496,0.69606,0.6961,1.57,0.10
2016.01.26 02:41:20.751,0.696,0.6961,1.20,1.20
2016.01.26 02:41:21.308,0.696,0.69609,1.10,1.00
2016.01.26 02:41:21.913,0.696,0.69608,1.10,1.00
2016.01.26 02:41:22.464,0.696,0.69609,1.10,1.00
2016.01.26 02:41:23.326,0.696,0.69608,1.10,1.00
2016.01.26 02:41:23.856,0.696,0.69609,1.00,1.20
2016.01.26 02:41:24.362,0.696,0.69608,1.12,1.00
2016.01.26 02:41:25.802,0.69599,0.69608,1.12,1.00
2016.01.26 02:41:26.317,0.69597,0.69609,3.45,1.57
2016.01.26 02:41:32.243,0.69597,0.69608,2.70,1.10
2016.01.26 02:41:33.187,0.69597,0.69607,2.70,1.00
2016.01.26 02:41:33.238,0.69597,0.69607,2.32,1.00
2016.01.26 02:41:33.491,0.69596,0.69605,2.25,1.00
2016.01.26 02:41:34.000,0.69596,0.69605,1.00,1.00
2016.01.26 02:41:34.726,0.69596,0.69606,2.25,1.10
2016.01.26 02:41:39.729,0.69597,0.69607,1.00,1.20
2016.01.26 02:41:40.066,0.69597,0.69607,1.80,1.12
2016.01.26 02:41:44.436,0.69597,0.69607,1.67,1.12
2016.01.26 02:41:46.967,0.69599,0.69607,1.00,1.12
2016.01.26 02:41:47.474,0.69598,0.69608,1.00,1.95
2016.01.26 02:41:50.356,0.69598,0.69605,1.00,1.00
2016.01.26 02:41:50.610,0.69593,0.69603,2.47,1.37
2016.01.26 02:41:50.800,0.69594,0.69604,2.02,1.20
2016.01.26 02:41:51.939,0.69594,0.69603,1.52,1.00
2016.01.26 02:41:52.813,0.69593,0.69603,2.10,1.00
2016.01.26 02:41:53.354,0.69593,0.69603,1.10,1.00
2016.01.26 02:41:55.000,0.69593,0.69602,1.10,1.00
2016.01.26 02:41:57.884,0.69592,0.69603,1.45,1.00
2016.01.26 02:41:58.891,0.69592,0.69602,1.45,1.00
2016.01.26 02:41:59.432,0.69592,0.69603,1.65,1.00
2016.01.26 02:42:00.403,0.69594,0.69603,1.00,1.00
2016.01.26 02:42:00.504,0.69594,0.69606,2.32,2.02
2016.01.26 02:42:02.140,0.69594,0.69606,2.70,1.57
2016.01.26 02:42:07.200,0.69595,0.69606,1.57,1.50
2016.01.26 02:42:11.378,0.69593,0.69606,3.45,1.95
2016.01.26 02:42:12.915,0.69593,0.69605,2.77,1.10
2016.01.26 02:42:15.616,0.69593,0.69604,2.40,1.00
2016.01.26 02:42:16.276,0.69593,0.69606,2.02,2.02
2016.01.26 02:42:17.153,0.69593,0.69601,1.65,1.00
2016.01.26 02:42:17.307,0.69591,0.69599,1.50,1.12
2016.01.26 02:42:17.652,0.69586,0.69597,3.45,1.00
2016.01.26 02:42:17.906,0.69585,0.69595,1.50,1.00
2016.01.26 02:42:19.021,0.69584,0.69597,3.15,2.77
2016.01.26 02:42:20.528,0.69586,0.69597,1.12,1.65
2016.01.26 02:42:29.752,0.69586,0.69597,1.00,1.00
2016.01.26 02:42:32.315,0.69587,0.69597,1.00,1.00
2016.01.26 02:42:32.821,0.69587,0.69598,1.65,1.37
2016.01.26 02:42:33.272,0.69584,0.69595,3.45,1.00
2016.01.26 02:42:33.780,0.69586,0.69596,1.10,1.10
2016.01.26 02:42:40.458,0.69586,0.69597,1.57,1.07
2016.01.26 02:42:40.863,0.69588,0.69599,1.50,2.32
2016.01.26 02:42:41.811,0.69588,0.69599,1.87,1.95
2016.01.26 02:42:42.838,0.69588,0.69599,1.87,1.95
2016.01.26 02:42:43.176,0.6959,0.696,1.00,1.47
2016.01.26 02:42:44.108,0.6959,0.69601,1.50,3.82
2016.01.26 02:42:46.487,0.6959,0.696,1.50,1.00
2016.01.26 02:42:54.238,0.6959,0.696,1.12,1.00
2016.01.26 02:43:11.114,0.6959,0.696,1.20,1.00
2016.01.26 02:43:22.410,0.69592,0.69602,1.00,2.32
2016.01.26 02:43:22.613,0.69594,0.69606,1.12,2.77
2016.01.26 02:43:23.130,0.69594,0.69606,1.20,1.65
2016.01.26 02:43:24.102,0.69594,0.69607,1.95,3.45
2016.01.26 02:43:24.363,0.69595,0.69608,1.57,1.95
2016.01.26 02:43:27.191,0.69596,0.69606,1.10,1.00
2016.01.26 02:43:27.692,0.69595,0.69607,1.57,2.32
2016.01.26 02:43:28.198,0.69596,0.69606,1.00,1.10
2016.01.26 02:43:28.893,0.69595,0.69606,1.57,1.10
2016.01.26 02:43:29.602,0.69596,0.69606,1.00,1.10
2016.01.26 02:43:31.633,0.69595,0.69607,1.20,1.20
2016.01.26 02:43:32.527,0.69593,0.69606,2.70,2.32
2016.01.26 02:43:36.404,0.69594,0.69603,1.20,1.00
2016.01.26 02:43:36.717,0.69591,0.696,1.00,1.12
2016.01.26 02:43:37.023,0.69588,0.69599,2.62,1.00
2016.01.26 02:43:37.548,0.69588,0.69599,1.50,1.07
2016.01.26 02:43:39.815,0.69587,0.69598,1.95,1.95
2016.01.26 02:43:40.328,0.69585,0.69598,1.57,2.70
2016.01.26 02:43:40.733,0.69587,0.69599,1.57,1.12
2016.01.26 02:43:40.936,0.6959,0.69599,1.00,1.12
2016.01.26 02:43:41.241,0.69595,0.69605,1.00,1.12
2016.01.26 02:43:41.754,0.69596,0.69606,1.00,1.50
2016.01.26 02:43:42.159,0.69594,0.69605,1.87,1.12
2016.01.26 02:43:46.675,0.69595,0.69606,1.50,1.47
2016.01.26 02:43:47.633,0.69594,0.69607,3.15,2.40
2016.01.26 02:43:48.604,0.69594,0.69605,2.40,1.00
2016.01.26 02:43:49.139,0.69594,0.69605,1.12,1.00
2016.01.26 02:43:58.554,0.69594,0.69605,2.62,1.12
2016.01.26 02:43:59.055,0.69596,0.69606,1.50,1.00
2016.01.26 02:44:00.322,0.69596,0.69607,1.50,1.57
2016.01.26 02:44:00.833,0.69597,0.69607,1.00,1.12
2016.01.26 02:44:03.167,0.69596,0.69607,1.50,1.50
2016.01.26 02:44:03.688,0.69596,0.69607,1.50,1.50
2016.01.26 02:44:04.677,0.69596,0.69608,1.20,3.37
2016.01.26 02:44:05.684,0.69596,0.69608,1.20,2.62
2016.01.26 02:44:09.374,0.69597,0.69609,1.00,3.15
2016.01.26 02:44:09.425,0.69599,0.69609,1.00,2.40
2016.01.26 02:44:10.758,0.696,0.69609,1.00,1.87
2016.01.26 02:44:18.498,0.696,0.69609,1.00,1.37
2016.01.26 02:44:21.666,0.696,0.69609,1.00,1.00
2016.01.26 02:44:24.950,0.69601,0.69609,1.00,1.00
2016.01.26 02:44:25.963,0.696,0.69609,1.50,1.00
2016.01.26 02:44:26.561,0.696,0.6961,1.50,3.45
2016.01.26 02:44:27.563,0.696,0.69609,1.50,1.00
2016.01.26 02:44:28.572,0.696,0.6961,1.50,3.45
2016.01.26 02:44:29.085,0.69601,0.6961,1.00,2.95
2016.01.26 02:44:31.004,0.696,0.6961,1.50,3.07
2016.01.26 02:44:37.513,0.69601,0.6961,1.00,2.07
2016.01.26 02:44:39.076,0.696,0.6961,1.27,3.57
2016.01.26 02:44:46.626,0.696,0.6961,1.27,3.70
2016.01.26 02:44:48.628,0.696,0.6961,1.27,3.57
2016.01.26 02:45:06.392,0.69599,0.69609,1.50,1.95
2016.01.26 02:45:07.226,0.69598,0.69609,1.95,1.95
2016.01.26 02:45:08.716,0.69599,0.69609,1.00,2.77
2016.01.26 02:45:24.003,0.69599,0.69607,1.00,1.00
2016.01.26 02:45:24.307,0.69596,0.69604,1.00,2.25
2016.01.26 02:45:24.409,0.69596,0.69604,1.50,1.00
2016.01.26 02:45:24.510,0.69595,0.69607,1.57,2.70
2016.01.26 02:45:25.013,0.69596,0.69606,1.00,1.20
2016.01.26 02:45:25.268,0.69593,0.69602,1.57,1.00
2016.01.26 02:45:25.420,0.69591,0.69602,2.25,3.00
2016.01.26 02:45:25.471,0.69592,0.69602,1.00,1.87
2016.01.26 02:45:25.573,0.69592,0.69602,1.00,1.00
2016.01.26 02:45:29.165,0.69593,0.69602,1.00,1.12
2016.01.26 02:45:29.691,0.69592,0.69604,1.00,5.32
2016.01.26 02:45:31.548,0.69591,0.69603,1.95,1.50
2016.01.26 02:45:33.166,0.69592,0.69603,1.00,1.50
2016.01.26 02:45:38.479,0.69592,0.696,1.00,1.00
2016.01.26 02:45:38.632,0.69589,0.69601,1.87,2.02
2016.01.26 02:45:38.784,0.69588,0.69599,1.27,1.00
2016.01.26 02:45:39.293,0.69588,0.69598,1.10,1.12
2016.01.26 02:45:40.991,0.69588,0.69598,1.10,1.50
2016.01.26 02:45:42.124,0.69588,0.69598,1.10,1.00
2016.01.26 02:45:45.815,0.69586,0.69597,2.32,1.00
