2009.02.06 14:00:00.634,0.66205,0.66235,1.30,1.10
2009.02.06 14:00:03.123,0.66205,0.66235,1.60,0.51
2009.02.06 14:00:03.583,0.66206,0.66236,1.30,0.76
2009.02.06 14:00:04.953,0.66205,0.66241,0.93,1.00
2009.02.06 14:00:05.413,0.66207,0.66241,1.00,0.85
2009.02.06 14:00:06.542,0.66211,0.66237,1.70,2.60
2009.02.06 14:00:07.122,0.66214,0.6623,1.60,1.10
2009.02.06 14:00:07.532,0.66206,0.6623,1.90,0.96
2009.02.06 14:00:07.932,0.66204,0.66234,0.99,1.40
2009.02.06 14:00:09.502,0.66205,0.66235,1.10,0.78
2009.02.06 14:00:09.901,0.66206,0.66236,1.30,1.70
2009.02.06 14:00:11.741,0.66208,0.66238,1.10,1.60
2009.02.06 14:00:12.381,0.66218,0.66238,1.10,2.00
2009.02.06 14:00:12.911,0.66213,0.66247,1.50,1.50
2009.02.06 14:00:13.481,0.6621,0.66254,1.60,1.80
2009.02.06 14:00:13.771,0.66214,0.66254,1.20,1.30
2009.02.06 14:00:14.930,0.66227,0.66251,0.57,1.80
2009.02.06 14:00:15.370,0.66231,0.66255,2.30,1.10
2009.02.06 14:00:15.760,0.66227,0.66261,1.20,0.49
2009.02.06 14:00:19.710,0.66238,0.66258,1.00,0.68
2009.02.06 14:00:20.509,0.66239,0.66264,1.30,0.79
2009.02.06 14:00:21.639,0.6624,0.66265,0.73,1.50
2009.02.06 14:00:22.159,0.66245,0.66265,1.40,1.50
2009.02.06 14:00:23.188,0.66245,0.66275,1.40,2.40
2009.02.06 14:00:23.688,0.66245,0.66285,1.60,1.00
2009.02.06 14:00:24.068,0.66255,0.66285,1.80,1.60
2009.02.06 14:00:24.708,0.66264,0.66284,0.80,1.80
2009.02.06 14:00:25.288,0.66267,0.66287,0.59,1.60
2009.02.06 14:00:25.697,0.66265,0.66295,1.00,1.10
2009.02.06 14:00:27.917,0.66274,0.66294,1.80,0.75
2009.02.06 14:00:28.757,0.66264,0.6631,0.82,1.40
2009.02.06 14:00:29.957,0.66275,0.66305,1.70,0.59
2009.02.06 14:00:30.756,0.66279,0.66305,2.30,2.00
2009.02.06 14:00:31.887,0.6628,0.6631,1.20,1.10
2009.02.06 14:00:32.416,0.66286,0.6631,1.00,1.30
2009.02.06 14:00:33.236,0.66285,0.66315,1.10,1.20
2009.02.06 14:00:34.256,0.66285,0.66319,1.30,1.10
2009.02.06 14:00:34.876,0.66287,0.66321,1.10,1.40
2009.02.06 14:00:35.496,0.66292,0.66322,1.50,0.76
2009.02.06 14:00:35.885,0.66297,0.66325,1.50,1.50
2009.02.06 14:00:36.285,0.66302,0.66322,1.50,1.10
2009.02.06 14:00:37.245,0.66301,0.66331,0.78,1.10
2009.02.06 14:00:37.885,0.663,0.66334,0.87,1.30
2009.02.06 14:00:38.585,0.66297,0.66342,2.00,1.20
2009.02.06 14:00:39.665,0.66307,0.66337,1.30,1.30
2009.02.06 14:00:40.514,0.66304,0.66344,0.87,1.70
2009.02.06 14:00:41.724,0.66313,0.66339,1.20,0.67
2009.02.06 14:00:42.234,0.66324,0.66334,0.76,1.20
2009.02.06 14:00:43.713,0.66326,0.66336,1.80,1.30
2009.02.06 14:00:44.443,0.66323,0.66343,1.40,1.30
2009.02.06 14:00:45.513,0.66323,0.66347,1.30,0.83
2009.02.06 14:00:46.383,0.66328,0.66348,1.20,1.30
2009.02.06 14:00:46.942,0.6633,0.6635,1.20,1.10
2009.02.06 14:00:48.072,0.66327,0.66357,1.10,0.89
2009.02.06 14:00:48.912,0.66334,0.66354,1.40,1.90
2009.02.06 14:00:49.032,0.66336,0.66356,0.79,1.20
2009.02.06 14:00:49.432,0.6633,0.66366,2.00,1.60
2009.02.06 14:00:50.012,0.66336,0.66366,0.83,2.20
2009.02.06 14:00:50.862,0.66341,0.66369,0.62,1.50
2009.02.06 14:00:51.731,0.66339,0.66373,0.68,0.94
2009.02.06 14:00:52.361,0.66342,0.66378,1.70,2.60
2009.02.06 14:00:52.941,0.66349,0.66375,1.30,0.65
2009.02.06 14:00:53.301,0.66358,0.66368,1.70,1.40
2009.02.06 14:00:53.761,0.66355,0.66375,1.20,1.30
2009.02.06 14:00:54.751,0.66352,0.66387,1.00,1.60
2009.02.06 14:00:55.590,0.66356,0.66386,0.66,1.40
2009.02.06 14:00:56.740,0.66362,0.66382,1.30,1.40
2009.02.06 14:00:57.340,0.66359,0.66389,1.00,2.20
2009.02.06 14:00:59.200,0.66361,0.66391,2.50,0.98
2009.02.06 14:00:59.999,0.66358,0.66402,1.50,0.63
2009.02.06 14:01:01.130,0.66363,0.66409,1.00,0.60
2009.02.06 14:01:01.639,0.66378,0.66404,2.20,1.40
2009.02.06 14:01:02.269,0.66375,0.66405,1.10,0.83
2009.02.06 14:01:02.789,0.66367,0.66403,2.20,1.10
2009.02.06 14:01:03.319,0.66363,0.66399,1.40,1.10
2009.02.06 14:01:03.949,0.66357,0.66403,0.66,0.84
2009.02.06 14:01:04.128,0.66356,0.66402,1.10,1.30
2009.02.06 14:01:04.828,0.66356,0.66402,1.50,1.10
2009.02.06 14:01:05.508,0.66356,0.66402,0.93,1.30
2009.02.06 14:01:06.028,0.66356,0.66402,1.00,0.70
2009.02.06 14:01:07.038,0.66356,0.66402,1.60,0.94
2009.02.06 14:01:07.508,0.66358,0.66402,0.83,1.50
2009.02.06 14:01:07.978,0.66363,0.66399,0.70,1.10
2009.02.06 14:01:08.708,0.66364,0.664,0.79,0.99
2009.02.06 14:01:09.217,0.66363,0.66399,1.30,1.30
2009.02.06 14:01:10.757,0.66361,0.66397,1.10,1.10
2009.02.06 14:01:11.367,0.66367,0.66387,1.10,2.00
2009.02.06 14:01:11.647,0.66369,0.66393,1.60,1.40
2009.02.06 14:01:12.146,0.66366,0.66396,2.30,1.90
2009.02.06 14:01:12.676,0.66362,0.66398,1.70,2.00
2009.02.06 14:01:13.247,0.6637,0.66386,1.30,1.50
2009.02.06 14:01:13.706,0.66366,0.664,1.60,1.00
2009.02.06 14:01:14.126,0.66377,0.66403,1.30,1.10
2009.02.06 14:01:14.696,0.6638,0.664,1.00,1.40
2009.02.06 14:01:15.266,0.66378,0.66398,0.82,1.30
2009.02.06 14:01:15.606,0.66366,0.66402,2.30,1.20
2009.02.06 14:01:16.965,0.66365,0.664,1.20,2.00
2009.02.06 14:01:17.695,0.66372,0.66398,0.93,1.80
2009.02.06 14:01:18.745,0.66368,0.66398,1.10,0.58
2009.02.06 14:01:19.945,0.66364,0.664,1.70,1.90
2009.02.06 14:01:20.404,0.66366,0.66396,1.70,1.40
2009.02.06 14:01:21.425,0.66367,0.66387,1.10,1.40
2009.02.06 14:01:22.004,0.66363,0.66379,0.87,1.40
2009.02.06 14:01:22.635,0.66355,0.6638,0.93,1.30
2009.02.06 14:01:23.264,0.66355,0.6638,1.50,1.10
2009.02.06 14:01:23.834,0.66355,0.6638,0.73,1.30
2009.02.06 14:01:24.733,0.66355,0.6638,1.60,1.50
2009.02.06 14:01:25.753,0.66356,0.66382,1.20,3.60
2009.02.06 14:01:26.743,0.66359,0.66385,1.50,1.20
2009.02.06 14:01:27.023,0.6636,0.66385,1.00,0.88
2009.02.06 14:01:27.823,0.66358,0.66384,2.50,1.20
2009.02.06 14:01:28.172,0.66359,0.66385,2.00,1.00
2009.02.06 14:01:28.562,0.66362,0.66382,0.69,0.86
2009.02.06 14:01:29.103,0.66362,0.66378,2.30,1.80
2009.02.06 14:01:29.672,0.66353,0.66379,1.60,1.80
2009.02.06 14:01:30.252,0.66344,0.6638,1.70,2.00
2009.02.06 14:01:31.022,0.66345,0.66375,2.40,1.80
2009.02.06 14:01:33.031,0.66345,0.66375,2.40,1.60
2009.02.06 14:01:34.011,0.66348,0.66374,1.80,1.30
2009.02.06 14:01:35.541,0.66357,0.66383,1.80,1.70
2009.02.06 14:01:36.031,0.66369,0.66389,1.20,1.10
2009.02.06 14:01:36.501,0.66375,0.66395,1.10,1.70
2009.02.06 14:01:36.670,0.66377,0.66397,1.70,1.90
2009.02.06 14:01:37.581,0.66374,0.664,1.40,1.50
2009.02.06 14:01:38.200,0.66373,0.66399,0.81,1.50
2009.02.06 14:01:38.530,0.6637,0.66396,1.20,0.67
2009.02.06 14:01:38.920,0.66369,0.66395,1.10,1.40
2009.02.06 14:01:40.100,0.66372,0.66392,1.30,1.40
2009.02.06 14:01:40.640,0.66367,0.66397,1.30,2.10
2009.02.06 14:01:41.049,0.66373,0.66393,1.20,1.10
2009.02.06 14:01:41.629,0.66371,0.66397,1.50,1.50
2009.02.06 14:01:42.029,0.66378,0.66398,1.80,1.10
2009.02.06 14:01:42.609,0.66377,0.66397,1.30,0.71
2009.02.06 14:01:42.899,0.66375,0.66395,0.81,0.89
2009.02.06 14:01:44.109,0.66369,0.66395,3.50,1.30
2009.02.06 14:01:45.049,0.66374,0.66394,1.40,2.60
2009.02.06 14:01:45.758,0.66373,0.66403,1.30,0.62
2009.02.06 14:01:48.348,0.66377,0.66397,1.00,1.80
2009.02.06 14:01:48.758,0.66368,0.66403,1.40,0.79
2009.02.06 14:01:49.208,0.66365,0.66399,1.00,1.50
2009.02.06 14:01:49.608,0.66366,0.66392,1.50,1.60
2009.02.06 14:01:50.297,0.66369,0.66389,1.60,1.10
2009.02.06 14:01:51.497,0.6637,0.6639,1.10,0.73
2009.02.06 14:01:53.416,0.6637,0.6639,1.60,0.72
2009.02.06 14:01:54.976,0.6637,0.6639,2.00,0.67
2009.02.06 14:01:55.486,0.66368,0.66388,1.10,0.96
2009.02.06 14:01:56.515,0.66372,0.66382,1.60,1.30
2009.02.06 14:01:56.986,0.66353,0.66403,1.00,1.40
2009.02.06 14:01:57.395,0.66357,0.66403,0.75,0.93
2009.02.06 14:01:57.785,0.66355,0.66409,1.10,1.10
2009.02.06 14:01:58.535,0.66361,0.66407,1.60,2.20
2009.02.06 14:01:58.935,0.66375,0.66399,1.90,1.10
2009.02.06 14:01:59.325,0.66381,0.66405,1.00,1.20
2009.02.06 14:02:00.235,0.66378,0.66418,0.72,0.66
2009.02.06 14:02:01.175,0.66383,0.66413,1.50,0.79
2009.02.06 14:02:02.015,0.66378,0.66413,1.10,1.90
2009.02.06 14:02:03.154,0.66374,0.66414,1.10,0.78
2009.02.06 14:02:03.744,0.6638,0.6641,1.70,0.76
2009.02.06 14:02:04.264,0.66388,0.66402,1.10,1.60
2009.02.06 14:02:04.784,0.6639,0.664,1.60,0.87
2009.02.06 14:02:05.244,0.66385,0.66405,1.50,1.80
2009.02.06 14:02:05.634,0.66389,0.66399,0.95,1.70
2009.02.06 14:02:06.013,0.66386,0.66402,2.00,1.60
2009.02.06 14:02:06.724,0.66383,0.66403,1.90,2.50
2009.02.06 14:02:07.233,0.66377,0.66407,1.30,1.80
2009.02.06 14:02:07.523,0.6638,0.6641,0.88,2.80
2009.02.06 14:02:08.603,0.66387,0.66413,1.90,0.93
2009.02.06 14:02:09.702,0.6638,0.66426,0.86,0.78
2009.02.06 14:02:10.322,0.66382,0.66428,1.20,1.50
2009.02.06 14:02:10.572,0.66396,0.66422,1.50,1.40
2009.02.06 14:02:11.202,0.66396,0.6643,3.70,1.50
2009.02.06 14:02:11.582,0.66403,0.66433,1.90,1.60
2009.02.06 14:02:12.932,0.66407,0.66437,0.95,1.30
2009.02.06 14:02:13.492,0.66421,0.66437,0.85,1.50
2009.02.06 14:02:14.172,0.66411,0.66445,1.30,1.80
2009.02.06 14:02:15.471,0.66408,0.66438,1.40,0.54
2009.02.06 14:02:16.351,0.66397,0.66443,1.60,1.60
2009.02.06 14:02:17.431,0.66397,0.66437,0.59,1.10
2009.02.06 14:02:18.311,0.66407,0.66427,0.82,0.82
2009.02.06 14:02:19.390,0.66409,0.66435,0.92,1.30
2009.02.06 14:02:20.170,0.66413,0.66437,0.83,1.80
2009.02.06 14:02:21.290,0.66414,0.66438,1.40,1.50
2009.02.06 14:02:22.209,0.6641,0.6645,1.10,2.10
2009.02.06 14:02:23.829,0.66412,0.66452,1.10,1.50
2009.02.06 14:02:24.879,0.66428,0.66442,1.60,1.00
2009.02.06 14:02:25.730,0.66428,0.66448,1.00,1.20
2009.02.06 14:02:26.578,0.66433,0.66453,1.30,0.67
2009.02.06 14:02:27.659,0.66422,0.66478,1.70,0.87
2009.02.06 14:02:28.578,0.66436,0.66472,1.40,1.50
2009.02.06 14:02:29.578,0.66435,0.66479,2.50,1.70
2009.02.06 14:02:30.497,0.66447,0.66473,1.70,3.30
2009.02.06 14:02:31.587,0.66452,0.66472,1.70,1.40
2009.02.06 14:02:32.437,0.66454,0.66474,1.20,1.50
2009.02.06 14:02:32.557,0.66455,0.66479,0.79,0.64
2009.02.06 14:02:33.407,0.66457,0.66482,1.10,1.00
2009.02.06 14:02:34.367,0.66457,0.66487,1.10,1.30
2009.02.06 14:02:35.446,0.66459,0.66489,1.00,0.78
2009.02.06 14:02:36.246,0.66459,0.66493,1.30,0.85
2009.02.06 14:02:37.046,0.66462,0.66496,1.10,2.90
2009.02.06 14:02:37.916,0.66469,0.66495,1.20,1.30
2009.02.06 14:02:38.296,0.66471,0.66501,0.88,1.30
2009.02.06 14:02:38.756,0.66472,0.66508,1.20,1.00
2009.02.06 14:02:39.625,0.66473,0.66519,1.60,1.10
2009.02.06 14:02:40.315,0.66491,0.66511,1.40,1.40
2009.02.06 14:02:41.115,0.6648,0.66524,1.00,1.20
2009.02.06 14:02:42.085,0.66487,0.66511,2.20,1.90
2009.02.06 14:02:42.974,0.66473,0.66519,2.90,1.10
2009.02.06 14:02:44.124,0.66488,0.66502,1.30,1.60
2009.02.06 14:02:45.094,0.66487,0.66503,1.40,0.77
2009.02.06 14:02:46.184,0.66478,0.66512,1.50,0.83
2009.02.06 14:02:46.304,0.66476,0.6652,0.68,0.85
2009.02.06 14:02:47.103,0.66479,0.66519,1.90,1.00
2009.02.06 14:02:47.613,0.66491,0.66511,1.40,0.57
2009.02.06 14:02:48.593,0.66496,0.6651,1.40,1.50
2009.02.06 14:02:49.463,0.66499,0.66513,0.58,2.40
2009.02.06 14:02:50.623,0.66496,0.66522,1.00,1.30
2009.02.06 14:02:51.082,0.66492,0.66532,1.10,0.86
2009.02.06 14:02:51.762,0.66491,0.66537,0.70,0.71
2009.02.06 14:02:53.042,0.66509,0.66525,0.91,0.54
2009.02.06 14:02:53.203,0.66506,0.66532,1.30,0.66
2009.02.06 14:02:53.662,0.66508,0.66534,1.60,0.71
2009.02.06 14:02:54.632,0.66505,0.66541,1.30,1.30
2009.02.06 14:02:55.501,0.6651,0.6654,2.30,0.64
2009.02.06 14:02:56.592,0.66507,0.66547,1.60,0.49
2009.02.06 14:02:57.351,0.66519,0.66539,1.30,1.00
2009.02.06 14:02:57.531,0.66503,0.66559,0.77,1.20
2009.02.06 14:02:58.511,0.66509,0.66559,1.80,1.30
2009.02.06 14:02:59.090,0.66518,0.66558,1.50,0.87
2009.02.06 14:02:59.791,0.66526,0.66562,0.65,1.30
2009.02.06 14:03:00.880,0.66528,0.66568,0.74,1.10
2009.02.06 14:03:01.770,0.66531,0.66565,1.80,1.10
2009.02.06 14:03:02.949,0.66531,0.66561,0.92,1.50
2009.02.06 14:03:03.390,0.66531,0.66551,1.10,2.20
2009.02.06 14:03:03.840,0.66523,0.66549,0.76,1.10
2009.02.06 14:03:04.349,0.66517,0.66547,1.50,1.20
2009.02.06 14:03:04.950,0.66517,0.66547,1.20,0.95
2009.02.06 14:03:05.349,0.66517,0.66547,1.00,1.00
2009.02.06 14:03:06.169,0.66513,0.66553,1.40,0.99
2009.02.06 14:03:06.898,0.66518,0.66548,2.10,1.50
2009.02.06 14:03:07.289,0.66524,0.6654,2.70,0.93
2009.02.06 14:03:08.039,0.66519,0.66543,1.30,1.50
2009.02.06 14:03:09.248,0.66518,0.66548,0.92,1.00
2009.02.06 14:03:10.008,0.66528,0.66548,0.85,0.75
2009.02.06 14:03:10.748,0.6653,0.66544,0.95,1.40
2009.02.06 14:03:11.988,0.66517,0.66547,2.40,0.86
2009.02.06 14:03:12.667,0.66518,0.66538,1.30,1.20
2009.02.06 14:03:13.237,0.66508,0.66534,1.00,1.30
2009.02.06 14:03:13.967,0.66503,0.66519,0.71,1.10
2009.02.06 14:03:15.087,0.66491,0.66517,1.10,2.50
2009.02.06 14:03:16.306,0.66488,0.66518,0.81,1.00
2009.02.06 14:03:17.536,0.665,0.6652,1.30,1.60
2009.02.06 14:03:18.326,0.66499,0.66533,0.67,1.30
2009.02.06 14:03:19.466,0.66504,0.66544,1.10,0.66
2009.02.06 14:03:20.285,0.66518,0.66548,1.30,2.50
2009.02.06 14:03:20.455,0.66528,0.66554,1.60,1.70
2009.02.06 14:03:20.905,0.66542,0.66556,1.50,1.50
2009.02.06 14:03:22.105,0.66543,0.66569,1.30,1.50
2009.02.06 14:03:23.184,0.66553,0.66567,0.82,1.20
2009.02.06 14:03:24.435,0.66559,0.66579,0.76,0.93
2009.02.06 14:03:25.404,0.66577,0.66587,1.70,1.10
2009.02.06 14:03:26.434,0.66585,0.66599,2.30,0.59
2009.02.06 14:03:27.404,0.66585,0.66611,1.30,1.20
2009.02.06 14:03:28.383,0.66584,0.66618,1.10,1.30
2009.02.06 14:03:28.893,0.66599,0.66609,1.40,1.10
2009.02.06 14:03:29.864,0.66596,0.66616,1.10,1.70
2009.02.06 14:03:30.363,0.66603,0.66613,1.10,1.40
2009.02.06 14:03:30.833,0.66604,0.66618,2.00,1.70
2009.02.06 14:03:31.223,0.66608,0.66628,1.70,0.72
2009.02.06 14:03:31.813,0.66615,0.66635,0.86,1.20
2009.02.06 14:03:32.543,0.66613,0.66639,2.00,1.30
2009.02.06 14:03:32.662,0.66609,0.66645,1.00,2.10
2009.02.06 14:03:33.412,0.66624,0.66634,1.40,0.99
2009.02.06 14:03:34.622,0.66621,0.66645,1.80,0.76
2009.02.06 14:03:35.132,0.66626,0.66646,1.20,1.20
2009.02.06 14:03:36.051,0.66619,0.66645,1.10,0.94
2009.02.06 14:03:36.541,0.66624,0.66638,1.30,1.70
2009.02.06 14:03:37.001,0.66614,0.6665,1.00,1.30
2009.02.06 14:03:37.961,0.66621,0.66647,1.70,0.94
2009.02.06 14:03:38.571,0.66628,0.66644,1.30,1.70
2009.02.06 14:03:39.301,0.66625,0.66645,1.20,1.80
2009.02.06 14:03:40.411,0.66626,0.66636,1.20,1.10
2009.02.06 14:03:41.380,0.66625,0.66641,1.10,1.70
2009.02.06 14:03:41.950,0.66621,0.66647,2.10,2.30
2009.02.06 14:03:42.950,0.6662,0.66656,1.20,0.74
2009.02.06 14:03:44.020,0.66625,0.66651,0.73,1.20
2009.02.06 14:03:44.999,0.66633,0.66649,1.30,4.20
2009.02.06 14:03:48.589,0.66635,0.66659,1.90,2.30
2009.02.06 14:03:49.329,0.66642,0.66672,1.30,1.60
2009.02.06 14:03:49.978,0.66641,0.66687,0.83,1.80
2009.02.06 14:03:50.808,0.66645,0.66691,0.84,1.00
2009.02.06 14:03:51.678,0.6665,0.66686,2.00,1.40
2009.02.06 14:03:52.778,0.6665,0.66686,1.70,1.20
2009.02.06 14:03:53.338,0.6665,0.66684,1.30,2.00
2009.02.06 14:03:53.698,0.6665,0.66676,1.30,1.70
2009.02.06 14:03:54.287,0.6665,0.66674,1.30,0.96
2009.02.06 14:03:55.147,0.66648,0.66674,1.50,1.50
2009.02.06 14:03:55.697,0.66651,0.66671,1.00,1.80
2009.02.06 14:03:56.387,0.6665,0.66674,0.92,0.81
2009.02.06 14:03:56.627,0.66647,0.66673,1.20,0.82
2009.02.06 14:03:57.936,0.66647,0.66667,0.94,1.70
2009.02.06 14:03:59.087,0.66637,0.66667,2.20,2.10
2009.02.06 14:03:59.596,0.66627,0.66663,1.10,2.80
2009.02.06 14:03:59.926,0.66631,0.66651,1.60,0.77
2009.02.06 14:04:00.506,0.66623,0.66653,2.10,1.10
2009.02.06 14:04:01.016,0.6662,0.66654,0.96,1.10
2009.02.06 14:04:01.476,0.6662,0.66654,1.00,1.70
2009.02.06 14:04:01.876,0.66618,0.66653,1.40,0.47
2009.02.06 14:04:02.455,0.66614,0.66654,1.80,1.70
2009.02.06 14:04:03.025,0.6661,0.6665,0.87,0.71
2009.02.06 14:04:03.435,0.66614,0.66644,1.70,0.90
2009.02.06 14:04:04.755,0.6662,0.6664,2.80,0.70
2009.02.06 14:04:05.445,0.66611,0.66655,0.78,1.40
2009.02.06 14:04:06.224,0.66612,0.66658,2.00,1.70
2009.02.06 14:04:06.794,0.66625,0.66649,2.70,1.20
2009.02.06 14:04:07.294,0.66628,0.66652,0.79,2.10
2009.02.06 14:04:08.004,0.66632,0.66652,2.20,1.10
2009.02.06 14:04:08.174,0.66632,0.66658,0.96,0.75
2009.02.06 14:04:08.554,0.66635,0.66659,2.50,0.91
2009.02.06 14:04:09.254,0.66636,0.66662,0.84,1.50
2009.02.06 14:04:09.714,0.66636,0.66668,0.80,0.86
2009.02.06 14:04:10.123,0.66638,0.66678,1.50,2.20
2009.02.06 14:04:10.573,0.66651,0.66677,1.60,0.83
2009.02.06 14:04:11.083,0.66647,0.66687,1.60,1.50
2009.02.06 14:04:11.604,0.66657,0.66687,1.40,2.60
2009.02.06 14:04:12.023,0.66653,0.66689,0.85,2.10
2009.02.06 14:04:12.423,0.66655,0.66675,2.00,2.10
2009.02.06 14:04:12.833,0.66646,0.66676,0.69,1.50
2009.02.06 14:04:13.532,0.66649,0.66669,1.00,2.30
2009.02.06 14:04:13.923,0.6665,0.6667,0.86,1.80
2009.02.06 14:04:14.312,0.66645,0.66675,1.60,0.86
2009.02.06 14:04:14.822,0.66645,0.66671,0.93,1.10
2009.02.06 14:04:16.252,0.66648,0.66662,1.60,1.30
2009.02.06 14:04:16.762,0.66633,0.66679,0.88,1.20
2009.02.06 14:04:17.701,0.66631,0.66687,0.72,1.00
2009.02.06 14:04:18.212,0.66647,0.66673,1.30,1.20
2009.02.06 14:04:18.702,0.66647,0.66679,2.00,2.40
2009.02.06 14:04:19.111,0.6665,0.6668,1.00,0.77
2009.02.06 14:04:19.891,0.66652,0.66686,0.72,1.90
2009.02.06 14:04:20.391,0.66667,0.66677,1.90,1.20
2009.02.06 14:04:26.909,0.66662,0.66688,0.61,0.94
2009.02.06 14:04:27.729,0.66648,0.66698,1.00,1.40
2009.02.06 14:04:29.609,0.66663,0.66683,1.40,0.96
2009.02.06 14:04:30.168,0.66662,0.66692,1.10,1.50
2009.02.06 14:04:32.198,0.6667,0.6669,0.96,0.80
2009.02.06 14:04:33.058,0.66667,0.66697,1.20,1.80
2009.02.06 14:04:34.188,0.6667,0.66696,0.74,1.00
2009.02.06 14:04:34.807,0.66671,0.66697,0.51,2.50
2009.02.06 14:04:35.198,0.66666,0.66702,1.50,1.50
2009.02.06 14:04:35.537,0.6667,0.66696,1.00,1.90
2009.02.06 14:04:36.518,0.66665,0.66695,1.30,1.20
2009.02.06 14:04:37.457,0.6666,0.66696,1.40,2.30
2009.02.06 14:04:38.257,0.66663,0.66693,0.76,1.60
2009.02.06 14:04:39.026,0.66661,0.66697,0.98,1.10
2009.02.06 14:04:39.486,0.66674,0.6669,1.90,0.96
2009.02.06 14:04:39.946,0.66676,0.66692,1.20,1.40
2009.02.06 14:04:40.936,0.66679,0.66695,0.71,1.50
2009.02.06 14:04:41.436,0.66679,0.66699,1.10,1.90
2009.02.06 14:04:43.815,0.66679,0.66699,1.30,1.10
2009.02.06 14:04:45.205,0.66678,0.66698,1.60,0.76
2009.02.06 14:04:45.785,0.66659,0.66713,1.00,0.74
2009.02.06 14:04:46.245,0.66659,0.66709,1.80,1.00
2009.02.06 14:04:46.815,0.6667,0.66696,2.60,1.20
2009.02.06 14:04:47.594,0.66662,0.66696,1.70,1.80
2009.02.06 14:04:47.814,0.66667,0.66687,2.30,1.00
2009.02.06 14:04:48.214,0.66663,0.66687,0.86,0.99
2009.02.06 14:04:48.544,0.66656,0.6669,1.70,1.40
2009.02.06 14:04:49.634,0.66654,0.66688,0.78,1.20
2009.02.06 14:04:50.114,0.66652,0.66686,0.74,0.90
2009.02.06 14:04:50.573,0.66655,0.66679,0.94,1.20
2009.02.06 14:04:51.133,0.6665,0.6668,1.00,1.50
2009.02.06 14:04:52.553,0.66647,0.66677,1.70,1.60
2009.02.06 14:04:52.823,0.66643,0.66673,1.40,1.20
2009.02.06 14:04:53.583,0.66636,0.6667,1.10,1.70
2009.02.06 14:04:53.973,0.66639,0.66663,0.82,2.00
2009.02.06 14:04:54.383,0.66643,0.66663,1.60,0.99
2009.02.06 14:04:54.862,0.66643,0.66667,1.10,0.77
2009.02.06 14:04:55.362,0.66638,0.66668,1.50,2.50
2009.02.06 14:04:56.267,0.66642,0.66662,1.40,1.40
2009.02.06 14:04:57.202,0.6664,0.66664,1.50,1.60
2009.02.06 14:04:58.102,0.66639,0.66664,0.61,1.40
2009.02.06 14:05:01.071,0.66633,0.66663,1.20,1.80
2009.02.06 14:05:02.031,0.66631,0.66657,1.60,1.30
2009.02.06 14:05:02.681,0.6663,0.66656,1.10,1.40
2009.02.06 14:05:03.071,0.6663,0.66654,1.20,1.80
2009.02.06 14:05:03.481,0.66625,0.66649,1.00,1.80
2009.02.06 14:05:04.530,0.66621,0.66645,0.77,0.86
2009.02.06 14:05:05.090,0.66623,0.66643,1.00,1.40
2009.02.06 14:05:05.820,0.66631,0.66641,1.70,2.40
2009.02.06 14:05:06.060,0.66634,0.66648,0.53,1.30
2009.02.06 14:05:06.930,0.66635,0.66655,1.50,1.30
2009.02.06 14:05:07.499,0.66644,0.66654,1.90,1.10
2009.02.06 14:05:07.889,0.66648,0.66658,2.40,1.00
2009.02.06 14:05:08.399,0.66644,0.66668,0.78,1.50
2009.02.06 14:05:09.029,0.6664,0.6667,0.89,1.40
2009.02.06 14:05:10.419,0.66635,0.66669,1.10,1.70
2009.02.06 14:05:11.349,0.66634,0.66664,1.70,0.78
2009.02.06 14:05:12.328,0.66637,0.66657,2.60,1.30
2009.02.06 14:05:13.308,0.66636,0.66656,1.50,1.20
2009.02.06 14:05:14.069,0.66635,0.66661,1.50,0.52
2009.02.06 14:05:14.918,0.66638,0.66658,2.10,1.10
2009.02.06 14:05:15.318,0.66634,0.66658,0.95,0.94
2009.02.06 14:05:18.167,0.6663,0.6666,1.20,1.10
2009.02.06 14:05:19.117,0.66628,0.66654,2.30,1.20
2009.02.06 14:05:20.007,0.66628,0.66644,1.00,1.50
2009.02.06 14:05:21.556,0.66623,0.66637,0.86,0.63
2009.02.06 14:05:22.276,0.66616,0.66636,1.70,1.10
2009.02.06 14:05:23.106,0.66618,0.66634,2.10,1.40
2009.02.06 14:05:24.036,0.66624,0.66634,0.94,0.74
2009.02.06 14:05:24.616,0.66625,0.66641,2.10,1.80
2009.02.06 14:05:25.605,0.66622,0.66642,1.20,1.50
2009.02.06 14:05:26.335,0.66624,0.66638,0.82,1.40
2009.02.06 14:05:27.075,0.66619,0.66639,2.80,1.90
2009.02.06 14:05:27.645,0.66622,0.66632,0.89,2.20
2009.02.06 14:05:28.385,0.66615,0.66635,1.70,0.84
2009.02.06 14:05:29.004,0.66614,0.66634,1.60,1.80
2009.02.06 14:05:29.604,0.6662,0.66636,1.60,1.10
2009.02.06 14:05:30.324,0.66609,0.66659,1.20,1.40
2009.02.06 14:05:31.494,0.66614,0.66654,1.50,0.63
2009.02.06 14:05:32.304,0.66614,0.66654,1.20,1.80
2009.02.06 14:05:32.763,0.66628,0.66644,2.30,1.90
2009.02.06 14:05:33.673,0.66614,0.66668,1.30,1.40
2009.02.06 14:05:34.413,0.66625,0.66655,2.50,1.40
2009.02.06 14:05:35.573,0.66622,0.66652,1.80,1.00
2009.02.06 14:05:36.012,0.66616,0.66656,1.20,1.70
2009.02.06 14:05:36.522,0.66616,0.66656,1.00,1.80
2009.02.06 14:05:36.962,0.66621,0.66651,0.91,1.40
2009.02.06 14:05:37.482,0.66629,0.66639,2.00,1.60
2009.02.06 14:05:38.102,0.66628,0.66642,0.97,1.50
2009.02.06 14:05:38.832,0.66622,0.66652,2.10,1.50
2009.02.06 14:05:39.982,0.66622,0.66648,0.94,1.30
2009.02.06 14:05:40.832,0.66614,0.6665,2.20,2.00
2009.02.06 14:05:41.772,0.66611,0.66651,1.70,1.90
2009.02.06 14:05:42.831,0.66621,0.66645,1.80,1.50
2009.02.06 14:05:43.291,0.66623,0.66639,2.40,0.66
2009.02.06 14:05:43.811,0.66615,0.66635,1.80,2.60
2009.02.06 14:05:44.800,0.66608,0.66628,1.70,1.90
2009.02.06 14:05:45.440,0.66605,0.66625,1.30,1.10
2009.02.06 14:05:46.960,0.66595,0.66635,0.96,1.00
2009.02.06 14:05:47.360,0.666,0.66634,1.20,1.50
2009.02.06 14:05:47.650,0.66599,0.66639,0.63,1.20
2009.02.06 14:05:48.350,0.66613,0.66633,0.98,0.90
2009.02.06 14:05:48.860,0.6661,0.66636,0.89,1.30
2009.02.06 14:05:49.380,0.66613,0.66633,1.60,1.60
2009.02.06 14:05:50.309,0.66618,0.66632,0.64,0.99
2009.02.06 14:05:51.109,0.66615,0.66641,1.90,1.20
2009.02.06 14:05:51.749,0.66623,0.66633,0.91,1.10
2009.02.06 14:05:52.998,0.66624,0.66634,1.20,1.80
2009.02.06 14:05:53.739,0.66601,0.66655,1.20,1.60
2009.02.06 14:05:54.938,0.6661,0.6665,1.60,1.50
2009.02.06 14:05:55.688,0.66623,0.66643,0.86,1.70
2009.02.06 14:05:56.848,0.6663,0.66644,1.10,1.40
2009.02.06 14:05:57.647,0.66617,0.66653,1.40,1.20
2009.02.06 14:05:58.147,0.66616,0.66656,2.10,1.30
2009.02.06 14:05:59.167,0.6662,0.66654,1.20,1.20
2009.02.06 14:06:00.027,0.6662,0.66655,1.10,1.90
2009.02.06 14:06:01.177,0.6662,0.66654,1.60,0.94
2009.02.06 14:06:01.566,0.66617,0.66653,0.79,0.96
2009.02.06 14:06:02.027,0.66621,0.66651,1.20,0.65
2009.02.06 14:06:02.586,0.6662,0.66654,0.99,1.70
2009.02.06 14:06:03.506,0.6662,0.66655,0.79,0.63
2009.02.06 14:06:03.946,0.6662,0.66654,0.92,1.30
2009.02.06 14:06:04.476,0.66617,0.66653,1.10,1.20
2009.02.06 14:06:05.696,0.66622,0.66646,1.10,1.70
2009.02.06 14:06:07.265,0.66619,0.66645,1.40,1.40
2009.02.06 14:06:09.155,0.66613,0.66639,1.50,1.10
2009.02.06 14:06:09.744,0.66602,0.66638,1.30,1.90
2009.02.06 14:06:10.414,0.66595,0.66635,0.80,0.88
2009.02.06 14:06:11.114,0.66597,0.66627,1.30,1.70
2009.02.06 14:06:11.574,0.66596,0.66626,1.60,1.60
2009.02.06 14:06:12.484,0.66594,0.66624,0.65,1.90
2009.02.06 14:06:13.484,0.66596,0.66616,0.63,0.71
2009.02.06 14:06:14.004,0.66594,0.66614,1.20,2.10
2009.02.06 14:06:14.913,0.66593,0.66609,0.85,0.75
2009.02.06 14:06:15.833,0.66585,0.66605,2.80,1.90
2009.02.06 14:06:16.733,0.66581,0.66597,1.50,1.20
2009.02.06 14:06:17.772,0.66579,0.66599,0.96,1.20
2009.02.06 14:06:18.622,0.66586,0.66596,0.90,1.00
2009.02.06 14:06:19.752,0.66588,0.66602,1.10,0.73
2009.02.06 14:06:20.572,0.66587,0.66607,1.50,1.20
2009.02.06 14:06:21.732,0.66585,0.6661,1.20,1.30
2009.02.06 14:06:22.552,0.66586,0.66606,1.50,1.30
2009.02.06 14:06:23.351,0.66585,0.66605,0.60,2.70
2009.02.06 14:06:23.581,0.66586,0.66602,1.90,1.20
2009.02.06 14:06:24.551,0.66585,0.66605,1.40,1.50
2009.02.06 14:06:25.261,0.66583,0.66603,1.50,1.80
2009.02.06 14:06:26.461,0.66581,0.66601,1.50,1.60
2009.02.06 14:06:27.230,0.66579,0.66599,1.10,2.10
2009.02.06 14:06:27.910,0.66582,0.66598,1.70,1.20
2009.02.06 14:06:28.320,0.66579,0.66609,1.40,1.30
2009.02.06 14:06:28.730,0.66585,0.6661,0.50,1.60
2009.02.06 14:06:29.580,0.66583,0.66609,1.00,2.20
2009.02.06 14:06:31.189,0.66571,0.66611,1.30,1.20
2009.02.06 14:06:31.539,0.6657,0.66605,1.00,1.80
2009.02.06 14:06:32.320,0.66569,0.66609,1.30,0.86
2009.02.06 14:06:33.199,0.66572,0.66612,1.20,0.98
2009.02.06 14:06:35.078,0.66584,0.6661,1.50,0.93
2009.02.06 14:06:35.828,0.66587,0.66607,0.95,1.20
2009.02.06 14:06:36.600,0.66582,0.66612,0.89,0.72
2009.02.06 14:06:37.588,0.66584,0.66614,1.60,2.10
2009.02.06 14:06:38.677,0.66587,0.66623,1.00,1.50
2009.02.06 14:06:38.908,0.66589,0.66629,1.30,0.91
2009.02.06 14:06:39.187,0.66589,0.66629,1.50,0.84
2009.02.06 14:06:39.357,0.66589,0.66629,1.00,0.96
2009.02.06 14:06:39.997,0.66592,0.66626,1.70,1.40
2009.02.06 14:06:40.237,0.6659,0.66626,2.20,1.20
2009.02.06 14:06:40.827,0.66593,0.66627,1.40,2.60
2009.02.06 14:06:41.287,0.66591,0.66631,1.20,2.80
2009.02.06 14:06:41.637,0.66595,0.66625,1.60,1.20
2009.02.06 14:06:42.727,0.66592,0.66626,0.91,1.30
2009.02.06 14:06:43.566,0.66592,0.66622,1.50,1.00
2009.02.06 14:06:44.566,0.66588,0.66622,1.50,1.40
2009.02.06 14:06:45.526,0.66592,0.66616,1.50,1.50
2009.02.06 14:06:46.556,0.66594,0.66614,1.40,1.70
2009.02.06 14:06:47.175,0.66602,0.66612,1.40,1.30
2009.02.06 14:06:47.575,0.66582,0.66632,0.86,0.65
2009.02.06 14:06:47.935,0.66583,0.66627,1.20,1.60
2009.02.06 14:06:48.115,0.66576,0.6662,1.90,1.00
2009.02.06 14:06:49.935,0.66573,0.66609,1.60,1.90
2009.02.06 14:06:50.984,0.66568,0.66598,1.40,1.10
2009.02.06 14:06:51.825,0.6657,0.6659,1.70,1.60
2009.02.06 14:06:52.414,0.66564,0.6659,0.86,0.88
2009.02.06 14:06:52.844,0.66566,0.66586,1.80,1.10
2009.02.06 14:06:53.864,0.66564,0.66584,1.50,1.60
2009.02.06 14:06:54.563,0.66564,0.6658,2.10,1.20
2009.02.06 14:06:55.753,0.66568,0.66578,1.50,1.20
2009.02.06 14:06:56.133,0.66564,0.66584,0.49,1.90
2009.02.06 14:06:56.583,0.66566,0.66586,0.67,1.70
2009.02.06 14:06:57.333,0.66573,0.66583,1.20,1.50
2009.02.06 14:06:58.093,0.66565,0.66591,2.00,0.60
2009.02.06 14:06:58.543,0.66565,0.66595,1.20,2.50
2009.02.06 14:06:59.212,0.66565,0.66595,0.99,0.76
2009.02.06 14:07:02.032,0.66565,0.66595,1.10,1.30
2009.02.06 14:07:02.262,0.66565,0.66595,1.10,1.30
2009.02.06 14:07:02.612,0.66565,0.66595,1.50,0.61
2009.02.06 14:07:02.842,0.66565,0.66595,1.40,1.90
2009.02.06 14:07:03.741,0.66565,0.66595,0.94,1.10
2009.02.06 14:07:05.221,0.66565,0.66595,1.40,0.99
2009.02.06 14:07:05.961,0.66565,0.66595,1.20,1.50
2009.02.06 14:07:06.761,0.66567,0.66597,1.50,0.92
2009.02.06 14:07:07.351,0.66565,0.666,1.20,2.00
2009.02.06 14:07:08.660,0.66565,0.666,1.40,1.80
2009.02.06 14:07:09.700,0.66566,0.66596,0.99,0.80
2009.02.06 14:07:10.260,0.66565,0.66595,1.60,1.70
2009.02.06 14:07:10.620,0.66564,0.66594,2.00,1.80
2009.02.06 14:07:11.150,0.66566,0.66586,0.61,1.80
2009.02.06 14:07:12.119,0.66564,0.66584,1.50,1.80
2009.02.06 14:07:12.939,0.66565,0.6658,1.70,1.60
2009.02.06 14:07:14.559,0.66563,0.66583,1.80,2.00
2009.02.06 14:07:14.969,0.66565,0.66585,2.40,1.60
2009.02.06 14:07:15.479,0.66565,0.66585,1.00,1.70
2009.02.06 14:07:16.498,0.66563,0.66583,1.00,1.00
2009.02.06 14:07:16.828,0.66563,0.66583,2.10,1.20
2009.02.06 14:07:17.440,0.66562,0.66586,1.20,1.20
2009.02.06 14:07:18.438,0.66565,0.66585,1.20,1.40
2009.02.06 14:07:19.398,0.66563,0.66583,1.40,1.40
2009.02.06 14:07:19.677,0.66561,0.66581,0.72,1.50
2009.02.06 14:07:21.607,0.6656,0.6658,1.50,0.98
2009.02.06 14:07:22.417,0.66553,0.66587,1.20,1.70
2009.02.06 14:07:23.276,0.66551,0.66585,2.80,1.20
2009.02.06 14:07:23.717,0.66542,0.66588,0.53,2.20
2009.02.06 14:07:24.747,0.66542,0.66588,1.00,1.60
2009.02.06 14:07:25.606,0.6655,0.66585,1.40,1.20
2009.02.06 14:07:26.656,0.6655,0.66585,2.20,1.30
2009.02.06 14:07:27.285,0.66542,0.66582,1.10,1.20
2009.02.06 14:07:28.525,0.66543,0.66573,2.60,0.74
2009.02.06 14:07:29.015,0.66549,0.66559,2.10,0.50
2009.02.06 14:07:29.755,0.66542,0.66562,0.92,1.50
2009.02.06 14:07:30.445,0.6654,0.6656,2.40,0.89
2009.02.06 14:07:30.735,0.66539,0.66559,0.93,1.10
2009.02.06 14:07:31.554,0.66534,0.6656,0.61,1.40
2009.02.06 14:07:32.404,0.66535,0.66551,1.40,1.10
2009.02.06 14:07:33.204,0.66536,0.6655,2.40,0.95
2009.02.06 14:07:33.894,0.66534,0.66548,1.00,1.30
2009.02.06 14:07:34.974,0.66524,0.6655,2.80,1.90
2009.02.06 14:07:35.544,0.66513,0.66557,1.20,0.89
2009.02.06 14:07:36.233,0.66505,0.66561,1.20,1.30
2009.02.06 14:07:37.383,0.66517,0.66542,1.80,0.99
2009.02.06 14:07:37.893,0.66518,0.66538,1.10,0.82
2009.02.06 14:07:38.243,0.66513,0.66537,0.65,2.40
2009.02.06 14:07:38.763,0.6651,0.66536,1.80,1.30
2009.02.06 14:07:39.383,0.66506,0.66536,1.00,0.96
2009.02.06 14:07:40.072,0.66499,0.66539,1.80,1.20
2009.02.06 14:07:40.762,0.66509,0.66525,1.20,1.50
2009.02.06 14:07:41.162,0.66496,0.6653,1.80,1.90
2009.02.06 14:07:41.612,0.66501,0.66521,1.60,1.30
2009.02.06 14:07:44.402,0.66496,0.66522,2.20,1.10
2009.02.06 14:07:45.311,0.66491,0.66521,1.10,1.20
2009.02.06 14:07:45.771,0.6649,0.66516,1.30,0.97
2009.02.06 14:07:46.561,0.66491,0.66511,1.90,0.79
2009.02.06 14:07:47.641,0.66488,0.66504,1.30,1.30
2009.02.06 14:07:48.151,0.66477,0.66497,1.50,1.60
2009.02.06 14:07:48.500,0.66463,0.66499,0.95,2.40
2009.02.06 14:07:49.131,0.66463,0.66499,1.50,0.82
2009.02.06 14:07:49.590,0.66471,0.66501,2.20,0.93
2009.02.06 14:07:50.040,0.66484,0.66504,1.70,1.30
2009.02.06 14:07:50.510,0.66493,0.66517,0.91,2.40
2009.02.06 14:07:51.540,0.665,0.66534,1.50,1.00
2009.02.06 14:07:52.320,0.66506,0.6654,0.76,1.10
2009.02.06 14:07:53.129,0.66511,0.66541,0.51,2.40
2009.02.06 14:07:53.369,0.66508,0.66538,1.30,2.00
2009.02.06 14:07:54.179,0.66508,0.66532,1.20,1.90
2009.02.06 14:07:54.349,0.66501,0.66531,1.30,1.40
2009.02.06 14:07:55.899,0.66509,0.66519,2.20,1.30
2009.02.06 14:07:56.728,0.66497,0.66527,0.75,1.80
2009.02.06 14:07:57.179,0.66497,0.66527,1.10,0.66
2009.02.06 14:07:57.888,0.66496,0.66536,0.78,1.10
2009.02.06 14:07:58.218,0.66504,0.66538,0.89,0.97
2009.02.06 14:07:58.398,0.66512,0.66532,3.40,3.60
2009.02.06 14:07:58.758,0.66506,0.6653,1.20,0.87
2009.02.06 14:07:59.558,0.66499,0.66533,0.51,0.80
2009.02.06 14:08:00.378,0.66502,0.66532,1.90,1.10
2009.02.06 14:08:01.177,0.66506,0.66526,0.89,0.70
2009.02.06 14:08:02.367,0.66501,0.66526,2.70,1.60
2009.02.06 14:08:02.837,0.66501,0.66526,1.40,1.10
2009.02.06 14:08:03.287,0.66509,0.66525,1.60,1.30
2009.02.06 14:08:05.096,0.6651,0.6653,1.90,1.60
2009.02.06 14:08:05.656,0.66512,0.66532,1.10,0.92
2009.02.06 14:08:08.136,0.66512,0.66542,0.72,1.40
2009.02.06 14:08:08.576,0.66514,0.6655,1.10,1.50
2009.02.06 14:08:09.306,0.66511,0.66551,0.94,1.80
2009.02.06 14:08:10.035,0.66509,0.66549,0.98,0.60
2009.02.06 14:08:11.295,0.66512,0.66542,0.39,1.70
2009.02.06 14:08:12.505,0.66507,0.66543,0.97,1.20
2009.02.06 14:08:13.014,0.66505,0.66545,1.20,2.00
2009.02.06 14:08:13.295,0.66509,0.66545,1.40,0.74
2009.02.06 14:08:14.464,0.6651,0.66544,1.60,2.10
2009.02.06 14:08:15.304,0.66508,0.66544,1.10,0.60
2009.02.06 14:08:15.724,0.66511,0.66535,1.90,1.20
2009.02.06 14:08:16.294,0.66517,0.66531,1.20,1.40
2009.02.06 14:08:17.193,0.66515,0.66535,1.30,0.96
2009.02.06 14:08:18.044,0.66513,0.66543,1.20,1.30
2009.02.06 14:08:19.623,0.66521,0.66545,1.10,1.00
2009.02.06 14:08:20.073,0.66523,0.66549,1.30,1.50
2009.02.06 14:08:20.653,0.66519,0.66553,0.92,1.50
2009.02.06 14:08:21.282,0.66523,0.66547,1.60,0.83
2009.02.06 14:08:21.783,0.6652,0.66554,1.10,0.83
2009.02.06 14:08:22.293,0.6652,0.66556,0.92,0.94
2009.02.06 14:08:22.812,0.66527,0.66551,1.20,1.50
2009.02.06 14:08:23.622,0.66531,0.66545,2.30,1.10
2009.02.06 14:08:24.502,0.66529,0.66545,1.40,1.30
2009.02.06 14:08:25.651,0.6653,0.66545,1.60,1.50
2009.02.06 14:08:26.171,0.6652,0.66555,1.30,1.30
2009.02.06 14:08:26.231,0.66519,0.66555,1.10,1.20
2009.02.06 14:08:27.241,0.66519,0.66553,0.80,0.73
2009.02.06 14:08:28.401,0.66521,0.66551,1.50,0.67
2009.02.06 14:08:29.031,0.66519,0.66555,1.50,0.63
2009.02.06 14:08:29.731,0.66519,0.66553,1.60,1.30
2009.02.06 14:08:30.200,0.66521,0.66551,0.45,0.87
2009.02.06 14:08:31.141,0.66519,0.66555,0.67,0.98
2009.02.06 14:08:31.380,0.66519,0.66555,0.96,1.60
2009.02.06 14:08:32.000,0.66519,0.66553,1.10,1.10
2009.02.06 14:08:33.360,0.66522,0.66552,1.20,1.40
2009.02.06 14:08:34.300,0.66521,0.66557,1.40,1.10
2009.02.06 14:08:35.119,0.66521,0.66561,2.20,0.55
2009.02.06 14:08:36.279,0.66524,0.66558,1.40,2.20
2009.02.06 14:08:36.629,0.66541,0.66551,1.70,1.30
2009.02.06 14:08:38.248,0.66544,0.66564,0.63,1.20
2009.02.06 14:08:38.809,0.66548,0.66574,1.90,1.20
2009.02.06 14:08:39.728,0.6656,0.66574,0.70,0.83
2009.02.06 14:08:40.358,0.66565,0.66585,1.80,1.70
2009.02.06 14:08:40.688,0.66568,0.66588,1.10,0.46
2009.02.06 14:08:42.028,0.6657,0.6659,1.70,1.10
2009.02.06 14:08:44.467,0.66572,0.66592,0.92,1.10
2009.02.06 14:08:45.197,0.6657,0.66595,2.30,0.91
2009.02.06 14:08:45.927,0.66571,0.66591,1.60,0.69
2009.02.06 14:08:47.206,0.6657,0.6659,1.50,1.10
2009.02.06 14:08:51.316,0.66567,0.66583,1.50,0.66
2009.02.06 14:08:52.625,0.66559,0.66579,1.30,0.87
2009.02.06 14:08:53.257,0.66553,0.66583,0.93,0.91
2009.02.06 14:08:54.405,0.66561,0.66577,2.10,0.93
2009.02.06 14:08:54.925,0.66554,0.6658,1.60,2.00
2009.02.06 14:08:55.634,0.6655,0.66574,0.99,1.10
2009.02.06 14:08:56.714,0.66549,0.66563,1.60,0.48
2009.02.06 14:08:57.524,0.66546,0.66562,0.65,0.47
2009.02.06 14:08:58.143,0.66541,0.66567,1.00,1.90
2009.02.06 14:08:58.663,0.6654,0.66574,1.30,1.50
2009.02.06 14:08:59.104,0.66549,0.66569,0.56,1.30
2009.02.06 14:09:00.353,0.66549,0.66569,2.30,1.40
2009.02.06 14:09:01.523,0.6655,0.6657,1.50,2.60
2009.02.06 14:09:04.672,0.6655,0.6657,1.80,1.40
2009.02.06 14:09:05.502,0.66549,0.66569,0.68,0.88
2009.02.06 14:09:06.392,0.66532,0.66582,0.51,1.00
2009.02.06 14:09:07.471,0.66539,0.66569,1.20,1.70
2009.02.06 14:09:07.991,0.66532,0.66566,1.40,0.79
2009.02.06 14:09:08.861,0.66531,0.66565,1.20,2.20
2009.02.06 14:09:09.841,0.66527,0.66563,1.20,0.97
2009.02.06 14:09:10.351,0.66532,0.66552,1.00,0.92
2009.02.06 14:09:10.911,0.66531,0.66551,0.79,1.80
2009.02.06 14:09:11.470,0.6653,0.6655,1.50,1.80
2009.02.06 14:09:12.190,0.66532,0.66552,0.95,1.30
2009.02.06 14:09:13.270,0.66532,0.66552,2.00,0.52
2009.02.06 14:09:14.130,0.66534,0.6655,1.00,1.30
2009.02.06 14:09:15.929,0.66535,0.66549,0.89,1.20
2009.02.06 14:09:16.449,0.66532,0.66552,1.50,0.65
2009.02.06 14:09:19.978,0.66536,0.6655,0.99,1.00
2009.02.06 14:09:21.068,0.66534,0.66554,1.90,1.50
2009.02.06 14:09:21.978,0.6653,0.66554,1.20,0.53
2009.02.06 14:09:22.758,0.66529,0.66539,1.10,1.00
2009.02.06 14:09:23.737,0.66513,0.66533,2.10,1.40
2009.02.06 14:09:24.197,0.66506,0.66526,1.60,0.84
2009.02.06 14:09:25.157,0.66504,0.66524,2.00,1.10
2009.02.06 14:09:26.048,0.66504,0.6652,1.40,0.81
2009.02.06 14:09:27.177,0.66498,0.66514,1.00,0.77
2009.02.06 14:09:27.746,0.6649,0.66506,0.78,1.60
2009.02.06 14:09:28.486,0.66486,0.665,1.60,1.80
2009.02.06 14:09:29.427,0.6648,0.66496,1.80,0.65
2009.02.06 14:09:30.806,0.66474,0.66494,1.80,0.90
2009.02.06 14:09:32.046,0.66475,0.66489,1.10,1.20
2009.02.06 14:09:32.735,0.66472,0.66492,0.74,1.30
2009.02.06 14:09:33.305,0.66471,0.66491,1.10,1.50
2009.02.06 14:09:35.115,0.6647,0.6649,1.60,0.80
2009.02.06 14:09:35.755,0.66468,0.66484,2.00,1.10
2009.02.06 14:09:42.543,0.66464,0.66484,1.40,1.00
2009.02.06 14:09:43.003,0.66461,0.66487,1.60,0.87
2009.02.06 14:09:43.343,0.66463,0.66487,2.30,1.20
2009.02.06 14:09:43.922,0.66466,0.66482,1.60,1.30
2009.02.06 14:09:46.392,0.66459,0.66483,0.70,1.10
2009.02.06 14:09:47.192,0.66455,0.66485,0.63,1.60
2009.02.06 14:09:48.811,0.66455,0.66485,1.50,1.20
2009.02.06 14:09:49.561,0.66457,0.66487,1.80,2.20
2009.02.06 14:09:51.511,0.66454,0.66494,1.50,1.10
2009.02.06 14:09:52.231,0.6646,0.66484,1.60,1.30
2009.02.06 14:09:53.500,0.66455,0.66475,1.50,1.60
2009.02.06 14:09:54.680,0.6645,0.66475,2.00,1.10
2009.02.06 14:09:55.090,0.6645,0.66474,0.94,1.10
2009.02.06 14:09:56.980,0.66439,0.66484,1.10,0.81
2009.02.06 14:09:57.769,0.66441,0.66471,1.80,1.30
2009.02.06 14:09:59.109,0.6644,0.66464,0.94,0.96
2009.02.06 14:10:00.029,0.66436,0.6647,0.93,1.90
2009.02.06 14:10:00.608,0.66439,0.66469,1.00,0.75
2009.02.06 14:10:06.047,0.6644,0.6647,1.30,2.00
2009.02.06 14:10:06.897,0.66442,0.66472,0.91,0.67
2009.02.06 14:10:07.907,0.6645,0.6647,2.10,1.50
2009.02.06 14:10:11.776,0.66459,0.66469,1.10,1.40
2009.02.06 14:10:12.276,0.66457,0.66473,1.10,1.10
2009.02.06 14:10:22.723,0.66445,0.66479,1.80,1.20
2009.02.06 14:10:23.833,0.66445,0.66469,0.46,1.60
2009.02.06 14:10:24.353,0.66435,0.66465,1.20,1.70
2009.02.06 14:10:25.032,0.66434,0.66464,1.20,0.81
2009.02.06 14:10:26.672,0.66429,0.66469,1.80,1.70
2009.02.06 14:10:27.392,0.66436,0.66462,1.60,2.40
2009.02.06 14:10:27.672,0.66439,0.66449,1.60,1.00
2009.02.06 14:10:28.522,0.66427,0.66447,0.68,2.40
2009.02.06 14:10:29.372,0.66422,0.66438,2.10,2.10
2009.02.06 14:10:30.501,0.66418,0.66428,0.78,1.10
2009.02.06 14:10:31.311,0.66408,0.66428,0.88,0.95
2009.02.06 14:10:31.951,0.66401,0.66425,0.73,1.00
2009.02.06 14:10:32.581,0.66397,0.66417,2.00,1.60
2009.02.06 14:10:33.320,0.66393,0.66417,1.00,1.30
2009.02.06 14:10:34.520,0.66397,0.66417,1.10,0.87
2009.02.06 14:10:35.210,0.664,0.6642,2.10,1.10
2009.02.06 14:10:36.530,0.66399,0.66423,2.90,1.30
2009.02.06 14:10:37.300,0.66399,0.66425,1.00,3.80
2009.02.06 14:10:37.750,0.66404,0.66424,1.40,1.00
2009.02.06 14:10:38.819,0.6641,0.66424,2.20,0.67
2009.02.06 14:10:40.189,0.66411,0.66421,1.90,0.97
2009.02.06 14:10:41.309,0.66405,0.66425,1.00,1.30
2009.02.06 14:10:42.168,0.66406,0.66421,1.20,1.50
2009.02.06 14:10:44.118,0.66405,0.66431,1.50,2.10
2009.02.06 14:10:45.048,0.66411,0.66431,0.77,1.40
2009.02.06 14:10:47.827,0.66415,0.66425,1.50,1.90
2009.02.06 14:10:48.987,0.66406,0.66431,1.20,0.96
2009.02.06 14:10:50.657,0.66413,0.66429,1.30,1.00
2009.02.06 14:10:51.146,0.66412,0.66432,0.73,0.57
2009.02.06 14:10:52.506,0.66407,0.66427,1.20,1.80
2009.02.06 14:10:53.068,0.66407,0.66427,1.30,1.70
2009.02.06 14:10:53.696,0.66407,0.66427,0.64,1.50
2009.02.06 14:10:54.675,0.66406,0.66436,1.10,1.40
2009.02.06 14:10:55.705,0.66411,0.66431,1.70,1.40
2009.02.06 14:10:56.756,0.66417,0.66427,1.90,2.00
2009.02.06 14:10:57.275,0.66409,0.66439,1.30,0.90
2009.02.06 14:10:58.305,0.66421,0.66431,1.10,1.20
2009.02.06 14:10:58.935,0.66426,0.66436,0.63,1.30
2009.02.06 14:10:59.744,0.66431,0.66441,1.10,0.63
2009.02.06 14:11:00.024,0.66418,0.66464,0.76,1.50
2009.02.06 14:11:01.114,0.66423,0.66463,1.40,0.70
2009.02.06 14:11:02.023,0.66427,0.66461,1.20,1.10
2009.02.06 14:11:02.414,0.66423,0.66467,0.95,1.10
2009.02.06 14:11:03.173,0.66425,0.66465,1.70,1.70
2009.02.06 14:11:03.643,0.66425,0.66465,1.30,1.20
2009.02.06 14:11:04.373,0.66427,0.66467,1.50,1.00
2009.02.06 14:11:04.833,0.66434,0.66468,1.60,2.30
2009.02.06 14:11:05.724,0.66436,0.66476,1.10,1.50
2009.02.06 14:11:06.243,0.66439,0.66474,1.70,0.90
2009.02.06 14:11:07.032,0.6644,0.66465,0.88,1.60
2009.02.06 14:11:07.782,0.6644,0.66465,1.40,1.30
2009.02.06 14:11:09.542,0.66445,0.66465,1.90,1.50
2009.02.06 14:11:10.342,0.66444,0.66474,1.10,1.20
2009.02.06 14:11:11.531,0.66445,0.66479,1.60,0.65
2009.02.06 14:11:12.321,0.66452,0.66482,1.40,0.88
2009.02.06 14:11:14.331,0.66455,0.66485,2.00,1.80
2009.02.06 14:11:14.960,0.66456,0.66482,0.68,1.20
2009.02.06 14:11:16.370,0.66447,0.66487,0.83,0.62
2009.02.06 14:11:16.830,0.66452,0.66482,1.20,1.00
2009.02.06 14:11:17.830,0.66455,0.66481,2.80,1.40
2009.02.06 14:11:18.689,0.66454,0.66484,1.10,1.10
2009.02.06 14:11:19.839,0.66453,0.66483,1.60,1.40
2009.02.06 14:11:20.659,0.66451,0.66481,2.50,1.10
2009.02.06 14:11:21.799,0.66448,0.66474,0.81,0.67
2009.02.06 14:11:22.299,0.66445,0.66479,1.70,1.10
2009.02.06 14:11:22.699,0.66447,0.66483,0.56,0.91
2009.02.06 14:11:23.668,0.66451,0.66487,2.00,1.20
2009.02.06 14:11:24.268,0.6645,0.66495,1.40,0.79
2009.02.06 14:11:24.968,0.6645,0.66495,1.30,2.00
2009.02.06 14:11:26.138,0.66451,0.66496,1.40,2.30
2009.02.06 14:11:26.618,0.66454,0.66498,1.10,1.50
2009.02.06 14:11:27.069,0.6647,0.66494,1.80,0.51
2009.02.06 14:11:28.088,0.66465,0.66505,1.20,2.00
2009.02.06 14:11:28.947,0.66469,0.66504,0.85,1.70
2009.02.06 14:11:29.428,0.66468,0.66504,0.74,1.20
2009.02.06 14:11:29.947,0.6647,0.665,1.50,1.70
2009.02.06 14:11:30.887,0.66474,0.665,1.60,1.90
2009.02.06 14:11:31.397,0.66475,0.665,1.10,0.89
2009.02.06 14:11:32.366,0.66477,0.66503,1.20,0.73
2009.02.06 14:11:32.936,0.66483,0.66503,1.30,1.80
2009.02.06 14:11:33.406,0.66474,0.665,1.30,3.30
2009.02.06 14:11:34.436,0.66464,0.665,1.50,1.00
2009.02.06 14:11:35.036,0.66472,0.66482,1.30,1.30
2009.02.06 14:11:35.436,0.66467,0.66487,0.85,1.50
2009.02.06 14:11:35.726,0.66463,0.66499,2.50,1.30
2009.02.06 14:11:37.565,0.6646,0.66504,1.30,1.30
2009.02.06 14:11:38.195,0.66472,0.66498,1.00,1.30
2009.02.06 14:11:38.755,0.66473,0.66493,2.20,0.93
2009.02.06 14:11:39.085,0.66472,0.66486,0.81,1.70
2009.02.06 14:11:39.524,0.66463,0.66493,1.20,2.00
2009.02.06 14:11:40.745,0.66468,0.66494,1.10,0.75
2009.02.06 14:11:41.195,0.66466,0.665,1.70,0.90
2009.02.06 14:11:43.144,0.66468,0.66498,1.40,1.10
2009.02.06 14:11:43.664,0.66465,0.66491,1.50,1.60
2009.02.06 14:11:45.103,0.66463,0.66493,1.50,1.60
2009.02.06 14:11:45.573,0.66465,0.66491,0.88,2.00
2009.02.06 14:11:46.073,0.66465,0.66491,1.10,1.40
2009.02.06 14:11:46.543,0.66469,0.66493,1.30,0.94
2009.02.06 14:11:47.463,0.66467,0.66497,1.50,1.60
2009.02.06 14:11:48.253,0.66478,0.66498,1.50,1.00
2009.02.06 14:11:49.062,0.66477,0.66517,1.10,1.40
2009.02.06 14:11:49.412,0.66499,0.66513,1.60,1.70
2009.02.06 14:11:49.812,0.66495,0.66529,1.60,1.70
2009.02.06 14:11:50.642,0.66497,0.66531,1.20,0.95
2009.02.06 14:11:51.481,0.66497,0.66533,1.00,0.95
2009.02.06 14:11:51.941,0.66493,0.66539,1.00,0.92
2009.02.06 14:11:53.331,0.66506,0.6653,1.80,0.96
2009.02.06 14:11:54.221,0.66496,0.66546,1.90,1.60
2009.02.06 14:11:55.011,0.66505,0.66545,0.99,0.65
2009.02.06 14:11:55.421,0.66507,0.66547,1.20,2.50
2009.02.06 14:11:55.771,0.66509,0.66543,0.65,0.82
2009.02.06 14:11:56.290,0.66506,0.66546,2.00,2.50
2009.02.06 14:11:56.801,0.66511,0.66537,1.80,1.50
2009.02.06 14:11:57.720,0.66511,0.66536,0.90,1.80
2009.02.06 14:11:58.530,0.66509,0.66535,0.58,1.00
2009.02.06 14:11:58.850,0.66514,0.66528,1.10,2.00
2009.02.06 14:11:59.670,0.66513,0.66527,1.10,1.70
2009.02.06 14:12:00.579,0.66513,0.66533,1.20,2.30
2009.02.06 14:12:01.349,0.66513,0.66533,1.80,1.90
2009.02.06 14:12:01.819,0.66506,0.66536,0.77,0.68
2009.02.06 14:12:02.159,0.66506,0.66536,1.20,1.10
2009.02.06 14:12:03.279,0.66516,0.66526,2.30,0.86
2009.02.06 14:12:03.629,0.66512,0.66538,2.70,0.97
2009.02.06 14:12:07.888,0.66517,0.66537,1.80,0.81
2009.02.06 14:12:08.178,0.66519,0.66543,1.00,1.20
2009.02.06 14:12:09.397,0.6653,0.6654,1.40,1.30
2009.02.06 14:12:10.077,0.66518,0.66558,1.00,0.77
2009.02.06 14:12:10.407,0.66527,0.66561,0.85,1.30
2009.02.06 14:12:10.867,0.6653,0.6657,1.40,1.10
2009.02.06 14:12:12.287,0.6655,0.66564,0.67,1.70
2009.02.06 14:12:12.827,0.66549,0.66579,1.80,1.90
2009.02.06 14:12:13.447,0.66555,0.66579,3.70,1.20
2009.02.06 14:12:17.255,0.66556,0.66582,0.78,2.20
2009.02.06 14:12:23.614,0.66552,0.66588,1.20,0.53
2009.02.06 14:12:24.774,0.66553,0.66583,0.84,2.30
2009.02.06 14:12:25.223,0.66545,0.66585,1.70,0.47
2009.02.06 14:12:25.673,0.6655,0.6658,1.20,1.10
2009.02.06 14:12:27.113,0.66564,0.66574,0.69,2.20
2009.02.06 14:12:27.553,0.66552,0.66592,1.00,0.64
2009.02.06 14:12:28.053,0.66548,0.66602,1.30,1.40
2009.02.06 14:12:28.403,0.6656,0.666,1.40,0.99
2009.02.06 14:12:29.283,0.66569,0.66599,1.40,2.00
2009.02.06 14:12:30.942,0.66576,0.66592,1.30,0.76
2009.02.06 14:12:31.342,0.66569,0.66593,1.50,1.50
2009.02.06 14:12:33.341,0.66568,0.66588,0.79,1.60
2009.02.06 14:12:33.802,0.66556,0.66592,2.20,1.20
2009.02.06 14:12:34.391,0.66556,0.66586,1.20,1.30
2009.02.06 14:12:34.861,0.6655,0.6659,1.70,2.20
2009.02.06 14:12:35.391,0.66553,0.66589,1.00,1.40
2009.02.06 14:12:35.881,0.66555,0.66575,1.00,0.37
2009.02.06 14:12:36.221,0.66542,0.66586,0.84,1.10
2009.02.06 14:12:36.751,0.66549,0.66589,0.63,1.30
2009.02.06 14:12:37.801,0.66558,0.66588,1.30,1.30
2009.02.06 14:12:38.670,0.66561,0.66587,1.80,1.80
2009.02.06 14:12:39.310,0.66558,0.66588,1.10,1.70
2009.02.06 14:12:41.630,0.66563,0.66587,1.10,1.60
2009.02.06 14:12:42.089,0.6656,0.66595,1.30,1.40
2009.02.06 14:12:43.789,0.6656,0.66586,0.86,0.95
2009.02.06 14:12:44.129,0.6655,0.66586,2.00,0.86
2009.02.06 14:12:44.529,0.66552,0.66582,1.30,0.96
2009.02.06 14:12:45.210,0.66554,0.66584,2.20,1.30
2009.02.06 14:12:45.719,0.66556,0.66586,1.30,1.90
2009.02.06 14:12:46.229,0.66557,0.66583,1.10,1.30
2009.02.06 14:12:47.638,0.66551,0.66591,1.90,1.20
2009.02.06 14:12:48.408,0.66559,0.66585,0.91,1.30
2009.02.06 14:12:49.498,0.6656,0.66585,0.87,1.70
2009.02.06 14:12:49.718,0.6656,0.66585,0.75,2.20
2009.02.06 14:12:50.058,0.6656,0.66585,0.68,0.96
2009.02.06 14:12:52.037,0.6656,0.66585,1.80,0.85
2009.02.06 14:12:53.517,0.6656,0.66585,1.40,1.50
2009.02.06 14:12:57.165,0.66551,0.66587,1.90,3.00
2009.02.06 14:12:58.465,0.66553,0.66583,1.00,0.79
2009.02.06 14:12:59.035,0.66545,0.66591,1.40,0.73
2009.02.06 14:12:59.535,0.66558,0.66574,1.10,1.20
2009.02.06 14:13:00.045,0.66553,0.66579,1.60,1.10
2009.02.06 14:13:00.515,0.66544,0.66584,1.80,0.77
2009.02.06 14:13:00.865,0.66547,0.66577,1.50,0.66
2009.02.06 14:13:01.425,0.66554,0.66574,2.10,2.50
2009.02.06 14:13:01.994,0.66545,0.6659,0.76,0.53
2009.02.06 14:13:02.734,0.66547,0.66587,1.60,1.30
2009.02.06 14:13:03.185,0.66557,0.66577,1.00,1.50
2009.02.06 14:13:03.884,0.6655,0.66596,1.40,0.96
2009.02.06 14:13:04.424,0.66567,0.66587,1.60,1.10
2009.02.06 14:13:10.863,0.66573,0.66587,1.50,1.60
2009.02.06 14:13:11.273,0.66565,0.66595,1.20,1.90
2009.02.06 14:13:11.852,0.66556,0.66596,0.67,0.90
2009.02.06 14:13:12.432,0.66554,0.66594,2.50,0.89
2009.02.06 14:13:12.853,0.66546,0.66596,1.10,0.73
2009.02.06 14:13:15.171,0.66552,0.66588,0.77,1.30
2009.02.06 14:13:16.191,0.66552,0.66586,1.30,1.10
2009.02.06 14:13:17.331,0.66552,0.66586,1.20,2.30
2009.02.06 14:13:18.461,0.66552,0.66587,0.78,0.59
2009.02.06 14:13:18.960,0.6656,0.66585,1.00,1.00
2009.02.06 14:13:20.410,0.6656,0.66585,1.70,1.50
2009.02.06 14:13:20.810,0.6656,0.66585,1.40,1.50
2009.02.06 14:13:22.510,0.6656,0.66585,2.50,1.20
2009.02.06 14:13:22.850,0.66558,0.66584,1.30,0.84
2009.02.06 14:13:24.589,0.66562,0.66576,1.10,2.20
2009.02.06 14:13:24.879,0.6656,0.66574,1.00,0.78
2009.02.06 14:13:25.639,0.66555,0.66571,1.90,1.60
2009.02.06 14:13:26.089,0.66549,0.66569,0.84,1.10
2009.02.06 14:13:26.819,0.6655,0.66566,1.60,1.70
2009.02.06 14:13:27.268,0.6655,0.66566,1.60,0.93
2009.02.06 14:13:29.878,0.66552,0.66566,1.20,1.50
2009.02.06 14:13:30.328,0.66547,0.66577,1.40,1.50
2009.02.06 14:13:31.098,0.66549,0.66575,1.80,2.00
2009.02.06 14:13:31.567,0.6655,0.66575,1.10,1.50
2009.02.06 14:13:32.597,0.6655,0.66575,1.40,2.10
2009.02.06 14:13:33.167,0.6655,0.66575,2.10,1.10
2009.02.06 14:13:33.278,0.66551,0.66575,0.84,0.85
2009.02.06 14:13:35.117,0.66551,0.66575,1.20,1.60
2009.02.06 14:13:35.407,0.66544,0.6658,1.30,2.30
2009.02.06 14:13:36.476,0.6654,0.66574,2.60,1.40
2009.02.06 14:13:36.876,0.66536,0.6656,0.92,0.98
2009.02.06 14:13:37.526,0.66521,0.66561,1.90,2.10
2009.02.06 14:13:37.906,0.66523,0.66553,1.40,0.76
2009.02.06 14:13:38.306,0.66517,0.66557,1.50,2.50
2009.02.06 14:13:39.385,0.66522,0.66552,1.80,0.85
2009.02.06 14:13:39.796,0.66522,0.66552,1.20,0.90
2009.02.06 14:13:40.195,0.66517,0.66557,0.74,1.20
2009.02.06 14:13:40.775,0.66521,0.66555,2.10,0.94
2009.02.06 14:13:42.695,0.66521,0.66557,1.10,1.30
2009.02.06 14:13:43.565,0.66528,0.66552,1.20,1.20
2009.02.06 14:13:43.854,0.66531,0.66551,0.86,1.20
2009.02.06 14:13:44.364,0.66536,0.66556,1.40,1.10
2009.02.06 14:13:48.743,0.66547,0.66563,1.40,1.10
2009.02.06 14:13:49.313,0.66546,0.66576,1.70,1.20
2009.02.06 14:13:49.943,0.66552,0.66576,2.60,0.97
2009.02.06 14:13:50.393,0.66547,0.66587,0.80,0.74
2009.02.06 14:13:50.853,0.66551,0.66586,0.97,1.50
2009.02.06 14:13:51.903,0.66552,0.66588,2.50,2.80
2009.02.06 14:13:52.322,0.6656,0.66585,1.10,2.20
2009.02.06 14:13:52.833,0.6656,0.66585,1.20,1.80
2009.02.06 14:13:53.352,0.6656,0.66585,0.84,1.20
2009.02.06 14:13:54.742,0.66558,0.66584,1.50,1.10
2009.02.06 14:13:55.822,0.6655,0.6659,1.20,1.00
2009.02.06 14:13:56.341,0.66557,0.66583,1.50,1.50
2009.02.06 14:13:56.741,0.66551,0.66587,0.88,1.10
2009.02.06 14:13:57.161,0.66553,0.66587,0.96,1.50
2009.02.06 14:13:57.851,0.6656,0.6658,1.00,0.68
2009.02.06 14:14:00.560,0.66555,0.6658,1.50,0.63
2009.02.06 14:14:01.460,0.66552,0.66572,1.20,1.20
2009.02.06 14:14:01.640,0.66545,0.66571,1.00,0.83
2009.02.06 14:14:03.030,0.66545,0.6657,1.40,1.20
2009.02.06 14:14:04.159,0.66549,0.66573,0.49,0.88
2009.02.06 14:14:04.500,0.66558,0.66578,2.40,0.75
2009.02.06 14:14:04.959,0.66559,0.66585,2.60,1.30
2009.02.06 14:14:06.669,0.6656,0.66585,0.74,0.73
2009.02.06 14:14:06.849,0.6656,0.66585,1.40,1.80
2009.02.06 14:14:08.648,0.66561,0.66586,1.40,1.20
2009.02.06 14:14:09.238,0.66562,0.66586,1.80,1.70
2009.02.06 14:14:09.579,0.66565,0.66585,1.50,1.40
2009.02.06 14:14:10.698,0.66565,0.66585,1.10,1.40
2009.02.06 14:14:11.208,0.66567,0.66587,0.64,1.20
2009.02.06 14:14:12.437,0.66575,0.66589,1.90,1.90
2009.02.06 14:14:12.887,0.66568,0.66602,0.59,2.30
2009.02.06 14:14:14.289,0.66572,0.66602,1.90,0.85
2009.02.06 14:14:14.857,0.66574,0.666,1.80,0.80
2009.02.06 14:14:15.287,0.66574,0.666,1.80,0.88
2009.02.06 14:14:15.687,0.66573,0.66603,2.10,0.86
2009.02.06 14:14:17.456,0.66569,0.66604,2.10,1.50
2009.02.06 14:14:18.136,0.66571,0.66607,1.40,0.85
2009.02.06 14:14:19.506,0.66579,0.66609,0.97,1.00
2009.02.06 14:14:19.966,0.66579,0.66615,1.30,1.20
2009.02.06 14:14:26.005,0.66582,0.66612,1.40,0.69
2009.02.06 14:14:26.694,0.66589,0.66599,1.30,1.00
2009.02.06 14:14:27.134,0.66585,0.66601,2.70,2.50
2009.02.06 14:14:27.594,0.66581,0.66601,1.40,1.10
2009.02.06 14:14:31.853,0.66579,0.66599,1.20,1.10
2009.02.06 14:14:32.033,0.66571,0.66601,1.60,1.60
2009.02.06 14:14:32.433,0.66566,0.66602,0.67,1.90
2009.02.06 14:14:33.503,0.66569,0.66589,2.20,0.49
2009.02.06 14:14:33.912,0.6656,0.6659,0.98,0.90
2009.02.06 14:14:34.482,0.66549,0.66589,0.79,2.10
2009.02.06 14:14:34.942,0.66553,0.66573,0.82,1.60
2009.02.06 14:14:35.412,0.6655,0.6657,1.90,1.40
2009.02.06 14:14:35.652,0.66545,0.66569,1.90,1.20
2009.02.06 14:14:35.892,0.66543,0.66569,1.70,0.43
2009.02.06 14:14:36.242,0.6655,0.6657,2.00,1.50
2009.02.06 14:14:37.442,0.66558,0.66568,0.93,2.00
2009.02.06 14:14:38.231,0.66557,0.66571,1.60,1.60
2009.02.06 14:14:39.451,0.66551,0.66575,0.69,1.20
2009.02.06 14:14:39.741,0.66555,0.66575,1.20,1.20
2009.02.06 14:14:41.580,0.66555,0.66575,2.50,1.50
2009.02.06 14:14:41.870,0.66555,0.66575,0.83,1.40
2009.02.06 14:14:42.360,0.66555,0.66575,1.20,0.83
2009.02.06 14:14:42.920,0.66552,0.66572,1.20,1.70
2009.02.06 14:14:43.470,0.66553,0.66567,0.94,1.50
2009.02.06 14:14:43.800,0.6655,0.6657,0.97,1.30
2009.02.06 14:14:45.839,0.66549,0.66569,1.10,1.10
2009.02.06 14:14:46.309,0.66547,0.66567,1.60,2.00
2009.02.06 14:14:47.399,0.66541,0.66567,0.97,0.87
2009.02.06 14:14:47.939,0.6654,0.66566,1.30,1.10
2009.02.06 14:14:48.669,0.66552,0.66562,1.30,1.20
2009.02.06 14:14:49.519,0.66549,0.66573,1.10,1.50
2009.02.06 14:14:49.848,0.66554,0.66568,1.70,2.60
2009.02.06 14:14:52.618,0.66548,0.66574,1.60,1.20
2009.02.06 14:14:54.557,0.6655,0.66574,0.89,1.10
2009.02.06 14:14:55.567,0.66551,0.66577,1.80,1.80
2009.02.06 14:14:56.437,0.66561,0.66571,1.20,1.10
2009.02.06 14:14:56.657,0.66548,0.66578,3.00,0.75
2009.02.06 14:14:56.977,0.66541,0.66575,1.10,1.40
2009.02.06 14:14:57.656,0.66542,0.66578,1.10,1.60
2009.02.06 14:14:58.137,0.66554,0.66574,0.99,1.00
2009.02.06 14:14:58.466,0.6656,0.66574,1.40,0.98
2009.02.06 14:14:58.967,0.66564,0.6658,0.67,1.00
2009.02.06 14:14:59.486,0.66567,0.66593,1.40,1.10
2009.02.06 14:15:00.366,0.66578,0.66592,3.20,1.60
2009.02.06 14:15:01.466,0.66584,0.66594,1.20,1.60
2009.02.06 14:15:01.966,0.66577,0.66603,1.70,1.20
2009.02.06 14:15:02.776,0.66579,0.66603,1.40,2.30
2009.02.06 14:15:03.245,0.66579,0.66603,1.70,1.20
2009.02.06 14:15:03.755,0.66579,0.66603,0.49,1.70
2009.02.06 14:15:04.325,0.66583,0.66603,1.10,0.92
2009.02.06 14:15:07.474,0.66582,0.66608,0.97,0.73
2009.02.06 14:15:08.224,0.6658,0.66614,0.83,0.95
2009.02.06 14:15:09.074,0.6659,0.6661,1.10,1.50
2009.02.06 14:15:09.404,0.66592,0.66616,2.10,0.69
2009.02.06 14:15:10.245,0.6659,0.66624,1.10,0.85
2009.02.06 14:15:11.643,0.66594,0.66624,2.00,1.00
2009.02.06 14:15:12.743,0.66595,0.66625,1.10,1.40
2009.02.06 14:15:13.263,0.66595,0.66625,0.84,0.73
2009.02.06 14:15:16.872,0.66598,0.66622,0.71,0.59
2009.02.06 14:15:17.272,0.66596,0.66616,2.10,1.50
2009.02.06 14:15:18.582,0.66592,0.66602,1.40,1.20
2009.02.06 14:15:19.442,0.66567,0.66613,1.20,0.67
2009.02.06 14:15:20.011,0.66563,0.66609,1.40,1.50
2009.02.06 14:15:25.220,0.66568,0.66604,2.10,1.60
2009.02.06 14:15:25.720,0.66569,0.66603,1.40,1.20
2009.02.06 14:15:25.960,0.6657,0.666,1.70,2.00
2009.02.06 14:15:27.319,0.6657,0.66604,0.68,0.82
2009.02.06 14:15:27.770,0.66577,0.66603,0.90,0.79
2009.02.06 14:15:28.219,0.66582,0.66602,1.30,1.30
2009.02.06 14:15:29.379,0.66582,0.66612,1.50,1.00
2009.02.06 14:15:29.739,0.66587,0.66617,0.91,2.40
2009.02.06 14:15:30.119,0.6659,0.66616,0.63,1.20
2009.02.06 14:15:30.999,0.66589,0.66619,1.70,0.72
2009.02.06 14:15:31.649,0.66592,0.66618,1.50,1.40
2009.02.06 14:15:32.058,0.66591,0.66621,1.70,1.00
2009.02.06 14:15:35.478,0.66597,0.66617,1.20,0.84
2009.02.06 14:15:36.067,0.6659,0.66626,1.30,2.20
2009.02.06 14:15:36.477,0.66592,0.66626,1.30,0.90
2009.02.06 14:15:37.397,0.66594,0.66628,2.30,2.70
2009.02.06 14:15:38.787,0.66601,0.66635,0.86,1.10
2009.02.06 14:15:39.517,0.66611,0.66635,1.20,2.60
2009.02.06 14:15:39.986,0.66626,0.66636,1.40,1.50
2009.02.06 14:15:40.336,0.66628,0.66648,2.00,1.40
2009.02.06 14:15:41.356,0.66627,0.66653,1.70,0.99
2009.02.06 14:15:41.906,0.66631,0.66651,0.97,0.85
2009.02.06 14:15:43.855,0.66634,0.66654,2.50,1.20
2009.02.06 14:15:44.765,0.66641,0.66661,1.20,1.60
2009.02.06 14:15:45.975,0.66636,0.66676,1.40,2.20
2009.02.06 14:15:46.265,0.6664,0.66674,0.75,2.30
2009.02.06 14:15:46.805,0.66636,0.66676,1.40,2.70
2009.02.06 14:15:47.095,0.66635,0.66675,1.30,0.79
2009.02.06 14:15:47.794,0.66636,0.66676,1.30,1.10
2009.02.06 14:15:48.614,0.66636,0.66672,1.70,1.70
2009.02.06 14:15:49.774,0.66641,0.66661,1.20,3.80
2009.02.06 14:15:50.564,0.66623,0.66673,2.20,0.88
2009.02.06 14:15:51.594,0.66631,0.66657,0.88,0.71
2009.02.06 14:15:52.543,0.66629,0.66655,1.40,1.10
2009.02.06 14:15:52.663,0.66625,0.66655,1.50,0.86
2009.02.06 14:15:53.683,0.6662,0.66648,2.60,0.95
2009.02.06 14:15:54.543,0.66611,0.66637,1.40,1.00
2009.02.06 14:15:54.993,0.66594,0.66638,1.60,1.60
2009.02.06 14:15:55.393,0.66592,0.66632,0.60,1.10
2009.02.06 14:15:56.113,0.66594,0.66634,1.00,1.50
2009.02.06 14:15:56.592,0.66594,0.66634,2.80,1.20
2009.02.06 14:15:56.872,0.66596,0.6663,1.20,1.30
2009.02.06 14:16:00.901,0.66596,0.6663,1.30,0.85
2009.02.06 14:16:01.931,0.66599,0.66629,1.90,1.20
2009.02.06 14:16:02.821,0.66596,0.6663,0.98,1.50
2009.02.06 14:16:03.291,0.66596,0.6663,0.99,1.10
2009.02.06 14:16:04.760,0.66599,0.66629,1.20,1.00
2009.02.06 14:16:05.280,0.66597,0.66631,2.20,1.30
2009.02.06 14:16:06.460,0.66605,0.66625,1.10,2.00
2009.02.06 14:16:06.850,0.666,0.66626,0.84,1.80
2009.02.06 14:16:08.210,0.66604,0.66618,1.30,1.60
2009.02.06 14:16:08.750,0.66605,0.66619,3.60,1.20
2009.02.06 14:16:09.789,0.66602,0.66628,0.89,0.62
2009.02.06 14:16:11.428,0.66605,0.66625,0.72,1.50
2009.02.06 14:16:12.509,0.66603,0.66623,1.20,0.62
2009.02.06 14:16:13.308,0.66596,0.66626,1.10,3.40
2009.02.06 14:16:14.258,0.66593,0.66623,1.50,1.30
2009.02.06 14:16:15.288,0.66592,0.66612,1.20,1.90
2009.02.06 14:16:15.680,0.66581,0.66607,1.40,0.82
2009.02.06 14:16:16.198,0.66573,0.66609,1.10,2.50
2009.02.06 14:16:17.038,0.66575,0.66605,1.80,2.10
2009.02.06 14:16:22.526,0.66574,0.66604,1.30,1.30
2009.02.06 14:16:23.646,0.66573,0.66603,1.00,1.30
2009.02.06 14:16:24.106,0.6657,0.66604,1.30,1.60
2009.02.06 14:16:26.005,0.66565,0.66605,0.77,1.70
2009.02.06 14:16:26.755,0.66565,0.66605,0.88,2.30
2009.02.06 14:16:27.565,0.66565,0.66605,1.90,0.87
2009.02.06 14:16:28.644,0.66564,0.66604,0.77,1.50
2009.02.06 14:16:29.275,0.66566,0.66602,1.30,1.60
2009.02.06 14:16:29.954,0.66565,0.66605,0.75,1.80
2009.02.06 14:16:30.574,0.66565,0.66605,1.50,1.10
2009.02.06 14:16:32.113,0.66565,0.66605,1.20,1.70
2009.02.06 14:16:32.434,0.6657,0.66604,2.00,1.30
2009.02.06 14:16:33.634,0.66573,0.66607,0.87,1.30
2009.02.06 14:16:38.272,0.66586,0.66602,1.50,2.70
2009.02.06 14:16:38.553,0.66583,0.66613,2.20,1.30
2009.02.06 14:16:39.032,0.66582,0.66622,1.30,0.93
2009.02.06 14:16:39.442,0.66582,0.66622,1.40,1.50
2009.02.06 14:16:40.852,0.6658,0.6662,1.70,1.60
2009.02.06 14:16:43.311,0.6658,0.66615,1.50,2.50
2009.02.06 14:16:44.371,0.6658,0.66615,1.30,1.20
2009.02.06 14:16:45.241,0.66577,0.66623,1.30,0.78
2009.02.06 14:16:45.300,0.66584,0.66624,1.60,1.40
2009.02.06 14:16:49.250,0.66601,0.66615,1.70,2.40
2009.02.06 14:16:50.509,0.66603,0.66627,1.00,1.70
2009.02.06 14:16:51.249,0.66614,0.6663,1.30,1.30
2009.02.06 14:16:52.159,0.66616,0.6663,1.10,0.78
2009.02.06 14:16:52.999,0.66606,0.6663,1.10,1.50
2009.02.06 14:16:53.798,0.66598,0.66618,1.70,0.88
2009.02.06 14:16:54.029,0.66586,0.66616,0.74,1.90
2009.02.06 14:16:55.048,0.66585,0.66605,2.40,0.64
2009.02.06 14:16:55.498,0.66585,0.66595,0.94,0.95
2009.02.06 14:16:56.008,0.66572,0.66602,1.30,1.30
2009.02.06 14:16:56.588,0.66579,0.66603,1.80,1.00
2009.02.06 14:16:56.978,0.66583,0.66603,1.10,0.86
2009.02.06 14:16:57.418,0.66584,0.66604,0.93,0.89
2009.02.06 14:16:58.087,0.66582,0.66602,1.20,3.10
2009.02.06 14:16:58.557,0.6657,0.66606,0.75,1.60
2009.02.06 14:16:59.087,0.66567,0.66607,1.40,2.00
2009.02.06 14:16:59.767,0.66567,0.66607,1.10,1.20
2009.02.06 14:17:00.937,0.66572,0.66602,1.60,1.40
2009.02.06 14:17:01.807,0.66575,0.66601,0.83,1.70
2009.02.06 14:17:02.956,0.66584,0.666,0.89,1.40
2009.02.06 14:17:03.816,0.66584,0.6661,1.50,2.50
2009.02.06 14:17:04.456,0.66585,0.6661,1.50,1.30
2009.02.06 14:17:05.786,0.66585,0.66605,0.89,1.50
2009.02.06 14:17:06.755,0.66578,0.66604,0.96,0.97
2009.02.06 14:17:07.725,0.66575,0.66601,0.64,1.10
2009.02.06 14:17:08.825,0.66569,0.66595,2.50,2.40
2009.02.06 14:17:09.275,0.66567,0.66597,0.91,0.97
2009.02.06 14:17:09.675,0.66565,0.66601,1.30,1.50
2009.02.06 14:17:10.075,0.66567,0.66597,1.70,0.67
2009.02.06 14:17:13.864,0.66564,0.666,1.10,1.60
2009.02.06 14:17:14.444,0.66564,0.66594,2.10,1.20
2009.02.06 14:17:15.963,0.66557,0.66597,0.57,1.50
2009.02.06 14:17:16.653,0.66558,0.66598,1.40,0.94
2009.02.06 14:17:17.443,0.66564,0.66594,1.00,1.20
2009.02.06 14:17:19.792,0.66566,0.66596,1.70,0.94
2009.02.06 14:17:20.242,0.66565,0.66601,0.72,1.20
2009.02.06 14:17:20.592,0.66568,0.66598,0.78,1.20
2009.02.06 14:17:21.162,0.66572,0.66598,1.00,1.10
2009.02.06 14:17:22.102,0.66573,0.66599,1.20,1.40
2009.02.06 14:17:24.021,0.66568,0.66598,1.10,0.88
2009.02.06 14:17:24.591,0.66563,0.66599,1.00,0.74
2009.02.06 14:17:29.960,0.66566,0.66596,1.70,0.99
2009.02.06 14:17:32.499,0.66565,0.66595,1.20,0.81
2009.02.06 14:17:33.309,0.66565,0.66595,2.60,1.20
2009.02.06 14:17:33.839,0.66565,0.66595,1.20,1.30
2009.02.06 14:17:34.859,0.66565,0.66595,2.00,2.20
2009.02.06 14:17:35.949,0.66565,0.66595,1.30,0.73
2009.02.06 14:17:36.778,0.66565,0.66595,1.30,1.30
2009.02.06 14:17:37.288,0.66565,0.66595,1.40,1.40
2009.02.06 14:17:38.008,0.66565,0.66595,2.90,1.20
2009.02.06 14:17:40.178,0.66565,0.66595,0.83,0.67
2009.02.06 14:17:41.597,0.66565,0.66595,1.00,1.00
2009.02.06 14:17:42.837,0.66565,0.66595,0.96,1.90
2009.02.06 14:17:44.006,0.66565,0.66595,1.10,1.70
2009.02.06 14:17:47.016,0.66565,0.66595,1.10,4.60
2009.02.06 14:17:47.486,0.66565,0.66595,0.91,1.60
2009.02.06 14:17:48.155,0.66565,0.66595,1.50,2.90
2009.02.06 14:17:48.536,0.66565,0.66595,0.88,0.91
2009.02.06 14:17:51.415,0.66565,0.66595,2.00,1.30
2009.02.06 14:17:51.695,0.66565,0.66595,1.60,1.40
2009.02.06 14:17:52.494,0.66565,0.66595,2.00,1.10
2009.02.06 14:17:53.604,0.66565,0.66595,0.60,1.20
2009.02.06 14:17:54.434,0.66565,0.66595,0.79,1.20
2009.02.06 14:17:54.903,0.66565,0.66595,1.30,1.30
2009.02.06 14:17:56.565,0.66562,0.66596,1.60,4.00
2009.02.06 14:17:57.123,0.66562,0.66596,1.40,1.00
2009.02.06 14:17:57.703,0.66562,0.66596,1.20,1.40
2009.02.06 14:17:58.224,0.66562,0.66596,0.98,1.60
2009.02.06 14:17:58.743,0.66562,0.66596,1.10,1.30
2009.02.06 14:17:59.303,0.66562,0.66596,1.10,1.60
2009.02.06 14:17:59.693,0.66562,0.66596,1.10,1.50
2009.02.06 14:18:00.852,0.66562,0.66597,2.10,0.67
2009.02.06 14:18:01.192,0.66561,0.66607,1.40,0.58
2009.02.06 14:18:01.722,0.66567,0.66603,1.20,3.00
2009.02.06 14:18:03.432,0.66569,0.66603,1.20,1.30
2009.02.06 14:18:03.552,0.66569,0.66603,1.10,0.95
2009.02.06 14:18:05.291,0.66569,0.66603,1.30,1.20
2009.02.06 14:18:05.741,0.66568,0.66608,1.50,1.20
2009.02.06 14:18:06.261,0.66578,0.66602,1.80,2.40
2009.02.06 14:18:06.841,0.66581,0.66607,0.91,1.70
2009.02.06 14:18:07.401,0.66588,0.66608,1.20,1.10
2009.02.06 14:18:12.869,0.66588,0.66608,1.40,0.77
2009.02.06 14:18:15.909,0.66587,0.66607,1.30,1.40
2009.02.06 14:18:16.928,0.66588,0.66604,1.10,0.87
2009.02.06 14:18:17.438,0.66579,0.66613,1.20,0.89
2009.02.06 14:18:21.137,0.66576,0.66612,0.78,2.40
2009.02.06 14:18:23.657,0.66577,0.66601,1.60,1.50
2009.02.06 14:18:24.107,0.66576,0.6659,1.00,1.40
2009.02.06 14:18:24.396,0.66563,0.66593,1.40,2.00
2009.02.06 14:18:25.046,0.66559,0.66589,0.88,1.40
2009.02.06 14:18:27.196,0.66563,0.66583,0.64,1.30
2009.02.06 14:18:27.766,0.66561,0.66585,1.40,1.60
2009.02.06 14:18:28.575,0.66552,0.66588,1.50,1.50
2009.02.06 14:18:29.725,0.66554,0.6659,1.30,0.98
2009.02.06 14:18:30.245,0.66559,0.66595,1.20,0.62
2009.02.06 14:18:30.645,0.66558,0.66598,0.89,1.10
2009.02.06 14:18:31.185,0.66561,0.66595,1.20,0.87
2009.02.06 14:18:35.194,0.66558,0.66592,0.87,0.61
2009.02.06 14:18:37.373,0.66557,0.66581,0.88,1.20
2009.02.06 14:18:37.993,0.66553,0.66579,2.00,1.20
2009.02.06 14:18:39.553,0.6655,0.6657,1.10,0.63
2009.02.06 14:18:40.163,0.66543,0.66569,1.10,1.20
2009.02.06 14:18:40.603,0.66542,0.66562,1.70,1.10
2009.02.06 14:18:41.242,0.66541,0.66561,0.60,1.90
2009.02.06 14:18:41.712,0.66539,0.66559,0.92,2.40
2009.02.06 14:18:42.252,0.66537,0.66557,1.50,0.91
2009.02.06 14:18:42.713,0.66532,0.66556,1.80,1.20
2009.02.06 14:18:43.502,0.66532,0.66552,1.40,1.00
2009.02.06 14:18:44.122,0.66528,0.66554,0.98,1.50
2009.02.06 14:18:45.092,0.66531,0.66551,0.53,1.30
2009.02.06 14:18:45.621,0.6653,0.6655,1.50,1.50
2009.02.06 14:18:46.731,0.66531,0.66551,0.56,0.94
2009.02.06 14:18:47.301,0.6653,0.66554,2.00,1.30
2009.02.06 14:18:48.741,0.66536,0.66556,2.40,1.00
2009.02.06 14:18:49.940,0.6654,0.66564,1.40,0.99
2009.02.06 14:18:51.080,0.66542,0.66568,1.30,1.40
2009.02.06 14:18:51.950,0.66529,0.66583,1.70,0.50
2009.02.06 14:18:53.070,0.66543,0.66563,1.50,0.46
2009.02.06 14:18:53.920,0.66541,0.66561,1.80,1.60
2009.02.06 14:18:55.029,0.66544,0.66554,1.20,2.20
2009.02.06 14:18:55.789,0.66534,0.6656,1.50,3.50
2009.02.06 14:18:56.959,0.66534,0.6655,1.90,1.70
2009.02.06 14:18:57.739,0.66531,0.66551,0.73,2.70
2009.02.06 14:18:58.698,0.66524,0.66554,1.30,1.10
2009.02.06 14:18:59.418,0.66527,0.66547,1.50,1.10
2009.02.06 14:19:00.059,0.6653,0.6654,1.80,0.88
2009.02.06 14:19:01.208,0.6652,0.66544,0.98,0.36
2009.02.06 14:19:02.108,0.66511,0.66551,1.00,0.88
2009.02.06 14:19:03.157,0.66512,0.66546,1.10,1.60
2009.02.06 14:19:04.037,0.6651,0.6654,1.30,1.30
2009.02.06 14:19:04.440,0.66506,0.6654,0.90,0.51
2009.02.06 14:19:05.587,0.66503,0.66537,0.71,1.60
2009.02.06 14:19:05.996,0.66503,0.66533,1.00,1.10
2009.02.06 14:19:06.456,0.66507,0.66523,0.96,0.80
2009.02.06 14:19:07.676,0.66503,0.66523,2.20,1.60
2009.02.06 14:19:08.406,0.66501,0.66521,1.60,2.30
2009.02.06 14:19:08.745,0.66496,0.6652,1.30,1.70
2009.02.06 14:19:09.246,0.66492,0.66518,0.77,1.00
2009.02.06 14:19:10.166,0.66488,0.66518,1.40,1.10
2009.02.06 14:19:10.585,0.66481,0.66521,1.80,0.96
2009.02.06 14:19:11.625,0.6648,0.66516,1.20,2.70
2009.02.06 14:19:12.905,0.66482,0.66508,1.70,1.30
2009.02.06 14:19:13.575,0.66479,0.66503,0.59,1.70
2009.02.06 14:19:16.064,0.66477,0.66501,1.00,1.30
2009.02.06 14:19:20.243,0.66474,0.665,0.99,1.30
2009.02.06 14:19:20.763,0.66472,0.66496,1.60,1.50
2009.02.06 14:19:21.183,0.66472,0.6649,1.50,0.98
2009.02.06 14:19:21.863,0.66465,0.66495,1.10,1.00
2009.02.06 14:19:22.653,0.66458,0.66498,1.40,1.50
2009.02.06 14:19:23.742,0.66456,0.66491,0.67,1.10
2009.02.06 14:19:24.642,0.66452,0.66486,1.40,0.84
2009.02.06 14:19:25.452,0.66449,0.66483,1.70,0.91
2009.02.06 14:19:26.252,0.6645,0.6649,1.10,2.20
2009.02.06 14:19:27.121,0.66452,0.66492,1.50,1.40
2009.02.06 14:19:28.481,0.66452,0.66492,1.60,1.40
2009.02.06 14:19:29.011,0.66453,0.66488,1.90,0.83
2009.02.06 14:19:31.320,0.6645,0.66495,1.50,0.51
2009.02.06 14:19:31.780,0.66452,0.66488,1.90,0.84
2009.02.06 14:19:32.980,0.6645,0.6649,2.00,1.20
2009.02.06 14:19:33.450,0.66448,0.66488,2.00,0.66
2009.02.06 14:19:34.199,0.6645,0.6648,1.40,1.50
2009.02.06 14:19:35.070,0.66441,0.66487,1.00,1.10
2009.02.06 14:19:35.739,0.66439,0.66484,1.10,1.20
2009.02.06 14:19:35.919,0.66439,0.66475,1.10,2.00
2009.02.06 14:19:36.839,0.66434,0.66464,3.20,0.88
2009.02.06 14:19:37.709,0.66432,0.66446,1.10,1.70
2009.02.06 14:19:38.779,0.664,0.66456,1.40,1.20
2009.02.06 14:19:39.618,0.66399,0.66443,1.50,2.20
2009.02.06 14:19:40.588,0.66403,0.66437,1.10,2.10
2009.02.06 14:19:41.549,0.66404,0.66434,0.96,1.80
2009.02.06 14:19:42.360,0.66404,0.66428,2.90,2.10
2009.02.06 14:19:42.628,0.66404,0.66428,1.80,1.20
2009.02.06 14:19:43.407,0.66401,0.66435,1.60,1.90
2009.02.06 14:19:44.187,0.66408,0.66432,1.10,1.30
2009.02.06 14:19:45.287,0.66411,0.66431,1.10,1.20
2009.02.06 14:19:45.847,0.66412,0.66432,1.60,0.58
2009.02.06 14:19:47.696,0.66415,0.66435,1.30,1.10
2009.02.06 14:19:48.476,0.66418,0.66438,2.50,1.30
2009.02.06 14:19:49.216,0.66411,0.66447,0.85,0.80
2009.02.06 14:19:49.597,0.66421,0.66441,1.10,1.40
2009.02.06 14:19:51.735,0.66426,0.6644,2.10,2.10
2009.02.06 14:19:51.915,0.66425,0.66445,1.80,2.20
2009.02.06 14:19:52.215,0.66431,0.66447,2.40,1.40
2009.02.06 14:19:53.595,0.6643,0.6645,3.00,1.70
2009.02.06 14:19:54.045,0.6643,0.66446,1.50,0.71
2009.02.06 14:19:54.445,0.66432,0.66446,1.50,1.50
2009.02.06 14:19:55.085,0.66434,0.66448,0.46,1.50
2009.02.06 14:19:55.475,0.66436,0.66456,1.20,0.96
2009.02.06 14:19:56.124,0.66436,0.66456,0.96,0.34
2009.02.06 14:19:56.684,0.66434,0.66454,1.40,1.20
2009.02.06 14:19:57.254,0.66441,0.66451,1.40,1.60
2009.02.06 14:19:57.854,0.66439,0.66459,1.50,0.84
2009.02.06 14:19:58.204,0.66434,0.66464,0.69,1.70
2009.02.06 14:19:58.554,0.66435,0.66465,1.90,1.70
2009.02.06 14:19:59.234,0.66433,0.66463,2.20,1.20
2009.02.06 14:20:00.893,0.66432,0.66462,1.10,0.89
2009.02.06 14:20:01.623,0.6643,0.6646,1.30,0.92
2009.02.06 14:20:02.593,0.66432,0.66456,1.90,1.20
2009.02.06 14:20:03.212,0.66431,0.66451,0.83,2.30
2009.02.06 14:20:07.102,0.66428,0.66452,0.54,0.93
2009.02.06 14:20:08.301,0.66429,0.66449,1.30,0.44
2009.02.06 14:20:09.101,0.66431,0.66451,1.40,1.20
2009.02.06 14:20:12.100,0.66429,0.66453,2.30,1.00
2009.02.06 14:20:12.650,0.66419,0.66459,0.80,1.70
2009.02.06 14:20:13.120,0.66411,0.66455,2.10,0.74
2009.02.06 14:20:14.210,0.66408,0.66438,1.70,0.94
2009.02.06 14:20:14.610,0.66403,0.66437,1.80,0.72
2009.02.06 14:20:14.950,0.66402,0.66436,1.30,0.75
2009.02.06 14:20:16.010,0.66396,0.66432,0.76,1.40
2009.02.06 14:20:16.520,0.66394,0.66424,2.40,1.20
2009.02.06 14:20:16.980,0.6639,0.66424,1.40,1.30
2009.02.06 14:20:17.439,0.6639,0.6642,1.10,1.90
2009.02.06 14:20:18.609,0.66391,0.66411,1.40,1.80
2009.02.06 14:20:20.119,0.66388,0.66408,1.20,1.50
2009.02.06 14:20:20.578,0.66389,0.66399,1.40,1.00
2009.02.06 14:20:21.019,0.66376,0.66402,1.60,1.30
2009.02.06 14:20:21.318,0.66374,0.664,1.40,0.92
2009.02.06 14:20:21.648,0.66372,0.66398,2.40,0.61
2009.02.06 14:20:22.188,0.66373,0.66389,0.68,1.20
2009.02.06 14:20:24.258,0.66366,0.66386,0.91,1.60
2009.02.06 14:20:25.017,0.66359,0.66379,0.50,2.00
2009.02.06 14:20:25.987,0.66355,0.6638,1.30,1.40
2009.02.06 14:20:26.727,0.66355,0.6638,1.60,1.10
2009.02.06 14:20:27.057,0.6636,0.6638,1.00,1.10
2009.02.06 14:20:27.857,0.66366,0.66382,0.64,1.90
2009.02.06 14:20:28.496,0.66367,0.66387,1.10,1.80
2009.02.06 14:20:28.847,0.66368,0.66388,0.98,1.40
2009.02.06 14:20:28.957,0.66365,0.66391,0.72,1.80
2009.02.06 14:20:29.296,0.66373,0.66383,0.99,2.10
2009.02.06 14:20:29.886,0.66366,0.66392,0.71,1.30
2009.02.06 14:20:30.406,0.66374,0.6639,0.96,0.84
2009.02.06 14:20:30.986,0.66372,0.66398,1.50,2.40
2009.02.06 14:20:32.366,0.66374,0.664,1.40,1.50
2009.02.06 14:20:33.206,0.66375,0.66395,2.20,1.30
2009.02.06 14:20:34.305,0.66375,0.66395,0.86,0.92
2009.02.06 14:20:35.115,0.66373,0.66393,1.40,1.40
2009.02.06 14:20:35.225,0.66375,0.6639,1.30,1.50
2009.02.06 14:20:36.964,0.66373,0.66393,2.30,1.30
2009.02.06 14:20:37.134,0.66373,0.66393,1.50,1.90
2009.02.06 14:20:37.544,0.66374,0.6639,0.96,1.10
2009.02.06 14:20:38.214,0.66376,0.66386,1.40,0.69
2009.02.06 14:20:38.676,0.66376,0.66386,2.30,1.80
2009.02.06 14:20:39.164,0.66373,0.66389,1.10,1.30
2009.02.06 14:20:40.833,0.66374,0.6639,1.40,0.73
2009.02.06 14:20:41.114,0.66373,0.66389,1.30,1.30
2009.02.06 14:20:41.963,0.66376,0.66386,1.90,0.59
2009.02.06 14:20:43.153,0.66373,0.66389,0.97,0.77
2009.02.06 14:20:43.663,0.66377,0.66387,1.10,1.20
2009.02.06 14:20:45.272,0.66376,0.66392,1.00,1.70
2009.02.06 14:20:46.412,0.66371,0.66401,0.69,1.80
2009.02.06 14:20:47.732,0.66368,0.66394,1.10,0.92
2009.02.06 14:20:48.772,0.66356,0.66386,1.10,1.50
2009.02.06 14:20:49.681,0.66355,0.66369,1.20,1.30
2009.02.06 14:20:50.162,0.66349,0.66363,1.40,2.20
2009.02.06 14:20:51.951,0.66339,0.66363,0.99,1.70
2009.02.06 14:20:52.571,0.6634,0.66354,1.30,1.90
2009.02.06 14:20:53.431,0.66328,0.66358,2.20,0.98
2009.02.06 14:20:54.301,0.66336,0.66352,0.62,1.10
2009.02.06 14:20:56.580,0.6634,0.6635,1.20,1.00
2009.02.06 14:20:57.099,0.66336,0.66356,1.20,1.20
2009.02.06 14:20:57.330,0.66339,0.66349,1.10,1.00
2009.02.06 14:20:57.729,0.66331,0.66351,1.70,1.80
2009.02.06 14:20:58.069,0.66327,0.66353,1.20,1.00
2009.02.06 14:20:58.949,0.66331,0.66351,0.88,1.70
2009.02.06 14:21:00.279,0.66335,0.66351,2.30,1.10
2009.02.06 14:21:00.399,0.66334,0.66359,2.10,1.10
2009.02.06 14:21:01.858,0.66325,0.66361,1.70,1.30
2009.02.06 14:21:02.308,0.66328,0.66358,1.60,2.00
2009.02.06 14:21:02.708,0.66334,0.66359,1.40,1.70
2009.02.06 14:21:04.378,0.66325,0.66361,0.93,0.67
2009.02.06 14:21:05.049,0.66328,0.66358,0.92,1.60
2009.02.06 14:21:06.377,0.66335,0.66359,1.40,0.87
2009.02.06 14:21:08.397,0.66335,0.66361,1.10,2.00
2009.02.06 14:21:09.667,0.6634,0.6636,1.20,1.20
2009.02.06 14:21:10.446,0.66343,0.66363,1.20,0.80
2009.02.06 14:21:11.066,0.6635,0.6637,1.50,1.70
2009.02.06 14:21:11.716,0.66352,0.66378,0.66,1.10
2009.02.06 14:21:13.546,0.66353,0.66383,1.90,0.55
2009.02.06 14:21:13.986,0.66355,0.66385,0.97,1.90
2009.02.06 14:21:14.395,0.66353,0.66383,0.86,1.70
2009.02.06 14:21:14.736,0.66355,0.6638,0.79,1.10
2009.02.06 14:21:15.435,0.66358,0.66388,0.88,1.10
2009.02.06 14:21:15.895,0.66357,0.66397,1.10,1.00
2009.02.06 14:21:16.285,0.66364,0.664,0.95,2.30
2009.02.06 14:21:16.755,0.66364,0.66404,1.60,1.60
2009.02.06 14:21:17.325,0.66364,0.66404,2.30,1.30
2009.02.06 14:21:18.235,0.66363,0.66403,2.70,1.40
2009.02.06 14:21:19.074,0.6637,0.6639,1.80,0.37
2009.02.06 14:21:19.794,0.66356,0.66396,0.96,2.10
2009.02.06 14:21:20.254,0.66349,0.66393,1.20,0.93
2009.02.06 14:21:20.944,0.66348,0.66382,1.50,1.50
2009.02.06 14:21:21.564,0.66343,0.66379,1.50,0.45
2009.02.06 14:21:22.713,0.6635,0.6637,0.94,0.64
2009.02.06 14:21:24.193,0.66343,0.66379,2.00,1.00
2009.02.06 14:21:24.583,0.66344,0.66378,1.70,1.60
2009.02.06 14:21:24.703,0.66343,0.66379,1.10,1.30
2009.02.06 14:21:25.403,0.66344,0.66374,2.50,0.99
2009.02.06 14:21:26.712,0.66345,0.6637,0.69,1.20
2009.02.06 14:21:30.932,0.66344,0.66374,0.64,1.10
2009.02.06 14:21:32.811,0.66347,0.66377,1.30,0.87
2009.02.06 14:21:33.361,0.66351,0.66377,1.20,1.20
2009.02.06 14:21:34.571,0.66357,0.66373,1.50,1.50
2009.02.06 14:21:34.961,0.66357,0.66371,0.98,1.40
2009.02.06 14:21:35.410,0.66341,0.66386,1.20,1.70
2009.02.06 14:21:35.760,0.66341,0.66377,1.80,1.20
2009.02.06 14:21:36.531,0.66343,0.66369,1.30,0.93
2009.02.06 14:21:37.290,0.66344,0.66364,1.10,1.00
2009.02.06 14:21:37.850,0.66338,0.66368,2.80,0.50
2009.02.06 14:21:38.540,0.66342,0.66366,0.97,1.10
2009.02.06 14:21:38.939,0.6634,0.66366,1.60,0.97
2009.02.06 14:21:39.899,0.66335,0.6637,1.80,0.66
2009.02.06 14:21:40.629,0.66335,0.66369,1.20,1.70
2009.02.06 14:21:41.039,0.66335,0.66365,0.58,1.40
2009.02.06 14:21:42.449,0.66334,0.66364,1.00,1.60
2009.02.06 14:21:43.018,0.66338,0.66358,1.20,1.40
2009.02.06 14:21:43.758,0.66333,0.66363,2.20,0.61
2009.02.06 14:21:44.448,0.66336,0.66362,1.80,2.10
2009.02.06 14:21:46.278,0.6634,0.66364,0.93,0.71
2009.02.06 14:21:46.627,0.66351,0.66365,1.40,2.40
2009.02.06 14:21:47.547,0.66354,0.66364,1.10,1.10
2009.02.06 14:21:48.987,0.66354,0.66364,1.10,1.20
2009.02.06 14:21:49.377,0.66351,0.66361,1.60,2.30
2009.02.06 14:21:51.556,0.66342,0.66362,1.50,1.60
2009.02.06 14:21:52.236,0.66335,0.66365,1.40,0.54
2009.02.06 14:21:53.376,0.66336,0.66362,0.89,1.40
2009.02.06 14:21:53.896,0.66339,0.66359,1.50,1.10
2009.02.06 14:21:54.246,0.66336,0.66362,1.10,2.40
2009.02.06 14:21:54.856,0.66336,0.66366,1.90,1.20
2009.02.06 14:21:55.356,0.66349,0.66359,0.86,1.60
2009.02.06 14:21:55.805,0.66352,0.66362,2.40,1.40
2009.02.06 14:21:58.005,0.66355,0.66371,1.50,0.90
2009.02.06 14:22:00.284,0.66352,0.66382,0.68,1.10
2009.02.06 14:22:01.044,0.66356,0.6638,1.70,0.82
2009.02.06 14:22:02.764,0.6636,0.66376,3.00,2.00
2009.02.06 14:22:03.843,0.66355,0.6638,0.90,0.71
2009.02.06 14:22:06.033,0.66355,0.6638,0.85,1.70
2009.02.06 14:22:06.493,0.6636,0.66376,0.83,2.00
2009.02.06 14:22:07.433,0.66355,0.6638,1.50,1.00
2009.02.06 14:22:08.012,0.66353,0.66383,1.60,0.87
2009.02.06 14:22:09.622,0.66353,0.66383,1.60,2.00
2009.02.06 14:22:11.971,0.66355,0.66375,1.30,1.00
2009.02.06 14:22:12.541,0.66355,0.6637,0.61,1.70
2009.02.06 14:22:14.331,0.66353,0.66379,1.80,1.30
2009.02.06 14:22:15.121,0.66354,0.66378,1.80,2.20
2009.02.06 14:22:15.931,0.66356,0.6638,0.95,1.70
2009.02.06 14:22:22.659,0.66357,0.66383,1.90,0.96
2009.02.06 14:22:23.458,0.6637,0.6638,1.50,0.89
2009.02.06 14:22:23.978,0.66369,0.66389,2.80,1.10
2009.02.06 14:22:24.648,0.66372,0.66392,1.20,0.49
2009.02.06 14:22:24.938,0.66376,0.66392,1.80,1.70
2009.02.06 14:22:27.608,0.66372,0.66398,1.50,1.50
2009.02.06 14:22:28.048,0.66374,0.664,1.40,1.50
2009.02.06 14:22:28.688,0.66375,0.664,1.50,1.50
2009.02.06 14:22:29.197,0.66374,0.664,0.93,0.92
2009.02.06 14:22:29.527,0.66372,0.66398,0.85,1.40
2009.02.06 14:22:35.506,0.66375,0.6639,1.00,1.50
2009.02.06 14:22:39.465,0.66374,0.66394,1.20,1.60
2009.02.06 14:22:39.985,0.66371,0.66397,1.10,1.30
2009.02.06 14:22:46.273,0.66364,0.664,2.10,0.61
2009.02.06 14:22:47.233,0.66366,0.66396,0.76,2.10
2009.02.06 14:22:47.573,0.66365,0.66395,0.79,1.00
2009.02.06 14:22:48.523,0.66365,0.66395,2.10,0.86
2009.02.06 14:22:49.673,0.66367,0.66393,0.52,0.74
2009.02.06 14:22:49.962,0.66364,0.664,1.10,1.60
2009.02.06 14:22:50.192,0.66374,0.664,1.30,0.72
2009.02.06 14:22:53.662,0.66381,0.66401,1.20,1.40
2009.02.06 14:22:54.181,0.66381,0.66411,0.98,1.20
2009.02.06 14:22:54.531,0.66382,0.66418,1.00,1.50
2009.02.06 14:22:57.390,0.66381,0.66421,1.50,1.50
2009.02.06 14:22:57.860,0.66388,0.66424,2.00,0.97
2009.02.06 14:22:59.261,0.66403,0.66419,0.97,1.80
2009.02.06 14:22:59.730,0.66405,0.66421,1.30,2.10
2009.02.06 14:23:01.849,0.66404,0.6643,0.97,0.82
2009.02.06 14:23:02.129,0.66405,0.66429,1.70,2.10
2009.02.06 14:23:11.238,0.66408,0.66432,0.84,0.65
2009.02.06 14:23:11.767,0.66413,0.66437,2.00,1.40
2009.02.06 14:23:12.907,0.66416,0.6645,1.00,1.80
2009.02.06 14:23:13.307,0.66418,0.66462,1.60,0.63
2009.02.06 14:23:13.686,0.66429,0.66465,1.20,0.69
2009.02.06 14:23:14.866,0.66433,0.66467,1.10,1.40
2009.02.06 14:23:15.216,0.66436,0.6646,2.00,2.10
2009.02.06 14:23:15.626,0.66436,0.6646,1.00,1.40
2009.02.06 14:23:16.746,0.66432,0.66462,0.69,1.30
2009.02.06 14:23:17.186,0.66439,0.66465,2.50,2.70
2009.02.06 14:23:22.284,0.66449,0.66469,1.20,1.50
2009.02.06 14:23:22.804,0.66445,0.66485,2.50,1.00
2009.02.06 14:23:23.164,0.66449,0.66489,2.00,1.90
2009.02.06 14:23:23.564,0.66459,0.66485,1.40,1.20
2009.02.06 14:23:23.974,0.66459,0.66495,1.90,1.70
2009.02.06 14:23:24.704,0.6647,0.66496,1.60,1.10
2009.02.06 14:23:25.114,0.66471,0.66507,2.30,0.86
2009.02.06 14:23:25.524,0.66476,0.66512,1.60,2.40
2009.02.06 14:23:25.984,0.66482,0.66518,0.91,2.40
2009.02.06 14:23:26.563,0.66488,0.66522,2.40,0.80
2009.02.06 14:23:27.113,0.66491,0.66525,1.30,0.67
2009.02.06 14:23:27.453,0.66485,0.66525,1.00,1.30
2009.02.06 14:23:27.943,0.66486,0.66516,1.20,1.10
2009.02.06 14:23:28.463,0.66486,0.66506,0.77,0.98
2009.02.06 14:23:29.043,0.66481,0.66501,1.20,2.20
2009.02.06 14:23:29.443,0.66475,0.66489,0.90,1.10
2009.02.06 14:23:29.833,0.66459,0.66495,1.30,2.40
2009.02.06 14:23:30.462,0.66455,0.66495,0.57,1.70
2009.02.06 14:23:30.933,0.66456,0.66491,1.30,3.50
2009.02.06 14:23:31.782,0.66455,0.66485,1.00,0.71
2009.02.06 14:23:32.813,0.66452,0.66488,1.20,1.10
2009.02.06 14:23:33.412,0.66451,0.66487,1.30,1.70
2009.02.06 14:23:36.851,0.66455,0.66485,1.40,0.79
2009.02.06 14:23:37.641,0.66454,0.66484,0.61,1.70
2009.02.06 14:23:39.620,0.66456,0.6648,0.86,1.50
2009.02.06 14:23:40.140,0.66455,0.66481,2.30,1.00
2009.02.06 14:23:41.250,0.66454,0.66484,1.20,1.20
2009.02.06 14:23:46.079,0.66455,0.66485,1.50,1.50
2009.02.06 14:23:47.508,0.66455,0.66485,1.30,1.90
2009.02.06 14:23:48.009,0.66455,0.66485,2.00,2.10
2009.02.06 14:23:50.168,0.66454,0.66484,1.80,1.90
2009.02.06 14:23:51.098,0.66456,0.6648,1.20,0.72
2009.02.06 14:23:51.707,0.66455,0.66485,1.30,0.65
2009.02.06 14:23:54.407,0.66451,0.66487,1.70,1.50
2009.02.06 14:23:56.156,0.6646,0.6648,0.95,1.90
2009.02.06 14:23:56.487,0.6646,0.6648,1.60,2.10
2009.02.06 14:23:58.215,0.66462,0.66482,0.83,1.50
2009.02.06 14:23:59.136,0.66459,0.66489,1.80,2.30
2009.02.06 14:23:59.436,0.66461,0.66491,1.50,1.50
2009.02.06 14:23:59.605,0.66458,0.66498,1.70,1.40
2009.02.06 14:24:00.635,0.66456,0.66496,1.10,1.80
2009.02.06 14:24:05.184,0.66461,0.66481,1.20,2.00
2009.02.06 14:24:05.854,0.66452,0.66482,0.70,0.64
2009.02.06 14:24:06.474,0.66451,0.66481,1.00,1.30
2009.02.06 14:24:06.905,0.66454,0.66484,1.20,0.71
2009.02.06 14:24:07.293,0.66459,0.66489,1.90,2.10
2009.02.06 14:24:07.903,0.66459,0.66499,1.50,3.10
2009.02.06 14:24:08.353,0.66463,0.66503,2.10,1.70
2009.02.06 14:24:08.763,0.66477,0.66497,1.50,1.30
2009.02.06 14:24:09.443,0.66476,0.66496,1.80,1.70
2009.02.06 14:24:10.543,0.66465,0.66501,1.60,0.62
2009.02.06 14:24:11.003,0.66462,0.66502,1.40,0.55
2009.02.06 14:24:11.463,0.66461,0.66501,1.20,1.20
2009.02.06 14:24:15.222,0.66459,0.66499,1.10,0.72
2009.02.06 14:24:15.562,0.66456,0.66496,1.60,1.40
2009.02.06 14:24:15.732,0.66457,0.66483,1.80,2.60
2009.02.06 14:24:15.852,0.66456,0.6648,0.81,2.00
2009.02.06 14:24:16.302,0.66453,0.66483,0.90,1.30
2009.02.06 14:24:17.701,0.6646,0.6648,0.63,0.82
2009.02.06 14:24:19.031,0.66461,0.66486,1.50,1.00
2009.02.06 14:24:22.340,0.66463,0.66483,1.30,1.30
2009.02.06 14:24:22.910,0.66458,0.66488,1.10,0.89
2009.02.06 14:24:26.579,0.66458,0.66488,1.30,1.30
2009.02.06 14:24:27.609,0.66457,0.66487,1.50,1.10
2009.02.06 14:24:27.779,0.66457,0.66487,2.60,2.30
2009.02.06 14:24:28.988,0.66456,0.66486,1.10,1.50
2009.02.06 14:24:29.438,0.6646,0.6648,0.69,1.40
2009.02.06 14:24:29.778,0.66452,0.66488,1.70,1.30
2009.02.06 14:24:30.518,0.66458,0.66478,1.10,0.70
2009.02.06 14:24:31.038,0.6645,0.6648,1.50,1.50
2009.02.06 14:24:31.498,0.66448,0.66474,1.40,1.70
2009.02.06 14:24:33.497,0.6644,0.66474,1.50,1.70
2009.02.06 14:24:34.058,0.66441,0.66471,1.40,0.67
2009.02.06 14:24:34.677,0.6644,0.66474,0.99,0.96
2009.02.06 14:24:35.187,0.6644,0.66475,1.50,0.76
2009.02.06 14:24:36.106,0.6644,0.66475,1.80,1.40
2009.02.06 14:24:37.086,0.6644,0.66475,1.90,1.20
2009.02.06 14:24:39.906,0.66439,0.66474,0.45,0.59
2009.02.06 14:24:53.333,0.66436,0.66472,1.30,1.40
2009.02.06 14:24:54.282,0.66441,0.66461,2.10,1.10
2009.02.06 14:24:54.632,0.6643,0.6646,1.30,1.20
2009.02.06 14:24:55.042,0.66424,0.66458,3.60,1.50
2009.02.06 14:24:55.732,0.66427,0.66447,1.10,0.96
2009.02.06 14:24:56.222,0.66419,0.66445,0.98,1.30
2009.02.06 14:24:57.082,0.66415,0.66445,1.10,0.59
2009.02.06 14:24:58.171,0.66413,0.66443,2.20,1.00
2009.02.06 14:24:58.621,0.66412,0.66446,0.82,1.40
2009.02.06 14:24:59.021,0.66418,0.66442,1.80,1.20
2009.02.06 14:24:59.571,0.66421,0.66445,1.80,3.80
2009.02.06 14:25:00.161,0.6642,0.6645,1.00,1.60
2009.02.06 14:25:02.980,0.6643,0.6645,1.30,1.20
2009.02.06 14:25:04.450,0.6644,0.6645,1.90,1.60
2009.02.06 14:25:04.980,0.6643,0.66465,1.10,1.80
2009.02.06 14:25:05.389,0.66432,0.66468,1.30,1.50
2009.02.06 14:25:05.890,0.66436,0.66476,1.20,1.50
2009.02.06 14:25:06.469,0.6644,0.66476,0.82,0.61
2009.02.06 14:25:09.049,0.66447,0.66471,0.81,1.40
2009.02.06 14:25:09.449,0.66446,0.66472,0.97,1.60
2009.02.06 14:25:09.978,0.66444,0.66474,0.63,0.86
2009.02.06 14:25:11.069,0.66442,0.66472,1.40,1.20
2009.02.06 14:25:11.628,0.66444,0.66464,1.40,1.10
2009.02.06 14:25:12.088,0.66431,0.66471,1.40,1.50
2009.02.06 14:25:13.008,0.66427,0.66463,0.64,1.30
2009.02.06 14:25:14.459,0.66422,0.66452,1.30,0.64
2009.02.06 14:25:14.627,0.66408,0.66452,1.70,1.30
2009.02.06 14:25:15.827,0.66412,0.66432,1.10,1.50
2009.02.06 14:25:16.967,0.66406,0.66432,2.50,1.30
2009.02.06 14:25:17.486,0.66405,0.66435,3.10,2.10
2009.02.06 14:25:18.086,0.66406,0.66436,1.30,1.00
2009.02.06 14:25:18.476,0.66404,0.6644,2.20,1.10
2009.02.06 14:25:19.056,0.66406,0.6644,1.10,3.40
2009.02.06 14:25:20.426,0.66409,0.66439,2.70,1.60
2009.02.06 14:25:20.986,0.66411,0.66441,1.10,1.20
2009.02.06 14:25:21.785,0.66409,0.66443,0.70,1.40
2009.02.06 14:25:22.456,0.66405,0.66441,1.70,1.30
2009.02.06 14:25:23.355,0.66404,0.6643,1.40,1.00
2009.02.06 14:25:23.805,0.66407,0.66427,1.40,0.66
2009.02.06 14:25:24.555,0.66406,0.66426,1.70,1.50
2009.02.06 14:25:25.285,0.66401,0.66427,1.60,1.90
2009.02.06 14:25:25.685,0.66404,0.66418,0.86,1.10
2009.02.06 14:25:26.754,0.66401,0.66421,1.30,1.40
2009.02.06 14:25:27.265,0.664,0.66424,1.40,1.80
2009.02.06 14:25:28.964,0.66398,0.66424,0.58,1.20
2009.02.06 14:25:29.474,0.6639,0.6643,1.40,1.40
2009.02.06 14:25:30.204,0.66386,0.66428,1.40,1.30
2009.02.06 14:25:30.494,0.6639,0.6642,1.00,1.00
2009.02.06 14:25:31.733,0.66385,0.6642,1.10,1.00
2009.02.06 14:25:32.913,0.66384,0.66414,2.80,1.50
2009.02.06 14:25:33.792,0.66373,0.66409,1.10,2.30
2009.02.06 14:25:34.243,0.66368,0.66398,1.30,1.10
2009.02.06 14:25:34.872,0.66367,0.66387,1.40,1.60
2009.02.06 14:25:37.472,0.66367,0.66387,2.10,1.10
2009.02.06 14:25:39.471,0.66369,0.66389,1.80,3.70
2009.02.06 14:25:41.351,0.66366,0.66396,1.10,1.20
2009.02.06 14:25:41.811,0.66363,0.66399,2.30,0.70
2009.02.06 14:25:45.630,0.66367,0.66397,1.70,1.50
2009.02.06 14:25:45.969,0.66367,0.66403,1.70,1.10
2009.02.06 14:25:48.149,0.6638,0.66405,0.98,0.94
2009.02.06 14:25:48.849,0.66389,0.66403,1.80,1.60
2009.02.06 14:25:49.999,0.66389,0.66409,2.30,1.20
2009.02.06 14:25:50.859,0.66388,0.66412,1.70,2.60
2009.02.06 14:25:51.928,0.66394,0.66414,0.86,2.30
2009.02.06 14:25:52.488,0.66395,0.66415,1.70,1.20
2009.02.06 14:25:53.098,0.66396,0.66421,1.10,1.90
2009.02.06 14:25:53.998,0.66405,0.66421,0.91,1.70
2009.02.06 14:25:55.397,0.66403,0.66429,1.30,0.89
2009.02.06 14:25:56.287,0.66408,0.66428,1.30,1.10
2009.02.06 14:25:56.877,0.66413,0.66429,1.30,2.20
2009.02.06 14:25:57.767,0.66408,0.66432,1.20,0.89
2009.02.06 14:25:58.707,0.66411,0.66425,1.30,1.70
2009.02.06 14:25:59.147,0.66405,0.66425,1.00,1.00
2009.02.06 14:26:00.236,0.66406,0.6642,0.95,2.50
2009.02.06 14:26:02.286,0.664,0.6642,1.40,0.88
2009.02.06 14:26:04.295,0.664,0.6641,1.30,0.61
2009.02.06 14:26:04.645,0.66393,0.66407,1.70,2.10
2009.02.06 14:26:05.065,0.66385,0.66405,2.80,0.86
2009.02.06 14:26:05.525,0.66387,0.66397,1.10,0.93
2009.02.06 14:26:06.115,0.66384,0.664,2.10,1.00
2009.02.06 14:26:07.194,0.66383,0.66399,1.70,0.77
2009.02.06 14:26:08.434,0.66381,0.66407,0.75,2.00
2009.02.06 14:26:08.944,0.66391,0.66405,0.82,1.30
2009.02.06 14:26:09.645,0.66393,0.66409,0.98,1.10
2009.02.06 14:26:10.314,0.66396,0.66416,0.99,1.80
2009.02.06 14:26:10.645,0.66402,0.66422,1.00,2.60
2009.02.06 14:26:11.244,0.66415,0.66425,1.30,0.99
2009.02.06 14:26:11.574,0.66417,0.66433,1.20,0.65
2009.02.06 14:26:11.953,0.66421,0.66435,2.50,1.10
2009.02.06 14:26:13.453,0.66419,0.66439,0.84,0.94
2009.02.06 14:26:14.573,0.66419,0.66443,1.80,0.62
2009.02.06 14:26:15.463,0.6642,0.6644,1.20,2.70
2009.02.06 14:26:15.862,0.66413,0.66439,2.40,1.50
2009.02.06 14:26:16.762,0.66409,0.66433,2.10,0.89
2009.02.06 14:26:17.812,0.66404,0.66434,2.30,1.10
2009.02.06 14:26:18.911,0.66405,0.66435,0.73,0.85
2009.02.06 14:26:20.251,0.66411,0.66435,1.50,1.30
2009.02.06 14:26:20.832,0.66409,0.66439,0.78,0.74
2009.02.06 14:26:21.501,0.6641,0.6644,1.10,1.40
2009.02.06 14:26:22.221,0.66413,0.66439,2.00,0.84
2009.02.06 14:26:24.230,0.66409,0.66439,1.50,1.00
2009.02.06 14:26:24.910,0.66411,0.66435,1.40,0.62
2009.02.06 14:26:25.480,0.66407,0.66437,1.40,0.86
2009.02.06 14:26:25.760,0.66408,0.66438,0.71,0.89
2009.02.06 14:26:26.940,0.6642,0.66434,1.10,1.50
2009.02.06 14:26:27.500,0.66412,0.66442,0.86,1.90
2009.02.06 14:26:28.390,0.66413,0.66443,2.40,1.10
2009.02.06 14:26:28.899,0.66413,0.66447,3.70,0.72
2009.02.06 14:26:29.359,0.66418,0.66448,1.00,1.30
2009.02.06 14:26:29.939,0.66419,0.66449,2.20,0.86
2009.02.06 14:26:30.679,0.66417,0.66453,1.10,2.30
2009.02.06 14:26:31.518,0.66421,0.66447,1.40,1.00
2009.02.06 14:26:31.979,0.66418,0.66448,1.00,1.80
2009.02.06 14:26:32.708,0.66415,0.66449,0.97,1.40
2009.02.06 14:26:33.398,0.66416,0.66446,0.56,0.48
2009.02.06 14:26:33.968,0.66417,0.66447,1.30,1.50
2009.02.06 14:26:34.268,0.66419,0.66449,0.70,1.90
2009.02.06 14:26:34.658,0.66421,0.66451,2.50,1.50
2009.02.06 14:26:37.767,0.66425,0.66449,1.20,1.00
2009.02.06 14:26:48.265,0.66425,0.66455,0.91,1.50
2009.02.06 14:26:48.724,0.6643,0.66456,3.30,1.10
2009.02.06 14:26:49.884,0.66431,0.66461,0.71,1.50
2009.02.06 14:26:50.934,0.66443,0.66463,1.40,1.90
2009.02.06 14:26:52.084,0.66452,0.66472,0.97,1.20
2009.02.06 14:26:52.864,0.66458,0.66488,0.88,1.60
2009.02.06 14:26:54.113,0.66466,0.66492,1.20,1.80
2009.02.06 14:26:54.843,0.66465,0.66505,1.20,1.10
2009.02.06 14:26:55.883,0.66476,0.66506,1.70,0.99
2009.02.06 14:26:56.553,0.66489,0.66509,2.00,1.20
2009.02.06 14:26:56.942,0.6649,0.6652,2.20,1.50
2009.02.06 14:26:57.362,0.66491,0.66521,1.40,1.50
2009.02.06 14:26:58.722,0.6649,0.66525,1.40,2.00
2009.02.06 14:27:03.091,0.6649,0.66525,0.92,0.70
2009.02.06 14:27:03.541,0.6649,0.6652,1.10,1.40
2009.02.06 14:27:04.571,0.66487,0.66517,1.30,1.10
2009.02.06 14:27:06.130,0.66485,0.66515,1.80,0.95
2009.02.06 14:27:06.700,0.66489,0.66519,1.40,1.20
2009.02.06 14:27:07.280,0.66494,0.66524,1.10,0.82
2009.02.06 14:27:07.910,0.66502,0.66528,2.00,1.30
2009.02.06 14:27:08.140,0.66511,0.66531,1.00,1.70
2009.02.06 14:27:09.100,0.66521,0.66537,2.30,1.20
2009.02.06 14:27:10.099,0.66524,0.66548,0.69,0.97
2009.02.06 14:27:11.469,0.66528,0.66558,1.40,2.70
2009.02.06 14:27:12.159,0.66533,0.66559,1.80,1.90
2009.02.06 14:27:12.719,0.66533,0.66563,0.94,1.50
2009.02.06 14:27:13.068,0.66538,0.66558,1.20,0.73
2009.02.06 14:27:14.528,0.6654,0.6656,1.10,0.77
2009.02.06 14:27:15.388,0.66538,0.66562,0.73,1.30
2009.02.06 14:27:15.798,0.66535,0.66565,1.70,2.30
2009.02.06 14:27:16.418,0.6654,0.6656,1.10,1.30
2009.02.06 14:27:16.988,0.66533,0.66563,2.10,0.99
2009.02.06 14:27:17.368,0.66533,0.66559,0.99,0.81
2009.02.06 14:27:18.827,0.66528,0.66552,0.95,1.20
2009.02.06 14:27:19.337,0.66523,0.66549,1.20,1.00
2009.02.06 14:27:19.807,0.66526,0.66546,1.50,1.40
2009.02.06 14:27:20.247,0.66519,0.66549,2.00,2.60
2009.02.06 14:27:20.757,0.66522,0.66546,0.73,2.00
2009.02.06 14:27:21.576,0.6652,0.6655,1.10,1.50
2009.02.06 14:27:23.036,0.66526,0.6654,1.20,1.30
2009.02.06 14:27:23.546,0.66519,0.66543,1.40,0.93
2009.02.06 14:27:23.896,0.66515,0.66545,1.60,1.10
2009.02.06 14:27:35.013,0.66515,0.66545,2.60,0.72
2009.02.06 14:27:35.473,0.66517,0.66547,1.40,1.60
2009.02.06 14:27:37.783,0.66526,0.66546,0.63,0.59
2009.02.06 14:27:41.962,0.6653,0.66546,1.00,0.88
2009.02.06 14:27:42.582,0.66523,0.66549,1.00,0.95
2009.02.06 14:27:43.661,0.66525,0.66545,2.00,0.78
2009.02.06 14:27:50.910,0.66519,0.66549,1.10,1.20
2009.02.06 14:27:51.559,0.66525,0.66545,1.30,1.30
2009.02.06 14:27:54.149,0.66527,0.66553,1.60,0.93
2009.02.06 14:27:54.579,0.66535,0.66555,1.60,1.70
2009.02.06 14:27:56.868,0.66532,0.66562,1.40,0.94
2009.02.06 14:27:57.318,0.66533,0.66563,1.00,0.68
2009.02.06 14:27:58.738,0.66536,0.66562,0.79,1.00
2009.02.06 14:28:03.417,0.66534,0.66564,1.30,1.90
2009.02.06 14:28:03.936,0.66535,0.66565,1.60,1.10
2009.02.06 14:28:04.826,0.66535,0.66565,1.60,0.75
2009.02.06 14:28:06.896,0.66535,0.66565,1.70,2.30
2009.02.06 14:28:07.346,0.66535,0.66565,2.10,1.50
2009.02.06 14:28:08.025,0.66535,0.66565,1.60,1.80
2009.02.06 14:28:08.475,0.66534,0.66564,1.10,3.30
2009.02.06 14:28:09.305,0.66534,0.66568,1.40,1.70
2009.02.06 14:28:13.064,0.6654,0.6656,1.50,0.99
2009.02.06 14:28:13.584,0.66534,0.66568,0.97,1.40
2009.02.06 14:28:15.004,0.66542,0.66566,0.81,1.40
2009.02.06 14:28:15.603,0.66548,0.66568,2.10,1.50
2009.02.06 14:28:15.883,0.66549,0.66573,0.93,2.10
2009.02.06 14:28:16.743,0.6655,0.66576,0.98,2.20
2009.02.06 14:28:17.553,0.6655,0.6658,1.40,1.40
2009.02.06 14:28:18.473,0.66552,0.66582,2.40,0.89
2009.02.06 14:28:19.223,0.6655,0.6658,1.00,0.80
2009.02.06 14:28:21.582,0.66549,0.66579,1.50,0.47
2009.02.06 14:28:22.812,0.66549,0.66573,1.10,0.59
2009.02.06 14:28:23.322,0.66547,0.66567,0.93,0.77
2009.02.06 14:28:23.711,0.66546,0.66566,1.00,0.71
2009.02.06 14:28:24.731,0.66545,0.66565,1.20,1.60
2009.02.06 14:28:25.131,0.66546,0.66566,0.73,1.10
2009.02.06 14:28:25.361,0.66547,0.66567,1.80,0.80
2009.02.06 14:28:26.621,0.66548,0.66572,1.30,0.72
2009.02.06 14:28:27.151,0.66549,0.66573,1.70,1.40
2009.02.06 14:28:27.551,0.66549,0.66575,1.10,1.50
2009.02.06 14:28:27.960,0.66549,0.66573,1.60,0.90
2009.02.06 14:28:28.581,0.66549,0.66569,1.90,0.95
2009.02.06 14:28:29.160,0.66543,0.66569,1.00,2.50
2009.02.06 14:28:30.050,0.66539,0.66569,1.40,1.30
2009.02.06 14:28:30.390,0.66535,0.66561,1.20,1.10
2009.02.06 14:28:31.060,0.66535,0.66559,1.20,0.99
2009.02.06 14:28:31.470,0.66537,0.66561,0.63,1.70
2009.02.06 14:28:31.919,0.66535,0.66565,1.50,2.30
2009.02.06 14:28:32.420,0.66534,0.66564,1.10,1.30
2009.02.06 14:28:33.689,0.66543,0.66557,0.79,0.75
2009.02.06 14:28:34.239,0.66538,0.66562,1.60,0.77
2009.02.06 14:28:34.809,0.66535,0.66565,1.70,1.20
2009.02.06 14:28:35.379,0.66533,0.66563,2.90,1.60
2009.02.06 14:28:36.528,0.66535,0.66555,1.20,1.10
2009.02.06 14:28:37.688,0.6653,0.66554,1.40,1.40
2009.02.06 14:28:38.248,0.66524,0.6655,1.20,0.58
2009.02.06 14:28:39.198,0.6652,0.66544,0.89,0.78
2009.02.06 14:28:39.788,0.66517,0.66547,1.30,2.10
2009.02.06 14:28:40.247,0.66519,0.66545,1.50,1.60
2009.02.06 14:28:40.527,0.66522,0.66546,1.90,1.00
2009.02.06 14:28:41.647,0.66521,0.66555,1.40,1.40
2009.02.06 14:28:42.137,0.6653,0.66554,1.10,1.40
2009.02.06 14:28:42.587,0.66538,0.66552,2.50,2.10
2009.02.06 14:28:43.537,0.66539,0.66553,1.20,0.90
2009.02.06 14:28:44.907,0.66541,0.66557,1.50,1.50
2009.02.06 14:28:45.836,0.66541,0.66561,0.71,2.20
2009.02.06 14:28:46.407,0.66541,0.66571,0.89,1.10
2009.02.06 14:28:47.766,0.66549,0.66573,0.68,2.00
2009.02.06 14:28:48.296,0.66551,0.66577,0.78,2.00
2009.02.06 14:28:49.325,0.66552,0.66572,1.90,1.60
2009.02.06 14:28:50.176,0.66541,0.66575,1.40,1.40
2009.02.06 14:28:50.755,0.6654,0.6657,1.30,1.10
2009.02.06 14:28:52.554,0.66541,0.66565,2.40,1.00
2009.02.06 14:28:53.694,0.66541,0.66561,0.58,1.10
2009.02.06 14:28:54.234,0.66541,0.66561,1.50,2.30
2009.02.06 14:28:54.615,0.66539,0.66563,0.96,2.10
2009.02.06 14:28:55.624,0.66539,0.66565,1.80,1.40
2009.02.06 14:28:56.464,0.66542,0.66566,1.40,0.84
2009.02.06 14:28:57.054,0.66537,0.66571,0.73,2.10
2009.02.06 14:28:57.583,0.66542,0.66566,1.00,0.63
2009.02.06 14:28:58.433,0.66544,0.66564,2.30,1.40
2009.02.06 14:28:58.883,0.66545,0.66565,0.68,0.81
2009.02.06 14:28:59.413,0.66545,0.66565,1.40,0.85
2009.02.06 14:29:00.433,0.66545,0.66565,0.65,1.40
2009.02.06 14:29:00.953,0.66544,0.66564,1.80,0.93
2009.02.06 14:29:01.522,0.66542,0.66566,2.00,1.00
2009.02.06 14:29:02.042,0.66543,0.66563,0.75,1.40
2009.02.06 14:29:02.562,0.66541,0.66565,1.00,0.51
2009.02.06 14:29:03.242,0.66541,0.66567,1.70,1.10
2009.02.06 14:29:04.342,0.66539,0.66569,1.20,1.40
2009.02.06 14:29:05.192,0.66541,0.66567,1.30,1.70
2009.02.06 14:29:05.842,0.66545,0.66561,0.73,1.00
2009.02.06 14:29:06.691,0.66538,0.66564,1.20,1.20
2009.02.06 14:29:07.781,0.6654,0.6656,2.80,0.79
2009.02.06 14:29:08.351,0.66537,0.66563,1.90,3.00
2009.02.06 14:29:09.210,0.6654,0.6656,0.96,1.60
2009.02.06 14:29:09.780,0.66539,0.66563,1.20,3.10
2009.02.06 14:29:10.810,0.66539,0.66565,1.00,0.86
2009.02.06 14:29:11.750,0.6654,0.66565,0.82,1.40
2009.02.06 14:29:12.280,0.6654,0.66565,1.50,1.70
2009.02.06 14:29:13.099,0.6654,0.66565,1.30,0.91
2009.02.06 14:29:13.490,0.6654,0.66565,0.79,1.20
2009.02.06 14:29:14.121,0.6654,0.66565,1.60,0.71
2009.02.06 14:29:15.519,0.66539,0.66565,1.20,0.91
2009.02.06 14:29:16.099,0.66538,0.66562,2.10,2.00
2009.02.06 14:29:17.049,0.66534,0.66564,1.00,1.00
2009.02.06 14:29:17.848,0.66531,0.66561,1.90,0.68
2009.02.06 14:29:20.688,0.66533,0.66557,0.89,1.30
2009.02.06 14:29:21.097,0.6653,0.6656,1.00,0.91
2009.02.06 14:29:21.828,0.66533,0.66563,2.00,1.90
2009.02.06 14:29:23.527,0.66543,0.66567,1.30,1.00
2009.02.06 14:29:23.817,0.66557,0.66567,2.10,0.80
2009.02.06 14:29:24.927,0.66553,0.66583,1.20,2.50
2009.02.06 14:29:25.447,0.66555,0.66581,1.20,0.89
2009.02.06 14:29:29.056,0.6656,0.66574,1.50,1.40
2009.02.06 14:29:29.395,0.66552,0.66586,1.40,1.30
2009.02.06 14:29:29.805,0.66551,0.66586,0.98,0.77
2009.02.06 14:29:30.895,0.66552,0.66588,2.40,1.20
2009.02.06 14:29:32.945,0.66557,0.66583,2.60,2.10
2009.02.06 14:29:33.675,0.66558,0.66584,0.65,2.50
2009.02.06 14:29:34.195,0.6656,0.66585,2.30,1.30
2009.02.06 14:29:36.054,0.66552,0.66582,0.80,1.80
2009.02.06 14:29:36.514,0.66547,0.66577,0.93,1.00
2009.02.06 14:29:36.984,0.66544,0.66574,1.40,1.10
2009.02.06 14:29:37.204,0.66546,0.66576,1.00,1.10
2009.02.06 14:29:42.014,0.66549,0.66579,1.60,1.90
2009.02.06 14:29:43.232,0.66551,0.66581,2.10,1.20
2009.02.06 14:29:48.711,0.66551,0.66586,1.70,1.60
2009.02.06 14:29:49.641,0.66552,0.66582,1.10,0.80
2009.02.06 14:29:51.081,0.66553,0.66583,1.70,1.30
2009.02.06 14:29:51.940,0.66555,0.66579,1.10,1.60
2009.02.06 14:29:53.900,0.66556,0.66582,1.20,0.61
2009.02.06 14:29:54.410,0.66565,0.66581,2.50,1.00
2009.02.06 14:29:54.880,0.66567,0.66587,1.20,2.60
2009.02.06 14:29:55.400,0.66573,0.66593,1.20,1.70
2009.02.06 14:29:55.999,0.66583,0.66597,1.30,1.70
2009.02.06 14:29:56.399,0.66587,0.66611,1.50,1.10
2009.02.06 14:29:56.849,0.66595,0.66615,1.10,1.30
2009.02.06 14:29:57.739,0.66599,0.66623,1.10,0.90
2009.02.06 14:29:58.549,0.66597,0.66627,1.80,1.30
2009.02.06 14:29:59.539,0.66597,0.66623,1.50,1.20
2009.02.06 14:30:00.168,0.66591,0.66621,0.86,0.60
2009.02.06 14:30:01.018,0.66587,0.66617,1.30,3.00
2009.02.06 14:30:01.568,0.66584,0.66614,1.10,1.40
2009.02.06 14:30:02.018,0.66582,0.66612,1.40,1.40
2009.02.06 14:30:02.368,0.66583,0.66613,1.40,1.70
2009.02.06 14:30:03.198,0.66588,0.66612,1.40,1.40
2009.02.06 14:30:03.767,0.66583,0.66613,1.70,0.43
2009.02.06 14:30:04.397,0.66585,0.66605,2.40,1.30
2009.02.06 14:30:05.068,0.66582,0.66608,0.61,0.68
2009.02.06 14:30:05.717,0.6658,0.6661,0.76,1.80
2009.02.06 14:30:06.247,0.66582,0.66608,2.00,0.75
2009.02.06 14:30:06.707,0.6658,0.6661,0.97,0.98
2009.02.06 14:30:07.087,0.6658,0.6661,1.20,0.80
2009.02.06 14:30:07.487,0.66578,0.66608,1.90,0.94
2009.02.06 14:30:08.007,0.66576,0.66606,1.80,1.20
2009.02.06 14:30:08.646,0.66574,0.66604,0.66,0.92
2009.02.06 14:30:13.065,0.6657,0.66605,1.10,0.62
2009.02.06 14:30:14.135,0.66571,0.66601,0.86,0.73
2009.02.06 14:30:14.825,0.66569,0.66599,0.79,1.30
2009.02.06 14:30:15.115,0.66569,0.66599,1.90,1.70
2009.02.06 14:30:15.574,0.66568,0.66598,3.10,2.00
2009.02.06 14:30:17.004,0.66563,0.66599,1.90,0.84
2009.02.06 14:30:17.584,0.66562,0.66592,2.20,1.20
2009.02.06 14:30:18.594,0.66568,0.66584,1.10,2.60
2009.02.06 14:30:19.044,0.66561,0.66591,1.10,1.20
2009.02.06 14:30:19.953,0.66566,0.66586,2.10,1.20
2009.02.06 14:30:21.353,0.66565,0.66585,0.97,0.84
2009.02.06 14:30:21.853,0.66567,0.66587,0.90,1.60
2009.02.06 14:30:23.813,0.66563,0.66593,1.00,1.10
2009.02.06 14:30:24.482,0.66565,0.66595,1.80,1.50
2009.02.06 14:30:25.022,0.66565,0.66595,1.70,2.40
2009.02.06 14:30:25.482,0.66565,0.66595,0.84,1.30
2009.02.06 14:30:26.152,0.66567,0.66597,0.93,0.94
2009.02.06 14:30:27.002,0.66565,0.666,2.70,1.70
2009.02.06 14:30:27.402,0.66567,0.66597,1.70,1.20
2009.02.06 14:30:28.093,0.66567,0.66597,1.10,1.10
2009.02.06 14:30:29.241,0.66565,0.666,1.50,1.00
2009.02.06 14:30:29.741,0.66565,0.666,1.20,0.97
2009.02.06 14:30:35.859,0.66567,0.66597,0.94,1.40
2009.02.06 14:30:36.210,0.66567,0.66597,1.10,1.50
2009.02.06 14:30:40.009,0.66565,0.66601,1.40,1.30
2009.02.06 14:30:42.318,0.66569,0.66599,1.30,2.20
2009.02.06 14:30:43.538,0.66568,0.66598,1.30,1.30
2009.02.06 14:30:43.938,0.66573,0.66593,3.40,1.60
2009.02.06 14:30:44.388,0.66568,0.66598,0.90,1.90
2009.02.06 14:30:45.057,0.66565,0.66601,1.50,0.98
2009.02.06 14:30:45.547,0.66568,0.66598,2.30,1.60
2009.02.06 14:30:45.957,0.66565,0.66601,0.66,1.80
2009.02.06 14:30:46.657,0.66569,0.66599,0.88,1.10
2009.02.06 14:30:47.737,0.66569,0.66599,1.10,0.63
2009.02.06 14:30:48.247,0.66566,0.66602,1.60,1.30
2009.02.06 14:30:49.867,0.66567,0.66603,0.89,0.94
2009.02.06 14:30:50.326,0.66567,0.66603,0.73,1.90
2009.02.06 14:30:51.066,0.66565,0.66601,1.30,2.90
2009.02.06 14:30:51.246,0.66572,0.66592,1.70,0.50
2009.02.06 14:30:51.965,0.66575,0.66595,1.60,0.66
2009.02.06 14:30:52.355,0.66576,0.66606,1.80,0.68
2009.02.06 14:30:52.696,0.66593,0.66603,2.10,0.67
2009.02.06 14:30:53.605,0.66594,0.6661,1.30,1.80
2009.02.06 14:30:54.455,0.66591,0.66621,1.40,1.60
2009.02.06 14:30:56.155,0.66593,0.66627,1.30,1.90
