2008.12.19 17:00:00.160,0.6803,0.6807,3.20,1.20
2008.12.19 17:00:00.450,0.6803,0.6808,3.20,3.00
2008.12.19 17:00:00.620,0.6804,0.6808,1.60,1.80
2008.12.19 17:00:01.180,0.6804,0.68085,10.40,1.60
2008.12.19 17:00:01.880,0.68045,0.681,2.80,1.60
2008.12.19 17:00:02.180,0.68065,0.68115,2.80,5.60
2008.12.19 17:00:02.699,0.6807,0.68115,1.20,5.60
2008.12.19 17:00:03.279,0.6807,0.68115,2.80,5.60
2008.12.19 17:00:04.029,0.6807,0.68115,1.60,5.60
2008.12.19 17:00:04.319,0.68065,0.68115,2.80,5.60
2008.12.19 17:00:08.839,0.68055,0.681,2.80,1.20
2008.12.19 17:00:09.308,0.6805,0.68115,2.80,2.00
2008.12.19 17:00:09.898,0.6805,0.68115,1.20,3.60
2008.12.19 17:00:10.727,0.6806,0.68115,2.80,5.60
2008.12.19 17:00:11.188,0.68065,0.68115,1.20,5.60
2008.12.19 17:00:12.107,0.68075,0.68115,1.20,4.80
2008.12.19 17:00:12.797,0.6804,0.681,3.20,1.20
2008.12.19 17:00:13.157,0.6802,0.68085,1.60,1.00
2008.12.19 17:00:13.547,0.6801,0.68085,3.20,2.00
2008.12.19 17:00:13.837,0.6801,0.68075,3.40,2.00
2008.12.19 17:00:17.166,0.6801,0.6806,3.40,1.00
2008.12.19 17:00:17.466,0.6801,0.6805,2.20,1.80
2008.12.19 17:00:18.276,0.6801,0.6805,1.00,1.80
2008.12.19 17:00:18.725,0.6799,0.6804,3.20,1.20
2008.12.19 17:00:20.505,0.6799,0.68045,3.20,3.00
2008.12.19 17:00:20.955,0.6799,0.6803,4.20,1.20
2008.12.19 17:00:21.405,0.6798,0.68035,3.20,3.00
2008.12.19 17:00:21.865,0.6797,0.68035,3.40,3.20
2008.12.19 17:00:22.165,0.6797,0.6803,3.40,1.80
2008.12.19 17:00:22.515,0.6797,0.6803,1.80,1.80
2008.12.19 17:00:22.994,0.67965,0.6803,2.80,2.00
2008.12.19 17:00:23.434,0.6796,0.68015,6.60,1.80
2008.12.19 17:00:23.674,0.67955,0.6801,2.60,1.80
2008.12.19 17:00:24.234,0.6795,0.68,4.80,1.20
2008.12.19 17:00:24.624,0.6794,0.6799,1.00,1.80
2008.12.19 17:00:26.074,0.6796,0.67995,1.60,1.60
2008.12.19 17:00:26.544,0.6796,0.68,1.60,1.20
2008.12.19 17:00:28.513,0.6796,0.68,4.80,1.20
2008.12.19 17:00:33.242,0.6795,0.67995,2.80,1.00
2008.12.19 17:00:33.412,0.67915,0.6797,3.20,1.20
2008.12.19 17:00:33.772,0.67905,0.67975,1.60,3.00
2008.12.19 17:00:33.992,0.67905,0.6797,1.60,1.20
2008.12.19 17:00:34.452,0.6792,0.6796,3.20,1.20
2008.12.19 17:00:34.972,0.6792,0.67975,4.80,4.80
2008.12.19 17:00:35.301,0.6792,0.67975,4.80,3.20
2008.12.19 17:00:35.642,0.6793,0.67975,3.20,3.20
2008.12.19 17:00:35.811,0.67935,0.6798,2.60,1.60
2008.12.19 17:00:36.091,0.67935,0.6799,2.60,1.80
2008.12.19 17:00:40.350,0.67935,0.67985,2.60,1.80
2008.12.19 17:00:40.800,0.6794,0.67985,1.00,1.80
2008.12.19 17:00:41.340,0.6792,0.6798,1.60,1.80
2008.12.19 17:00:41.870,0.6791,0.6797,1.60,1.80
2008.12.19 17:00:42.380,0.67905,0.6797,5.80,1.80
2008.12.19 17:00:47.708,0.6791,0.67975,2.80,3.40
2008.12.19 17:00:48.208,0.6791,0.67975,4.40,1.80
2008.12.19 17:00:55.737,0.6791,0.6797,4.40,1.80
2008.12.19 17:00:56.436,0.6791,0.6797,2.80,1.80
2008.12.19 17:01:00.535,0.6791,0.6797,2.80,2.60
2008.12.19 17:01:00.765,0.67915,0.6797,1.60,2.60
2008.12.19 17:01:01.195,0.67935,0.6797,1.00,2.60
2008.12.19 17:01:01.365,0.6796,0.68005,1.00,4.80
2008.12.19 17:01:01.825,0.67955,0.6803,2.60,4.20
2008.12.19 17:01:02.595,0.67965,0.6803,2.60,2.60
2008.12.19 17:01:06.714,0.67965,0.6801,2.60,1.00
2008.12.19 17:01:07.094,0.67955,0.6799,1.60,1.80
2008.12.19 17:01:07.684,0.6794,0.67985,1.60,1.80
2008.12.19 17:01:07.924,0.6794,0.67975,1.60,1.80
2008.12.19 17:01:08.214,0.6794,0.6797,1.60,1.80
2008.12.19 17:01:09.723,0.6794,0.67975,1.60,3.40
2008.12.19 17:01:10.223,0.6794,0.67975,1.60,1.80
2008.12.19 17:01:12.053,0.6794,0.6797,1.60,1.80
2008.12.19 17:01:13.512,0.6794,0.67965,1.60,1.80
2008.12.19 17:01:14.082,0.67885,0.6796,1.20,3.40
2008.12.19 17:01:14.552,0.67885,0.67965,2.80,1.80
2008.12.19 17:01:15.022,0.67885,0.6796,1.20,1.80
2008.12.19 17:01:16.981,0.679,0.67965,2.80,1.80
2008.12.19 17:01:17.381,0.679,0.6796,1.20,1.80
2008.12.19 17:01:18.292,0.6789,0.67955,5.80,1.80
2008.12.19 17:01:23.020,0.67895,0.6796,2.80,1.80
2008.12.19 17:01:24.789,0.67905,0.67965,1.20,3.60
2008.12.19 17:01:25.129,0.67905,0.67965,1.20,1.80
2008.12.19 17:01:25.759,0.679,0.67965,3.60,1.80
2008.12.19 17:01:26.169,0.67905,0.6797,1.20,3.40
2008.12.19 17:01:26.610,0.67905,0.6797,2.80,1.80
2008.12.19 17:01:30.188,0.6793,0.6797,1.60,1.80
2008.12.19 17:01:30.828,0.6793,0.67975,3.20,2.80
2008.12.19 17:01:30.988,0.6793,0.6797,3.20,1.20
2008.12.19 17:01:31.868,0.6794,0.67985,3.20,3.00
2008.12.19 17:01:59.541,0.67945,0.6799,2.60,3.40
2008.12.19 17:02:00.011,0.6796,0.67995,1.60,8.00
2008.12.19 17:02:00.491,0.6797,0.6803,1.00,3.40
2008.12.19 17:02:00.771,0.6798,0.6805,1.60,3.20
2008.12.19 17:02:01.361,0.68005,0.6805,1.20,1.60
2008.12.19 17:02:01.921,0.67995,0.6804,4.00,1.60
2008.12.19 17:02:01.981,0.68005,0.6804,1.20,1.60
2008.12.19 17:02:05.929,0.68,0.6804,3.20,1.60
2008.12.19 17:02:06.110,0.68,0.6804,1.60,1.60
2008.12.19 17:02:06.670,0.68,0.6804,3.20,1.60
2008.12.19 17:02:06.959,0.68,0.6804,1.60,1.60
2008.12.19 17:02:08.489,0.68015,0.68055,1.60,3.00
2008.12.19 17:02:08.829,0.6801,0.6805,1.60,2.00
2008.12.19 17:02:09.349,0.68,0.6803,5.80,1.60
2008.12.19 17:02:09.529,0.68,0.68055,1.60,1.60
2008.12.19 17:02:09.699,0.67995,0.68065,4.00,3.00
2008.12.19 17:02:10.089,0.68,0.68065,1.60,3.00
2008.12.19 17:02:10.208,0.67995,0.68065,4.00,3.00
2008.12.19 17:02:14.108,0.67995,0.68045,2.60,1.80
2008.12.19 17:02:14.578,0.67995,0.68045,1.60,3.00
2008.12.19 17:02:17.627,0.68,0.6804,4.80,1.20
2008.12.19 17:02:20.286,0.6801,0.6804,1.20,1.20
2008.12.19 17:02:20.516,0.68015,0.68055,1.60,7.60
2008.12.19 17:02:20.736,0.68015,0.6806,4.00,3.20
2008.12.19 17:02:21.266,0.6802,0.6806,1.60,3.20
2008.12.19 17:02:21.666,0.6803,0.6806,1.60,3.20
2008.12.19 17:02:21.896,0.68025,0.6806,1.60,3.20
2008.12.19 17:02:22.366,0.68025,0.6806,4.80,3.20
2008.12.19 17:02:25.085,0.68025,0.6806,3.20,3.20
2008.12.19 17:02:25.325,0.68025,0.6806,4.80,3.20
2008.12.19 17:02:26.495,0.68025,0.6806,5.80,3.20
2008.12.19 17:02:26.675,0.6803,0.6806,3.20,3.20
2008.12.19 17:02:27.714,0.6803,0.6806,1.00,3.20
2008.12.19 17:02:30.364,0.6803,0.6804,1.00,1.60
2008.12.19 17:02:30.664,0.6802,0.6804,1.00,1.60
2008.12.19 17:02:31.023,0.6801,0.6803,3.20,1.60
2008.12.19 17:02:31.603,0.6801,0.6803,1.00,1.60
2008.12.19 17:02:34.453,0.68,0.6802,1.00,1.60
2008.12.19 17:02:34.732,0.67985,0.6802,2.60,1.60
2008.12.19 17:02:34.972,0.6799,0.6802,4.80,1.60
2008.12.19 17:02:35.833,0.68,0.6802,1.00,1.60
2008.12.19 17:02:40.511,0.6799,0.6802,1.60,1.60
2008.12.19 17:02:40.691,0.67985,0.6802,2.60,1.60
2008.12.19 17:02:41.031,0.6799,0.6802,1.00,1.60
2008.12.19 17:02:49.759,0.6799,0.68025,1.00,1.80
2008.12.19 17:02:50.109,0.6799,0.6803,1.00,1.60
2008.12.19 17:02:50.569,0.6799,0.6803,1.00,3.40
2008.12.19 17:02:50.959,0.6799,0.6803,1.00,1.80
2008.12.19 17:02:52.218,0.67955,0.68025,2.60,2.00
2008.12.19 17:02:52.638,0.6796,0.68015,1.00,3.40
2008.12.19 17:02:53.278,0.6797,0.68015,1.00,1.60
2008.12.19 17:02:53.548,0.6797,0.6802,1.00,1.80
2008.12.19 17:02:58.457,0.6797,0.68025,1.00,3.40
2008.12.19 17:02:58.747,0.67965,0.6803,2.40,3.60
2008.12.19 17:02:59.097,0.67965,0.6803,4.00,2.00
2008.12.19 17:02:59.387,0.6797,0.68025,1.00,1.80
2008.12.19 17:03:00.676,0.67965,0.6803,2.40,3.60
2008.12.19 17:03:01.187,0.67965,0.6803,4.00,3.40
2008.12.19 17:03:01.486,0.67965,0.6803,5.60,1.80
2008.12.19 17:03:01.946,0.6798,0.6803,1.00,1.80
2008.12.19 17:03:02.236,0.6798,0.68025,1.00,1.80
2008.12.19 17:03:02.936,0.6798,0.6803,1.00,3.40
2008.12.19 17:03:03.526,0.6798,0.68025,1.00,1.80
2008.12.19 17:03:03.706,0.6797,0.6802,1.00,1.80
2008.12.19 17:03:04.216,0.67965,0.6802,2.60,1.80
2008.12.19 17:03:04.736,0.6798,0.68025,1.00,1.80
2008.12.19 17:03:05.825,0.6798,0.68015,1.00,1.80
2008.12.19 17:03:06.265,0.6797,0.68015,1.00,1.80
2008.12.19 17:03:06.496,0.6798,0.6802,1.00,3.40
2008.12.19 17:03:06.855,0.6798,0.68015,1.00,1.80
2008.12.19 17:03:07.475,0.6797,0.6802,1.00,1.60
2008.12.19 17:03:07.705,0.6798,0.68015,1.00,1.60
2008.12.19 17:03:08.085,0.6798,0.6802,1.00,1.80
2008.12.19 17:03:08.375,0.6798,0.68015,1.00,1.80
2008.12.19 17:03:08.954,0.6797,0.6801,1.00,1.80
2008.12.19 17:03:09.354,0.6797,0.68015,1.00,1.60
2008.12.19 17:03:09.874,0.6797,0.68025,1.00,1.80
2008.12.19 17:03:10.624,0.6797,0.6802,1.00,1.80
2008.12.19 17:03:11.614,0.6797,0.68015,1.00,1.80
2008.12.19 17:03:12.634,0.6797,0.6801,1.00,1.80
2008.12.19 17:03:13.573,0.6797,0.68015,1.00,1.80
2008.12.19 17:03:14.533,0.6797,0.68015,1.00,3.40
2008.12.19 17:03:15.113,0.6797,0.68015,1.00,1.80
2008.12.19 17:03:15.633,0.6797,0.6801,1.00,1.80
2008.12.19 17:03:15.863,0.6797,0.68015,1.00,1.80
2008.12.19 17:03:21.391,0.6797,0.6801,1.00,1.80
2008.12.19 17:03:24.481,0.6797,0.68015,1.00,3.40
2008.12.19 17:03:25.230,0.6797,0.6801,1.00,1.80
2008.12.19 17:03:28.880,0.6797,0.68015,1.00,3.40
2008.12.19 17:03:29.400,0.6797,0.68015,1.00,1.80
2008.12.19 17:03:37.278,0.6798,0.68015,1.00,1.80
2008.12.19 17:03:38.857,0.6797,0.6801,1.00,1.80
2008.12.19 17:03:46.206,0.6797,0.6801,1.00,2.60
2008.12.19 17:03:46.555,0.6796,0.68005,1.00,1.80
2008.12.19 17:03:47.006,0.6797,0.6801,1.00,1.60
2008.12.19 17:03:47.465,0.6797,0.6801,1.00,1.80
2008.12.19 17:03:51.254,0.6797,0.68015,1.00,3.40
2008.12.19 17:03:51.954,0.6797,0.68015,1.00,1.80
2008.12.19 17:03:59.063,0.6797,0.6801,1.00,1.80
2008.12.19 17:04:00.932,0.6797,0.68005,1.00,1.80
2008.12.19 17:04:01.102,0.6796,0.68005,1.00,1.80
2008.12.19 17:04:04.401,0.6796,0.68,1.00,1.80
2008.12.19 17:04:06.650,0.6795,0.68,1.00,1.80
2008.12.19 17:04:06.930,0.6794,0.6799,1.00,1.80
2008.12.19 17:04:07.110,0.6794,0.6798,1.00,1.80
2008.12.19 17:04:07.510,0.6793,0.6798,1.00,1.80
2008.12.19 17:04:07.850,0.67915,0.67975,2.40,1.80
2008.12.19 17:04:09.650,0.67915,0.6798,2.40,3.40
2008.12.19 17:04:10.290,0.67915,0.6798,4.00,1.80
2008.12.19 17:04:10.460,0.67915,0.67975,2.40,1.80
2008.12.19 17:04:10.579,0.67915,0.6798,2.40,3.40
2008.12.19 17:04:10.929,0.6797,0.6798,1.60,1.60
2008.12.19 17:04:10.990,0.6797,0.68025,2.60,4.80
2008.12.19 17:04:11.220,0.6797,0.6804,2.60,6.80
2008.12.19 17:04:14.578,0.67985,0.6803,2.60,2.40
2008.12.19 17:04:14.799,0.6797,0.6801,1.60,1.80
2008.12.19 17:04:15.128,0.6797,0.6801,1.00,1.80
2008.12.19 17:04:15.289,0.6797,0.68005,1.00,1.80
2008.12.19 17:04:23.596,0.6797,0.68005,1.00,2.00
2008.12.19 17:04:23.716,0.6797,0.6799,1.00,1.80
2008.12.19 17:04:23.996,0.67915,0.6797,9.20,3.20
2008.12.19 17:04:24.576,0.6792,0.6796,1.60,1.80
2008.12.19 17:04:25.106,0.67895,0.6794,8.00,1.80
2008.12.19 17:04:25.556,0.6789,0.67935,3.20,3.00
2008.12.19 17:04:26.546,0.679,0.6793,3.20,1.20
2008.12.19 17:04:26.846,0.679,0.67935,3.20,3.00
2008.12.19 17:04:29.215,0.679,0.6793,3.20,1.80
2008.12.19 17:04:30.055,0.679,0.6793,3.20,2.60
2008.12.19 17:04:31.155,0.679,0.6793,3.20,1.80
2008.12.19 17:04:31.555,0.679,0.6793,3.20,2.60
2008.12.19 17:04:31.795,0.67855,0.67915,1.00,1.80
2008.12.19 17:04:32.214,0.6784,0.6791,4.20,1.80
2008.12.19 17:04:32.514,0.6784,0.67915,4.20,1.60
2008.12.19 17:04:32.814,0.6785,0.67905,5.80,1.80
2008.12.19 17:04:33.144,0.6785,0.6791,5.80,3.40
2008.12.19 17:04:33.304,0.6785,0.6791,5.80,1.80
2008.12.19 17:04:33.724,0.6785,0.67905,4.80,1.80
2008.12.19 17:04:33.964,0.6785,0.67905,2.20,1.80
2008.12.19 17:04:34.194,0.6785,0.67905,1.00,3.00
2008.12.19 17:04:34.424,0.6785,0.67895,1.00,1.60
2008.12.19 17:04:35.004,0.6785,0.679,1.00,1.80
2008.12.19 17:04:35.184,0.6785,0.67905,1.00,4.60
2008.12.19 17:04:35.764,0.67845,0.67905,1.60,4.80
2008.12.19 17:04:35.883,0.6784,0.6789,4.80,1.80
2008.12.19 17:04:36.353,0.6784,0.67895,4.80,3.40
2008.12.19 17:04:36.583,0.6784,0.679,4.00,1.80
2008.12.19 17:04:36.993,0.6784,0.679,4.20,1.80
2008.12.19 17:04:41.982,0.67845,0.67905,1.60,3.00
2008.12.19 17:04:42.432,0.67845,0.67905,2.60,3.00
2008.12.19 17:04:43.312,0.6785,0.67905,1.60,3.00
2008.12.19 17:04:43.722,0.6785,0.6791,1.60,3.40
2008.12.19 17:04:44.232,0.6785,0.67905,1.60,1.80
2008.12.19 17:04:44.581,0.6785,0.67905,1.60,3.00
2008.12.19 17:04:45.731,0.67855,0.679,1.60,1.20
2008.12.19 17:04:46.121,0.67855,0.6791,2.60,1.80
2008.12.19 17:04:46.411,0.6786,0.6791,1.00,1.80
2008.12.19 17:04:46.871,0.6785,0.67905,1.60,3.00
2008.12.19 17:04:48.700,0.67855,0.679,1.60,1.20
2008.12.19 17:04:49.290,0.67855,0.6791,2.60,1.80
2008.12.19 17:04:50.570,0.67865,0.6791,1.00,1.80
2008.12.19 17:04:51.320,0.6787,0.6791,1.20,1.20
2008.12.19 17:04:52.069,0.6787,0.67945,2.80,3.00
2008.12.19 17:04:52.639,0.6788,0.67945,1.60,3.00
2008.12.19 17:05:00.587,0.6787,0.6791,1.80,3.00
2008.12.19 17:05:00.977,0.6787,0.67915,1.00,1.60
2008.12.19 17:05:02.457,0.6787,0.6791,1.00,1.60
2008.12.19 17:05:02.867,0.67855,0.6791,5.80,1.60
2008.12.19 17:05:03.337,0.67855,0.6791,4.60,1.60
2008.12.19 17:05:03.857,0.6785,0.6791,5.80,1.60
2008.12.19 17:05:04.727,0.6785,0.67905,1.60,1.80
2008.12.19 17:05:05.177,0.6784,0.67905,8.20,1.80
2008.12.19 17:05:05.536,0.6784,0.67905,7.80,1.80
2008.12.19 17:05:05.926,0.6784,0.67895,2.00,1.80
2008.12.19 17:05:06.326,0.6784,0.67895,1.00,1.80
2008.12.19 17:05:06.746,0.6784,0.679,6.60,1.60
2008.12.19 17:05:06.866,0.6784,0.67905,8.20,1.80
2008.12.19 17:05:07.206,0.6784,0.67905,7.80,1.80
2008.12.19 17:05:07.316,0.6784,0.67895,1.80,1.80
2008.12.19 17:05:07.916,0.6784,0.67895,1.00,1.80
2008.12.19 17:05:09.016,0.67835,0.67895,1.20,1.80
2008.12.19 17:05:09.525,0.6785,0.67895,4.80,1.60
2008.12.19 17:05:10.055,0.6785,0.679,6.40,4.80
2008.12.19 17:05:10.295,0.6785,0.67935,9.20,1.80
2008.12.19 17:05:10.635,0.6787,0.67935,4.80,1.80
2008.12.19 17:05:10.985,0.6787,0.6794,4.80,5.20
2008.12.19 17:05:11.155,0.6787,0.6794,6.40,3.40
2008.12.19 17:05:11.485,0.6787,0.6793,1.60,1.80
2008.12.19 17:05:11.665,0.6787,0.6793,2.60,1.80
2008.12.19 17:05:11.895,0.6789,0.67935,6.40,3.40
2008.12.19 17:05:12.065,0.6789,0.67935,6.40,1.80
2008.12.19 17:05:12.305,0.6789,0.6795,4.80,3.40
2008.12.19 17:05:12.835,0.6791,0.67965,4.80,11.40
2008.12.19 17:05:13.005,0.6791,0.67965,4.80,3.40
2008.12.19 17:05:13.244,0.6791,0.67965,5.80,1.80
2008.12.19 17:05:13.524,0.6792,0.6797,1.20,1.60
2008.12.19 17:05:13.755,0.6792,0.6798,1.20,1.80
2008.12.19 17:05:15.864,0.67925,0.67985,1.20,1.80
2008.12.19 17:05:16.354,0.67925,0.6799,1.20,3.40
2008.12.19 17:05:16.834,0.6792,0.6798,1.20,1.80
2008.12.19 17:05:17.284,0.67925,0.67985,1.20,3.00
2008.12.19 17:05:17.573,0.6791,0.67965,1.60,1.80
2008.12.19 17:05:18.273,0.6789,0.6795,1.60,1.80
2008.12.19 17:05:18.573,0.67875,0.67945,1.60,2.00
2008.12.19 17:05:19.133,0.6787,0.6792,8.00,1.80
2008.12.19 17:05:19.723,0.6786,0.6792,3.40,1.80
2008.12.19 17:05:20.013,0.6787,0.67945,2.80,1.80
2008.12.19 17:05:21.163,0.6787,0.6793,2.80,1.00
2008.12.19 17:05:21.572,0.6787,0.67935,3.20,1.80
2008.12.19 17:05:22.312,0.67875,0.6794,1.20,3.40
2008.12.19 17:05:22.752,0.67875,0.6794,2.80,1.80
2008.12.19 17:05:26.541,0.67875,0.6793,2.80,1.00
2008.12.19 17:05:27.011,0.67875,0.6791,8.00,1.80
2008.12.19 17:05:27.071,0.6786,0.6791,11.00,1.80
2008.12.19 17:05:27.181,0.6787,0.6793,2.80,1.60
2008.12.19 17:05:30.710,0.6787,0.67925,1.60,1.80
2008.12.19 17:05:31.261,0.6786,0.67925,2.80,1.80
2008.12.19 17:05:31.670,0.67855,0.67905,1.60,1.80
2008.12.19 17:05:32.170,0.6784,0.67905,5.80,1.80
2008.12.19 17:05:36.999,0.67845,0.6791,1.20,3.40
2008.12.19 17:05:37.619,0.67845,0.67905,1.60,1.80
2008.12.19 17:05:37.959,0.6785,0.6791,1.20,1.60
2008.12.19 17:05:38.348,0.6785,0.67915,2.80,1.80
2008.12.19 17:05:38.638,0.67855,0.6791,1.60,1.80
2008.12.19 17:05:39.078,0.67865,0.67925,2.80,8.00
2008.12.19 17:05:39.358,0.6787,0.6793,1.20,1.60
2008.12.19 17:05:39.758,0.67885,0.6793,1.20,1.60
2008.12.19 17:05:39.988,0.6789,0.6795,4.00,1.80
2008.12.19 17:05:48.466,0.67885,0.6795,4.00,1.80
2008.12.19 17:05:48.826,0.67885,0.6793,1.60,1.20
2008.12.19 17:05:49.056,0.6785,0.6792,1.60,1.80
2008.12.19 17:05:49.406,0.6785,0.6791,1.60,1.20
2008.12.19 17:05:50.036,0.6785,0.67905,1.60,1.80
2008.12.19 17:05:50.486,0.6786,0.67905,4.60,1.80
2008.12.19 17:05:51.006,0.6787,0.6791,1.20,1.60
2008.12.19 17:05:51.425,0.67865,0.67925,1.60,1.80
2008.12.19 17:05:52.055,0.6787,0.67935,2.80,1.80
2008.12.19 17:05:57.034,0.6787,0.67925,1.60,1.80
2008.12.19 17:05:57.534,0.6786,0.67925,7.40,1.80
2008.12.19 17:05:57.834,0.6786,0.6792,4.40,1.60
2008.12.19 17:05:58.353,0.6786,0.67925,6.00,1.80
2008.12.19 17:06:00.443,0.6787,0.67925,1.00,1.80
2008.12.19 17:06:04.852,0.6787,0.67925,1.60,1.80
2008.12.19 17:06:05.252,0.6787,0.6793,2.00,3.40
2008.12.19 17:06:05.732,0.6787,0.6793,2.00,1.80
2008.12.19 17:06:08.431,0.67885,0.6793,1.60,1.20
2008.12.19 17:06:08.851,0.67885,0.67945,2.60,3.00
2008.12.19 17:06:09.031,0.6789,0.67945,1.00,3.20
2008.12.19 17:06:09.211,0.6789,0.6794,1.00,1.80
2008.12.19 17:06:09.621,0.6789,0.67945,1.60,2.80
2008.12.19 17:06:09.851,0.6789,0.6794,1.60,1.20
2008.12.19 17:06:10.321,0.679,0.6794,3.20,1.20
2008.12.19 17:06:10.591,0.679,0.6795,3.20,3.00
2008.12.19 17:06:12.650,0.6791,0.6795,1.00,3.00
2008.12.19 17:06:13.400,0.6791,0.6796,1.00,1.80
2008.12.19 17:06:13.980,0.6791,0.67965,3.20,3.00
2008.12.19 17:06:14.550,0.6791,0.67965,3.80,3.00
2008.12.19 17:06:15.550,0.6792,0.6796,3.20,1.20
2008.12.19 17:06:16.010,0.6792,0.6797,3.20,3.00
2008.12.19 17:06:17.299,0.6792,0.6797,3.40,3.00
2008.12.19 17:06:17.719,0.6792,0.6797,3.20,3.00
2008.12.19 17:06:20.228,0.6793,0.6797,1.60,3.00
2008.12.19 17:06:20.678,0.6795,0.6801,1.60,3.40
2008.12.19 17:06:21.088,0.6795,0.68015,1.60,3.00
2008.12.19 17:06:22.498,0.6796,0.68005,1.60,3.00
2008.12.19 17:06:22.958,0.6796,0.68,1.60,1.20
2008.12.19 17:06:23.358,0.67945,0.68,2.80,1.20
2008.12.19 17:06:23.717,0.6796,0.68,1.60,1.20
2008.12.19 17:06:24.407,0.6796,0.6801,1.60,1.80
2008.12.19 17:06:25.217,0.6797,0.68015,1.60,4.80
2008.12.19 17:06:25.787,0.6797,0.68015,1.60,3.20
2008.12.19 17:06:29.166,0.6796,0.6801,1.60,1.80
2008.12.19 17:06:41.013,0.6796,0.68005,1.00,1.80
2008.12.19 17:06:41.453,0.67945,0.68005,1.60,3.00
2008.12.19 17:06:41.853,0.6794,0.68,2.80,2.00
2008.12.19 17:06:41.913,0.6794,0.67985,1.60,1.80
2008.12.19 17:06:42.313,0.6792,0.6798,2.80,1.80
2008.12.19 17:06:42.983,0.6792,0.6798,1.20,2.00
2008.12.19 17:06:43.163,0.67905,0.67965,2.80,1.80
2008.12.19 17:06:43.513,0.679,0.6796,2.80,1.80
2008.12.19 17:06:43.863,0.679,0.6796,9.20,1.80
2008.12.19 17:06:44.203,0.67895,0.67955,2.80,1.80
2008.12.19 17:06:44.932,0.67895,0.67955,1.20,1.80
2008.12.19 17:06:45.912,0.67905,0.6796,1.20,1.60
2008.12.19 17:06:46.322,0.67905,0.67965,1.20,1.80
2008.12.19 17:06:46.822,0.6792,0.6797,1.20,1.60
2008.12.19 17:06:47.002,0.6792,0.6798,1.20,1.80
2008.12.19 17:06:49.822,0.6793,0.6798,1.00,1.80
2008.12.19 17:06:50.231,0.6794,0.68,1.20,1.80
2008.12.19 17:06:50.581,0.67935,0.6799,1.60,1.80
2008.12.19 17:06:50.941,0.6793,0.6799,1.80,1.80
2008.12.19 17:06:51.751,0.6793,0.6799,1.60,1.80
2008.12.19 17:06:54.780,0.6793,0.6799,1.20,1.80
2008.12.19 17:06:55.420,0.67925,0.67985,2.80,1.80
2008.12.19 17:06:55.660,0.67915,0.67975,1.20,1.80
2008.12.19 17:07:03.738,0.679,0.67955,1.40,1.80
2008.12.19 17:07:04.088,0.67895,0.67955,4.00,1.80
2008.12.19 17:07:04.268,0.67895,0.67955,4.00,3.00
2008.12.19 17:07:09.007,0.6789,0.6795,3.20,1.80
2008.12.19 17:07:09.356,0.67885,0.6794,1.60,1.80
2008.12.19 17:07:09.757,0.67875,0.67935,1.60,1.80
2008.12.19 17:07:09.986,0.6787,0.67935,6.20,1.80
2008.12.19 17:07:11.586,0.6787,0.67935,5.80,1.80
2008.12.19 17:07:11.986,0.6787,0.67925,1.60,1.80
2008.12.19 17:07:12.806,0.6787,0.67925,1.00,1.80
2008.12.19 17:07:17.065,0.6787,0.6792,1.60,1.80
2008.12.19 17:07:17.285,0.6787,0.67925,1.60,1.60
2008.12.19 17:07:17.514,0.6787,0.67925,2.00,1.80
2008.12.19 17:07:17.775,0.6787,0.67925,1.60,1.80
2008.12.19 17:07:18.194,0.6787,0.67935,3.20,1.80
2008.12.19 17:07:19.014,0.6787,0.67935,3.40,1.80
2008.12.19 17:07:19.764,0.6789,0.67945,1.00,1.80
2008.12.19 17:07:20.304,0.6789,0.67935,1.00,1.80
2008.12.19 17:07:20.644,0.6789,0.67945,1.00,1.80
2008.12.19 17:07:22.253,0.6788,0.67945,4.80,1.80
2008.12.19 17:07:23.243,0.6788,0.6794,4.80,1.00
2008.12.19 17:07:23.633,0.6787,0.6792,3.20,1.80
2008.12.19 17:07:24.253,0.6787,0.67915,1.00,3.00
2008.12.19 17:07:25.193,0.6787,0.67915,1.40,3.00
2008.12.19 17:07:25.643,0.6787,0.6791,1.40,1.80
2008.12.19 17:07:26.352,0.67865,0.67915,2.40,1.60
2008.12.19 17:07:26.462,0.6788,0.67915,1.60,8.00
2008.12.19 17:07:26.732,0.6788,0.67935,2.80,1.60
2008.12.19 17:07:26.962,0.6788,0.67945,1.20,3.40
2008.12.19 17:07:27.242,0.6788,0.67945,2.80,3.40
2008.12.19 17:07:27.462,0.6788,0.67945,4.40,1.80
2008.12.19 17:07:27.632,0.6789,0.6794,1.00,1.80
2008.12.19 17:07:28.272,0.6789,0.67945,1.00,1.80
2008.12.19 17:07:28.942,0.6789,0.67945,1.00,1.80
2008.12.19 17:07:29.361,0.679,0.6795,1.60,1.60
2008.12.19 17:07:29.702,0.67895,0.6795,1.20,1.60
2008.12.19 17:07:30.101,0.67895,0.67955,1.20,3.00
2008.12.19 17:07:30.561,0.679,0.67955,1.80,3.00
2008.12.19 17:07:30.851,0.679,0.67955,2.00,3.00
2008.12.19 17:07:34.380,0.679,0.6795,3.80,1.80
2008.12.19 17:07:34.961,0.6792,0.6795,1.60,1.60
2008.12.19 17:07:35.300,0.6791,0.67965,2.40,1.80
2008.12.19 17:07:36.060,0.6793,0.67965,1.60,1.80
2008.12.19 17:07:36.510,0.6795,0.6801,1.00,1.80
2008.12.19 17:07:36.970,0.6795,0.68015,1.00,4.80
2008.12.19 17:07:37.200,0.6796,0.68015,1.00,3.00
2008.12.19 17:07:38.000,0.6796,0.67985,1.00,1.80
2008.12.19 17:07:38.400,0.6795,0.67985,1.00,1.80
2008.12.19 17:07:38.810,0.6793,0.6798,3.20,1.80
2008.12.19 17:07:39.099,0.6793,0.6797,3.20,1.20
2008.12.19 17:07:39.439,0.67925,0.6797,1.60,1.20
2008.12.19 17:07:39.669,0.6793,0.6798,3.20,1.80
2008.12.19 17:07:46.827,0.67935,0.6798,1.00,1.80
2008.12.19 17:07:47.367,0.67955,0.6798,2.60,1.80
2008.12.19 17:07:47.829,0.6793,0.6799,1.60,1.80
2008.12.19 17:07:48.427,0.6793,0.6798,1.60,1.80
2008.12.19 17:07:48.967,0.6794,0.6799,1.60,1.80
2008.12.19 17:08:00.864,0.6794,0.67975,1.60,1.80
2008.12.19 17:08:00.975,0.67925,0.67975,8.00,1.80
2008.12.19 17:08:01.384,0.6791,0.6796,3.20,1.20
2008.12.19 17:08:01.444,0.67895,0.6795,6.40,1.80
2008.12.19 17:08:01.834,0.6788,0.67955,4.20,3.40
2008.12.19 17:08:01.894,0.6788,0.67945,5.80,1.80
2008.12.19 17:08:02.364,0.6788,0.67945,7.40,1.80
2008.12.19 17:08:02.784,0.67915,0.6795,1.20,1.60
2008.12.19 17:08:03.263,0.67915,0.68005,1.20,1.80
2008.12.19 17:08:04.703,0.6794,0.67995,2.80,1.60
2008.12.19 17:08:05.153,0.6794,0.68,2.80,1.80
2008.12.19 17:08:10.222,0.67965,0.6802,2.00,3.00
2008.12.19 17:08:12.891,0.6798,0.6802,1.60,3.00
2008.12.19 17:08:15.950,0.67965,0.68015,1.00,1.80
2008.12.19 17:08:16.310,0.67965,0.6801,1.60,1.80
2008.12.19 17:08:16.830,0.6797,0.6801,3.20,1.20
2008.12.19 17:08:17.350,0.67955,0.6801,4.20,1.80
2008.12.19 17:08:17.820,0.67975,0.6801,4.60,1.80
2008.12.19 17:08:18.410,0.67985,0.68065,2.80,1.80
2008.12.19 17:08:21.329,0.67985,0.68045,1.60,1.80
2008.12.19 17:08:21.739,0.6798,0.6804,1.60,1.80
2008.12.19 17:08:21.969,0.67975,0.6804,2.80,1.80
2008.12.19 17:08:22.839,0.67975,0.68035,1.60,1.80
2008.12.19 17:08:23.009,0.6799,0.68035,1.00,1.80
2008.12.19 17:08:24.038,0.68,0.6804,1.00,1.60
2008.12.19 17:08:24.369,0.68,0.68045,1.00,1.80
2008.12.19 17:08:24.598,0.68,0.6805,1.00,1.80
2008.12.19 17:08:30.517,0.6801,0.6805,1.00,1.80
2008.12.19 17:08:30.817,0.6801,0.6805,1.00,1.80
2008.12.19 17:08:30.877,0.68,0.6805,1.00,1.80
2008.12.19 17:08:34.736,0.6799,0.6805,1.00,1.80
2008.12.19 17:08:35.216,0.67985,0.6805,2.80,1.80
2008.12.19 17:08:38.525,0.68,0.6805,1.00,1.80
2008.12.19 17:08:39.225,0.68,0.68045,1.00,1.80
2008.12.19 17:08:41.514,0.68,0.68045,1.00,1.80
2008.12.19 17:08:41.954,0.68,0.68045,1.00,1.80
2008.12.19 17:08:42.704,0.68,0.68045,1.00,1.80
2008.12.19 17:08:43.684,0.68,0.68055,2.40,3.00
2008.12.19 17:08:44.484,0.68,0.6806,3.60,4.20
2008.12.19 17:08:44.763,0.68,0.6806,2.80,2.60
2008.12.19 17:08:46.723,0.67995,0.68055,1.20,2.60
2008.12.19 17:08:47.243,0.6799,0.68045,1.60,1.80
2008.12.19 17:08:47.643,0.67985,0.68045,7.00,1.80
2008.12.19 17:08:49.043,0.67985,0.68045,1.20,1.80
2008.12.19 17:08:49.383,0.6798,0.68035,4.60,1.80
2008.12.19 17:08:50.093,0.6797,0.68025,4.20,1.80
2008.12.19 17:08:52.162,0.6797,0.68025,3.80,1.80
2008.12.19 17:08:52.572,0.6798,0.68045,4.40,9.80
2008.12.19 17:08:52.742,0.6798,0.68045,4.40,1.80
2008.12.19 17:08:53.591,0.68,0.68045,1.00,1.80
2008.12.19 17:08:57.020,0.6801,0.6805,1.00,3.40
2008.12.19 17:08:57.531,0.68,0.68055,1.00,2.60
2008.12.19 17:09:05.318,0.68,0.68055,1.00,2.60
2008.12.19 17:09:13.677,0.67995,0.68055,1.20,2.60
2008.12.19 17:09:14.636,0.6799,0.6805,1.60,1.80
2008.12.19 17:09:15.087,0.67985,0.68045,1.60,1.80
2008.12.19 17:09:15.446,0.6798,0.68045,7.80,1.80
2008.12.19 17:09:16.736,0.6799,0.68045,1.00,1.80
2008.12.19 17:09:23.864,0.6798,0.68045,7.40,1.80
2008.12.19 17:09:29.003,0.6798,0.68035,3.20,1.80
2008.12.19 17:09:29.643,0.6798,0.68035,1.60,1.80
2008.12.19 17:09:31.772,0.6797,0.68015,1.60,1.80
2008.12.19 17:09:32.362,0.6795,0.68015,2.80,2.00
2008.12.19 17:09:32.752,0.6794,0.68,2.40,1.80
2008.12.19 17:09:32.812,0.6794,0.67985,1.20,1.00
2008.12.19 17:09:33.622,0.67935,0.67985,1.60,1.00
2008.12.19 17:09:34.131,0.67895,0.6796,1.60,1.80
2008.12.19 17:09:34.531,0.6788,0.6796,1.00,1.80
2008.12.19 17:09:35.111,0.67885,0.67965,1.20,1.80
2008.12.19 17:09:35.671,0.6789,0.6794,1.00,1.80
2008.12.19 17:09:39.150,0.6789,0.6794,1.00,1.80
2008.12.19 17:09:39.430,0.6789,0.6794,1.00,1.80
2008.12.19 17:09:39.590,0.6789,0.67945,1.00,1.80
2008.12.19 17:09:45.639,0.6789,0.6795,1.00,3.40
2008.12.19 17:09:46.049,0.6789,0.67945,1.00,1.80
2008.12.19 17:09:46.808,0.6791,0.6795,1.00,1.60
2008.12.19 17:09:47.158,0.6791,0.67955,1.20,1.00
2008.12.19 17:09:47.499,0.6791,0.6796,1.00,9.80
2008.12.19 17:09:48.068,0.6792,0.67965,1.00,1.60
2008.12.19 17:09:48.568,0.6792,0.6797,1.00,2.00
2008.12.19 17:09:48.918,0.6791,0.67965,1.20,1.00
2008.12.19 17:09:49.308,0.67905,0.67955,1.60,1.80
2008.12.19 17:09:49.708,0.679,0.6796,1.60,1.80
2008.12.19 17:09:53.037,0.679,0.6796,1.60,1.80
2008.12.19 17:09:53.557,0.679,0.6796,1.20,1.80
2008.12.19 17:09:53.907,0.67895,0.67955,2.80,1.80
2008.12.19 17:09:54.117,0.6788,0.67935,3.40,1.80
2008.12.19 17:09:54.747,0.6788,0.67935,3.00,1.80
2008.12.19 17:09:55.506,0.6788,0.6793,3.00,1.80
2008.12.19 17:09:57.216,0.6789,0.6793,1.00,1.80
2008.12.19 17:10:03.804,0.6789,0.67945,1.60,1.60
2008.12.19 17:10:04.534,0.679,0.67955,1.00,1.80
2008.12.19 17:10:05.044,0.679,0.67965,3.20,2.00
2008.12.19 17:10:05.554,0.679,0.67965,3.20,1.80
2008.12.19 17:10:06.034,0.6791,0.6797,1.60,2.00
2008.12.19 17:10:06.324,0.6793,0.67975,1.00,1.60
2008.12.19 17:10:06.954,0.6793,0.67985,6.00,2.00
2008.12.19 17:10:07.524,0.6793,0.6798,2.80,1.20
2008.12.19 17:10:07.814,0.67925,0.67985,4.00,3.00
2008.12.19 17:10:09.033,0.6792,0.6798,3.20,1.80
2008.12.19 17:10:09.473,0.6792,0.6798,1.60,1.80
2008.12.19 17:10:17.381,0.6792,0.6798,2.40,1.80
2008.12.19 17:10:28.268,0.6794,0.67995,1.00,11.00
2008.12.19 17:10:28.729,0.6794,0.67995,1.00,3.00
2008.12.19 17:10:29.908,0.6794,0.67995,1.00,3.00
2008.12.19 17:10:30.238,0.6794,0.67995,3.60,3.00
2008.12.19 17:10:32.251,0.6795,0.67995,1.00,3.00
2008.12.19 17:10:33.617,0.6794,0.67995,3.60,3.00
2008.12.19 17:10:34.307,0.6795,0.67995,1.00,3.00
2008.12.19 17:10:34.607,0.6794,0.67995,3.60,3.00
2008.12.19 17:10:38.216,0.6794,0.6798,3.20,1.20
2008.12.19 17:10:38.546,0.67935,0.6798,1.20,1.20
2008.12.19 17:10:38.786,0.67925,0.67975,1.20,1.00
2008.12.19 17:10:39.196,0.6792,0.6798,4.80,2.60
2008.12.19 17:10:39.867,0.6792,0.6798,3.20,1.80
2008.12.19 17:10:46.024,0.6792,0.6797,2.80,1.00
2008.12.19 17:10:46.434,0.6792,0.6798,1.80,1.80
2008.12.19 17:10:46.724,0.6792,0.67975,1.00,1.80
2008.12.19 17:10:47.964,0.6793,0.67975,1.00,1.80
2008.12.19 17:10:48.434,0.6792,0.6798,1.60,3.40
2008.12.19 17:10:48.793,0.6792,0.6798,1.60,1.80
2008.12.19 17:10:49.424,0.6793,0.6798,1.00,1.80
2008.12.19 17:10:50.313,0.6792,0.6798,1.60,1.80
2008.12.19 17:10:52.883,0.6794,0.67985,3.60,2.80
2008.12.19 17:10:53.213,0.67955,0.67985,1.60,2.80
2008.12.19 17:10:53.793,0.6796,0.68045,7.80,1.80
2008.12.19 17:10:54.133,0.6797,0.6803,1.60,1.80
2008.12.19 17:10:54.672,0.6798,0.6805,2.80,1.60
2008.12.19 17:10:57.532,0.6798,0.6804,3.20,1.60
2008.12.19 17:10:58.771,0.6798,0.68045,3.20,1.80
2008.12.19 17:10:59.241,0.67985,0.6805,9.20,3.40
2008.12.19 17:10:59.411,0.67985,0.6805,2.80,1.80
2008.12.19 17:11:01.050,0.67985,0.6805,4.40,1.80
2008.12.19 17:11:01.170,0.68,0.6805,1.00,1.80
2008.12.19 17:11:01.221,0.68,0.68055,1.00,3.60
2008.12.19 17:11:01.611,0.68,0.68055,1.00,1.80
2008.12.19 17:11:03.470,0.68,0.68055,1.00,1.80
2008.12.19 17:11:11.188,0.67995,0.68055,1.20,1.80
2008.12.19 17:11:11.538,0.6799,0.6805,9.60,1.80
2008.12.19 17:11:11.658,0.6799,0.6805,1.60,1.80
2008.12.19 17:11:13.567,0.67985,0.6805,5.60,1.80
2008.12.19 17:11:14.027,0.67985,0.6805,2.80,1.80
2008.12.19 17:11:14.547,0.6798,0.68045,4.80,1.80
2008.12.19 17:11:15.177,0.6799,0.68045,1.00,1.80
2008.12.19 17:11:15.517,0.68,0.6805,1.00,1.80
2008.12.19 17:11:17.857,0.68,0.68035,1.00,1.00
2008.12.19 17:11:17.916,0.68,0.6802,1.00,1.80
2008.12.19 17:11:18.027,0.68,0.6801,1.00,1.20
2008.12.19 17:11:18.256,0.67985,0.6801,1.60,1.20
2008.12.19 17:11:18.366,0.6797,0.6801,8.00,1.20
2008.12.19 17:11:18.527,0.6797,0.68015,8.00,3.00
2008.12.19 17:11:19.056,0.6797,0.6801,4.80,1.80
2008.12.19 17:11:22.046,0.6797,0.68015,3.80,2.80
2008.12.19 17:11:22.225,0.6797,0.6801,3.80,1.20
2008.12.19 17:11:23.345,0.6797,0.68015,3.80,3.00
2008.12.19 17:11:24.405,0.67975,0.6802,1.60,8.00
2008.12.19 17:11:24.935,0.6797,0.68035,7.20,1.80
2008.12.19 17:11:25.405,0.6798,0.6804,1.20,1.00
2008.12.19 17:11:25.695,0.6798,0.68045,2.80,1.80
2008.12.19 17:11:28.474,0.6798,0.6803,1.60,1.80
2008.12.19 17:11:28.594,0.6797,0.68025,5.00,1.80
2008.12.19 17:11:28.934,0.6797,0.68025,3.80,3.00
2008.12.19 17:11:29.694,0.67965,0.68015,3.20,3.20
2008.12.19 17:11:30.104,0.6795,0.68005,5.80,3.00
2008.12.19 17:11:30.334,0.6795,0.68005,3.20,3.00
2008.12.19 17:11:30.683,0.6797,0.68005,3.60,3.00
2008.12.19 17:11:31.443,0.6797,0.68,3.40,1.80
2008.12.19 17:11:32.583,0.6793,0.6798,3.20,1.20
2008.12.19 17:11:32.993,0.67935,0.67985,4.80,3.00
2008.12.19 17:11:33.173,0.6791,0.67975,4.80,3.00
2008.12.19 17:11:33.343,0.6791,0.67975,4.20,3.00
2008.12.19 17:11:33.453,0.67915,0.67975,1.00,3.80
2008.12.19 17:11:33.913,0.67915,0.67955,1.00,1.80
2008.12.19 17:11:34.082,0.6789,0.6795,3.00,1.80
2008.12.19 17:11:34.313,0.67885,0.6793,3.00,1.80
2008.12.19 17:11:34.493,0.67885,0.67935,3.00,1.60
2008.12.19 17:11:34.882,0.6789,0.67945,1.20,1.60
2008.12.19 17:11:35.302,0.679,0.6796,1.20,1.80
2008.12.19 17:11:35.533,0.67895,0.6795,1.60,1.80
2008.12.19 17:11:35.872,0.679,0.6795,1.00,1.80
2008.12.19 17:11:36.212,0.679,0.6795,1.00,1.80
2008.12.19 17:11:36.432,0.679,0.6796,1.00,1.80
2008.12.19 17:11:36.552,0.679,0.6795,1.00,1.80
2008.12.19 17:11:38.871,0.6792,0.6797,1.00,1.80
2008.12.19 17:11:39.172,0.6792,0.6798,1.60,1.80
2008.12.19 17:11:39.751,0.6794,0.67985,1.00,1.60
2008.12.19 17:11:39.981,0.6795,0.68005,1.60,1.60
2008.12.19 17:11:40.331,0.6795,0.68005,1.60,8.00
2008.12.19 17:11:40.511,0.67945,0.68,1.60,1.80
2008.12.19 17:11:40.911,0.6794,0.68,1.60,1.80
2008.12.19 17:11:41.491,0.6795,0.68,1.00,1.80
2008.12.19 17:11:42.021,0.67945,0.6799,8.00,1.80
2008.12.19 17:11:42.261,0.6793,0.6799,1.20,1.80
2008.12.19 17:11:42.541,0.67925,0.67985,9.20,2.00
2008.12.19 17:11:42.781,0.67925,0.67985,1.20,2.00
2008.12.19 17:11:42.891,0.6792,0.6797,8.20,1.80
2008.12.19 17:11:43.071,0.6792,0.6797,1.00,1.80
2008.12.19 17:11:43.190,0.6792,0.6796,1.00,1.80
2008.12.19 17:11:43.710,0.6792,0.67965,1.00,1.80
2008.12.19 17:11:45.140,0.67905,0.67965,1.20,1.80
2008.12.19 17:11:45.850,0.679,0.6795,1.00,1.80
2008.12.19 17:11:46.020,0.679,0.67955,1.00,3.40
2008.12.19 17:11:46.430,0.67895,0.67955,1.20,3.40
2008.12.19 17:11:46.880,0.679,0.6794,1.60,1.80
2008.12.19 17:11:47.170,0.6789,0.67945,1.00,1.80
2008.12.19 17:11:47.510,0.6789,0.6794,1.00,1.80
2008.12.19 17:11:51.498,0.6788,0.6794,1.00,1.80
2008.12.19 17:11:52.468,0.6789,0.6794,1.00,1.80
2008.12.19 17:11:54.148,0.6789,0.6794,1.00,1.80
2008.12.19 17:11:57.727,0.679,0.6794,1.00,1.80
2008.12.19 17:11:58.017,0.6791,0.67945,1.00,1.60
2008.12.19 17:11:58.417,0.6791,0.6796,1.00,1.80
2008.12.19 17:11:58.637,0.6791,0.67955,1.00,1.80
2008.12.19 17:11:58.867,0.6791,0.6796,1.00,1.60
2008.12.19 17:11:59.147,0.6791,0.67965,1.00,1.80
2008.12.19 17:12:00.876,0.6791,0.6795,1.00,1.20
2008.12.19 17:12:01.436,0.6791,0.6795,1.80,1.20
2008.12.19 17:12:01.556,0.6791,0.6795,1.60,1.20
2008.12.19 17:12:02.206,0.6791,0.6795,1.00,1.20
2008.12.19 17:12:03.066,0.67915,0.6795,1.20,1.20
2008.12.19 17:12:03.486,0.6791,0.6795,4.80,1.20
2008.12.19 17:12:03.836,0.6791,0.6795,3.20,1.20
2008.12.19 17:12:04.185,0.6791,0.6795,1.00,1.20
2008.12.19 17:12:06.925,0.679,0.6794,2.00,1.20
2008.12.19 17:12:07.145,0.67905,0.6794,1.20,1.20
2008.12.19 17:12:07.615,0.679,0.6794,4.80,1.20
2008.12.19 17:12:09.104,0.679,0.6794,8.00,1.20
2008.12.19 17:12:10.614,0.679,0.6794,8.00,1.20
2008.12.19 17:12:11.084,0.6791,0.6794,1.00,1.20
2008.12.19 17:12:13.543,0.679,0.6794,1.20,1.20
2008.12.19 17:12:14.114,0.67895,0.6794,2.80,1.20
2008.12.19 17:12:14.453,0.6789,0.6794,1.00,1.80
2008.12.19 17:12:14.903,0.67895,0.6794,1.60,1.20
2008.12.19 17:12:15.323,0.6789,0.6794,2.40,1.20
2008.12.19 17:12:15.683,0.679,0.6794,1.20,1.20
2008.12.19 17:12:16.332,0.679,0.6794,1.00,1.20
2008.12.19 17:12:16.962,0.679,0.6794,1.20,1.20
2008.12.19 17:12:17.852,0.6791,0.6794,1.20,1.20
2008.12.19 17:12:18.272,0.6791,0.6795,2.80,1.20
2008.12.19 17:12:20.141,0.6791,0.6795,6.00,1.20
2008.12.19 17:12:27.420,0.6791,0.6795,7.20,1.20
2008.12.19 17:12:27.950,0.6791,0.6795,4.20,1.20
2008.12.19 17:12:28.410,0.67895,0.6793,3.00,1.20
2008.12.19 17:12:28.640,0.6791,0.67965,2.80,2.80
2008.12.19 17:12:29.049,0.6791,0.6796,2.80,1.20
2008.12.19 17:12:29.619,0.67905,0.6794,1.60,1.20
2008.12.19 17:12:30.009,0.67895,0.6793,1.20,1.20
2008.12.19 17:12:30.299,0.6789,0.6793,4.80,1.20
2008.12.19 17:12:30.799,0.6789,0.6793,1.00,1.20
2008.12.19 17:12:33.268,0.6789,0.67935,1.00,3.00
2008.12.19 17:12:33.689,0.6789,0.6792,1.00,1.20
2008.12.19 17:12:33.918,0.6789,0.6792,1.60,1.20
2008.12.19 17:12:34.208,0.6789,0.6793,1.60,1.20
2008.12.19 17:12:34.598,0.67885,0.6793,1.60,1.20
2008.12.19 17:12:35.058,0.6788,0.6791,3.20,1.20
2008.12.19 17:12:35.638,0.67885,0.67915,1.60,1.80
2008.12.19 17:12:35.978,0.6788,0.679,1.20,1.20
2008.12.19 17:12:36.448,0.6784,0.679,1.00,1.80
2008.12.19 17:12:36.847,0.6783,0.679,1.20,1.80
2008.12.19 17:12:41.896,0.6784,0.679,1.60,1.80
2008.12.19 17:12:42.636,0.6784,0.679,1.20,1.80
2008.12.19 17:13:01.002,0.6785,0.679,1.00,1.80
2008.12.19 17:13:01.122,0.6785,0.6788,1.00,1.20
2008.12.19 17:13:01.772,0.6784,0.6788,1.00,1.20
2008.12.19 17:13:02.062,0.6785,0.6788,1.00,1.20
2008.12.19 17:13:09.950,0.6784,0.67895,1.20,1.60
2008.12.19 17:13:10.540,0.6785,0.67905,1.00,1.80
2008.12.19 17:13:10.719,0.6785,0.6791,2.40,1.80
2008.12.19 17:13:11.169,0.6785,0.67915,3.60,3.00
2008.12.19 17:13:11.639,0.6785,0.67915,3.40,3.00
2008.12.19 17:13:14.728,0.6786,0.67915,1.00,3.00
2008.12.19 17:13:14.898,0.6786,0.6791,1.00,1.80
2008.12.19 17:13:15.138,0.6786,0.679,1.00,1.20
2008.12.19 17:13:23.746,0.6788,0.679,1.60,1.20
2008.12.19 17:13:24.626,0.67885,0.679,1.20,1.20
2008.12.19 17:13:27.226,0.67895,0.6794,1.20,1.20
2008.12.19 17:13:29.175,0.679,0.6795,9.20,1.20
2008.12.19 17:13:29.595,0.679,0.6795,1.20,1.20
2008.12.19 17:13:29.765,0.679,0.6794,1.20,1.20
2008.12.19 17:13:30.695,0.6791,0.6794,2.80,1.20
2008.12.19 17:13:31.324,0.6791,0.6795,2.80,1.20
2008.12.19 17:13:31.375,0.6791,0.6795,4.40,1.20
2008.12.19 17:13:31.775,0.6791,0.6795,2.80,1.20
2008.12.19 17:13:32.694,0.6791,0.6795,6.00,1.20
2008.12.19 17:13:38.203,0.6792,0.6795,1.00,1.20
2008.12.19 17:13:48.270,0.6791,0.6795,7.60,1.20
2008.12.19 17:13:50.360,0.6791,0.6795,8.20,1.20
2008.12.19 17:13:58.518,0.6791,0.6795,7.60,1.20
2008.12.19 17:13:58.908,0.6791,0.6795,6.00,1.20
2008.12.19 17:13:59.018,0.6791,0.6795,6.40,1.20
2008.12.19 17:13:59.557,0.6791,0.6795,6.00,1.20
2008.12.19 17:13:59.727,0.6791,0.6795,6.40,1.20
2008.12.19 17:14:07.606,0.6791,0.6795,6.40,1.20
2008.12.19 17:14:08.336,0.6791,0.6795,3.20,1.20
2008.12.19 17:14:08.745,0.67905,0.6794,12.80,1.20
2008.12.19 17:14:09.155,0.679,0.6794,1.20,1.20
2008.12.19 17:14:14.884,0.6791,0.6794,1.00,1.20
2008.12.19 17:14:15.114,0.679,0.6795,2.40,1.20
2008.12.19 17:14:15.694,0.679,0.6795,4.00,1.20
2008.12.19 17:14:15.874,0.679,0.6794,2.40,1.20
2008.12.19 17:14:16.843,0.679,0.6794,1.80,1.20
2008.12.19 17:14:18.453,0.679,0.6794,1.60,1.20
2008.12.19 17:14:24.742,0.679,0.6794,1.80,1.20
2008.12.19 17:14:26.511,0.679,0.6794,1.60,1.20
2008.12.19 17:14:30.210,0.679,0.6794,1.60,1.20
2008.12.19 17:14:30.940,0.679,0.6794,1.60,1.20
2008.12.19 17:14:32.639,0.679,0.6794,1.80,1.20
2008.12.19 17:14:32.870,0.679,0.6794,1.60,1.20
2008.12.19 17:14:39.578,0.679,0.6794,1.60,1.20
2008.12.19 17:14:43.777,0.679,0.6796,1.20,1.80
2008.12.19 17:14:44.117,0.679,0.6795,1.20,1.20
2008.12.19 17:14:47.886,0.67895,0.67955,2.80,3.00
2008.12.19 17:14:54.244,0.67905,0.6795,2.80,1.20
2008.12.19 17:14:54.655,0.6791,0.6796,2.40,1.20
2008.12.19 17:14:55.064,0.67915,0.6796,1.60,1.20
2008.12.19 17:14:55.404,0.6791,0.6796,1.60,1.80
2008.12.19 17:14:55.854,0.6791,0.6796,2.80,1.20
2008.12.19 17:14:57.084,0.6791,0.6796,2.40,1.20
2008.12.19 17:14:57.604,0.6791,0.6796,4.40,1.20
2008.12.19 17:15:01.243,0.6791,0.67965,4.20,3.00
2008.12.19 17:15:02.213,0.6791,0.67965,4.20,3.20
2008.12.19 17:15:02.482,0.6789,0.6795,3.20,1.20
2008.12.19 17:15:04.222,0.6789,0.67945,4.20,3.00
2008.12.19 17:15:08.591,0.6788,0.6793,1.80,1.80
2008.12.19 17:15:09.231,0.6788,0.6792,1.60,1.20
2008.12.19 17:15:09.511,0.6788,0.67905,1.00,1.80
2008.12.19 17:15:10.020,0.6788,0.679,1.00,1.80
2008.12.19 17:15:10.470,0.6788,0.67895,1.00,1.80
2008.12.19 17:15:11.211,0.6788,0.6789,1.00,1.80
2008.12.19 17:15:14.610,0.6788,0.67885,1.00,1.80
2008.12.19 17:15:16.039,0.6788,0.6789,1.00,3.40
2008.12.19 17:15:16.729,0.6788,0.67885,1.00,1.80
2008.12.19 17:15:21.128,0.6788,0.6789,1.00,3.40
2008.12.19 17:15:21.298,0.6788,0.6789,1.00,1.80
2008.12.19 17:15:34.475,0.6788,0.67885,1.00,1.80
2008.12.19 17:15:38.614,0.6782,0.67865,7.50,1.80
2008.12.19 17:15:39.004,0.67805,0.67865,8.80,1.80
2008.12.19 17:15:39.593,0.67805,0.6787,2.00,1.60
2008.12.19 17:15:39.754,0.67815,0.6787,1.00,1.20
2008.12.19 17:15:40.053,0.6782,0.6787,2.60,1.20
2008.12.19 17:15:41.843,0.6782,0.6787,2.40,1.20
2008.12.19 17:15:42.013,0.6782,0.6787,2.40,1.20
2008.12.19 17:15:42.453,0.6782,0.67865,1.40,1.80
2008.12.19 17:15:42.573,0.6782,0.67865,1.00,3.00
2008.12.19 17:15:42.743,0.6782,0.6787,2.00,1.60
2008.12.19 17:15:43.263,0.6782,0.6787,2.40,1.20
2008.12.19 17:15:44.982,0.6783,0.6787,1.00,1.20
2008.12.19 17:15:47.892,0.6783,0.6786,1.00,1.20
2008.12.19 17:15:48.242,0.6781,0.67865,4.60,3.00
2008.12.19 17:15:50.061,0.6781,0.67865,4.20,3.00
2008.12.19 17:15:50.511,0.6782,0.67865,4.40,3.00
2008.12.19 17:15:51.021,0.6783,0.67865,4.40,3.00
2008.12.19 17:15:51.251,0.6781,0.67865,5.00,3.00
2008.12.19 17:15:51.420,0.6781,0.6786,5.80,1.20
2008.12.19 17:15:51.881,0.6781,0.6786,6.60,1.20
2008.12.19 17:15:52.041,0.67825,0.6786,1.00,1.20
2008.12.19 17:15:52.270,0.6784,0.67875,1.80,1.80
2008.12.19 17:15:52.630,0.6784,0.6788,2.00,1.60
2008.12.19 17:15:52.860,0.6784,0.67915,2.80,3.00
2008.12.19 17:15:53.210,0.6784,0.679,1.60,1.20
2008.12.19 17:15:53.500,0.6786,0.679,3.20,1.20
2008.12.19 17:15:53.730,0.6786,0.67925,3.20,1.80
2008.12.19 17:15:54.210,0.6787,0.6792,1.00,1.20
2008.12.19 17:15:54.450,0.67865,0.6793,1.80,1.80
2008.12.19 17:15:54.680,0.67865,0.67935,1.60,1.80
2008.12.19 17:15:55.040,0.6786,0.67915,1.60,1.80
2008.12.19 17:15:55.220,0.6785,0.67915,2.80,1.80
2008.12.19 17:16:00.838,0.6785,0.67915,3.20,1.80
2008.12.19 17:16:01.948,0.6785,0.67915,2.80,1.80
2008.12.19 17:16:06.257,0.6785,0.67915,3.20,1.80
2008.12.19 17:16:07.267,0.67855,0.67915,3.00,1.80
2008.12.19 17:16:07.437,0.6787,0.6792,1.80,1.60
2008.12.19 17:16:07.677,0.6787,0.6792,1.80,1.20
2008.12.19 17:16:09.287,0.6787,0.6792,4.00,1.20
2008.12.19 17:16:12.895,0.67865,0.67925,1.60,3.00
2008.12.19 17:16:13.306,0.6786,0.67925,6.80,3.00
2008.12.19 17:16:13.475,0.6786,0.67925,6.40,3.00
2008.12.19 17:16:13.775,0.6786,0.67925,6.40,3.00
2008.12.19 17:16:14.195,0.6786,0.67925,6.40,3.00
2008.12.19 17:16:14.655,0.6786,0.6791,2.00,1.80
2008.12.19 17:16:14.765,0.6786,0.6791,1.80,1.80
2008.12.19 17:16:14.875,0.6786,0.6791,1.00,1.80
2008.12.19 17:16:15.155,0.6786,0.6791,1.00,1.80
2008.12.19 17:16:15.565,0.6786,0.67915,1.00,3.40
2008.12.19 17:16:16.255,0.6785,0.67915,1.60,3.40
2008.12.19 17:16:16.315,0.6785,0.67915,3.20,1.80
2008.12.19 17:16:16.774,0.67855,0.6792,1.20,3.40
2008.12.19 17:16:16.825,0.6786,0.67915,1.00,1.80
2008.12.19 17:16:22.643,0.6787,0.67915,1.00,1.80
2008.12.19 17:16:22.943,0.6786,0.67915,1.00,1.80
2008.12.19 17:16:25.572,0.6786,0.67915,1.00,1.80
2008.12.19 17:16:25.982,0.6786,0.67915,1.00,1.80
2008.12.19 17:16:28.152,0.6786,0.67915,1.00,1.80
2008.12.19 17:16:28.432,0.6785,0.67915,2.80,1.80
2008.12.19 17:16:34.280,0.6785,0.67905,1.60,1.80
2008.12.19 17:16:34.450,0.6785,0.67905,9.00,1.80
2008.12.19 17:16:34.971,0.6785,0.67905,1.00,3.00
2008.12.19 17:16:37.980,0.6786,0.67905,1.00,3.00
2008.12.19 17:16:38.159,0.6787,0.67905,3.00,3.00
2008.12.19 17:16:38.219,0.6789,0.6791,1.00,1.60
2008.12.19 17:16:38.339,0.6789,0.6791,1.00,8.00
2008.12.19 17:16:38.739,0.6789,0.6795,1.00,2.80
2008.12.19 17:16:40.349,0.6789,0.6794,3.20,2.80
2008.12.19 17:16:46.467,0.6789,0.6794,3.20,3.40
2008.12.19 17:17:15.810,0.679,0.6794,1.00,3.40
2008.12.19 17:17:15.990,0.6792,0.67945,1.60,1.60
2008.12.19 17:17:16.400,0.6792,0.68,1.60,3.00
2008.12.19 17:17:16.630,0.6794,0.68,1.00,1.80
2008.12.19 17:17:16.930,0.6794,0.68005,1.00,1.60
2008.12.19 17:17:17.160,0.6795,0.68005,1.00,4.80
2008.12.19 17:17:17.280,0.6795,0.6802,1.00,3.00
2008.12.19 17:17:20.119,0.67945,0.68005,2.60,3.00
2008.12.19 17:17:27.148,0.6796,0.68005,1.60,3.00
2008.12.19 17:17:27.828,0.67945,0.68005,2.60,3.00
2008.12.19 17:17:32.456,0.6795,0.68005,1.80,3.00
2008.12.19 17:17:42.594,0.67945,0.68005,2.60,3.00
2008.12.19 17:17:42.884,0.6795,0.68005,2.00,3.00
2008.12.19 17:17:44.873,0.6795,0.68005,1.80,3.00
2008.12.19 17:17:45.373,0.6795,0.68005,2.60,3.00
2008.12.19 17:17:47.083,0.6796,0.68005,1.00,3.00
2008.12.19 17:17:54.001,0.6796,0.68005,1.00,3.00
2008.12.19 17:17:54.171,0.6796,0.6801,1.40,1.60
2008.12.19 17:17:54.641,0.6796,0.6802,1.40,2.60
2008.12.19 17:17:54.821,0.6796,0.68015,1.40,1.80
2008.12.19 17:17:55.051,0.6796,0.68015,1.00,1.80
2008.12.19 17:17:59.350,0.6795,0.68015,3.20,1.80
2008.12.19 17:17:59.620,0.6795,0.68015,3.20,1.80
2008.12.19 17:18:01.359,0.6796,0.68015,1.00,1.80
2008.12.19 17:18:06.348,0.6795,0.68015,3.40,1.80
2008.12.19 17:18:12.147,0.6795,0.68015,2.80,1.80
2008.12.19 17:18:12.697,0.6795,0.68015,3.40,1.80
2008.12.19 17:18:14.386,0.6795,0.6801,3.40,1.00
2008.12.19 17:18:14.736,0.6794,0.67995,4.20,3.00
2008.12.19 17:18:16.606,0.6794,0.6798,4.20,1.20
2008.12.19 17:18:22.304,0.67935,0.6795,6.00,1.00
2008.12.19 17:18:22.724,0.67935,0.6795,1.20,1.00
2008.12.19 17:18:22.954,0.67935,0.67945,1.20,1.20
2008.12.19 17:18:23.234,0.67885,0.67935,3.60,1.20
2008.12.19 17:18:23.404,0.67865,0.67925,3.20,1.80
2008.12.19 17:18:23.874,0.6785,0.6792,6.00,1.60
2008.12.19 17:18:24.094,0.67835,0.6791,1.60,1.80
2008.12.19 17:18:24.374,0.67835,0.6791,1.00,1.80
2008.12.19 17:18:24.604,0.6785,0.679,1.00,1.80
2008.12.19 17:18:25.004,0.6784,0.679,1.60,1.80
2008.12.19 17:18:25.244,0.6784,0.679,1.20,1.80
2008.12.19 17:18:28.533,0.6785,0.679,1.00,1.80
2008.12.19 17:18:38.360,0.6784,0.679,1.20,1.80
2008.12.19 17:18:43.669,0.6784,0.6789,1.00,1.80
2008.12.19 17:18:44.249,0.6784,0.6788,1.00,1.20
2008.12.19 17:18:44.649,0.6785,0.6788,1.00,1.20
2008.12.19 17:18:45.109,0.6785,0.6788,1.20,1.20
2008.12.19 17:18:45.789,0.6785,0.6789,1.20,1.20
2008.12.19 17:18:46.009,0.67865,0.6791,1.20,1.60
2008.12.19 17:18:46.359,0.67865,0.6791,9.20,1.60
2008.12.19 17:18:46.658,0.67865,0.6793,2.80,1.80
2008.12.19 17:18:47.708,0.6787,0.6793,1.00,1.80
2008.12.19 17:18:47.878,0.6787,0.67935,1.20,3.40
2008.12.19 17:18:47.998,0.6787,0.67935,2.80,1.80
2008.12.19 17:18:48.178,0.6787,0.6793,1.60,1.80
2008.12.19 17:18:48.338,0.6787,0.6793,8.20,1.80
2008.12.19 17:18:49.028,0.6787,0.67935,3.20,2.00
2008.12.19 17:18:49.308,0.6787,0.67935,3.20,1.80
2008.12.19 17:18:50.067,0.6787,0.6793,1.00,1.80
2008.12.19 17:18:50.297,0.6787,0.67935,3.20,1.80
2008.12.19 17:18:59.455,0.6787,0.67935,2.80,1.80
2008.12.19 17:19:11.792,0.6787,0.67935,3.20,1.80
2008.12.19 17:19:17.301,0.6787,0.67935,2.80,2.00
2008.12.19 17:19:17.641,0.67865,0.6793,2.80,1.80
2008.12.19 17:19:17.931,0.67865,0.6792,1.60,1.80
2008.12.19 17:19:18.351,0.67855,0.6792,2.80,1.80
2008.12.19 17:19:18.941,0.67855,0.6791,1.60,1.80
2008.12.19 17:19:19.231,0.67855,0.67915,9.20,1.60
2008.12.19 17:19:19.520,0.67855,0.6791,1.60,1.80
2008.12.19 17:19:19.690,0.6785,0.6791,1.00,1.80
2008.12.19 17:19:20.091,0.6785,0.6791,2.20,1.80
2008.12.19 17:19:20.440,0.6785,0.67915,3.40,1.80
2008.12.19 17:19:20.840,0.6785,0.6791,2.20,1.80
2008.12.19 17:19:21.340,0.6785,0.6791,1.00,1.80
2008.12.19 17:19:21.730,0.6785,0.6791,1.00,1.80
2008.12.19 17:19:21.970,0.67855,0.6792,1.20,3.40
2008.12.19 17:19:22.380,0.6785,0.679,2.40,1.80
2008.12.19 17:19:22.720,0.6785,0.679,1.00,1.80
2008.12.19 17:19:23.000,0.6785,0.67905,1.00,3.40
2008.12.19 17:19:23.230,0.6785,0.67905,1.00,1.80
2008.12.19 17:19:23.459,0.67865,0.67915,1.20,1.60
2008.12.19 17:19:23.619,0.67865,0.67915,9.20,1.60
2008.12.19 17:19:23.739,0.67865,0.6793,2.80,1.80
2008.12.19 17:19:24.429,0.67865,0.67925,1.60,1.80
2008.12.19 17:19:24.649,0.6786,0.67925,2.80,2.00
2008.12.19 17:19:25.100,0.6785,0.67915,3.20,1.80
2008.12.19 17:19:25.459,0.6785,0.6791,1.80,1.80
2008.12.19 17:19:25.979,0.67845,0.6789,1.60,1.80
2008.12.19 17:19:26.449,0.6781,0.6789,1.20,1.80
2008.12.19 17:19:26.669,0.6781,0.6787,1.20,1.20
2008.12.19 17:19:29.148,0.6782,0.6786,1.60,1.20
2008.12.19 17:19:30.928,0.6783,0.6786,1.00,1.20
2008.12.19 17:19:31.108,0.6782,0.6786,3.20,1.20
2008.12.19 17:19:33.217,0.6783,0.6786,1.00,1.20
2008.12.19 17:19:34.837,0.67825,0.6786,1.20,1.20
2008.12.19 17:19:35.187,0.6783,0.6786,1.00,1.20
2008.12.19 17:19:37.107,0.6783,0.6786,1.00,1.20
2008.12.19 17:19:37.836,0.6784,0.6786,1.00,1.20
2008.12.19 17:19:37.896,0.6784,0.679,1.60,1.60
2008.12.19 17:19:38.236,0.6784,0.679,1.60,1.20
2008.12.19 17:19:38.936,0.67835,0.6788,1.20,1.20
2008.12.19 17:19:40.176,0.6783,0.6788,1.20,1.20
2008.12.19 17:19:41.085,0.67825,0.6788,1.60,1.80
2008.12.19 17:19:41.545,0.6782,0.6788,1.20,1.80
2008.12.19 17:19:41.775,0.6782,0.6786,1.20,1.20
2008.12.19 17:19:42.125,0.67825,0.6787,1.20,1.20
2008.12.19 17:19:43.345,0.6784,0.6789,1.20,1.60
2008.12.19 17:19:44.084,0.6783,0.67885,1.60,3.00
2008.12.19 17:19:44.195,0.6785,0.6787,1.00,1.20
2008.12.19 17:19:44.484,0.67855,0.67885,1.60,1.60
2008.12.19 17:19:45.064,0.67815,0.6787,2.80,1.20
2008.12.19 17:19:45.464,0.6782,0.6788,1.80,1.20
2008.12.19 17:19:45.814,0.6785,0.67895,2.80,1.60
2008.12.19 17:19:46.224,0.6785,0.6789,1.60,1.20
2008.12.19 17:19:46.514,0.6783,0.67905,2.80,3.00
2008.12.19 17:19:47.274,0.6784,0.679,1.20,1.80
2008.12.19 17:19:48.474,0.6784,0.6788,1.00,1.20
2008.12.19 17:19:49.114,0.6784,0.67895,1.00,3.00
2008.12.19 17:19:49.583,0.67845,0.6791,2.80,1.80
2008.12.19 17:19:51.243,0.67845,0.679,1.60,1.80
2008.12.19 17:19:51.633,0.6784,0.679,1.20,1.80
2008.12.19 17:19:52.653,0.67835,0.6789,8.00,1.80
2008.12.19 17:19:53.062,0.67835,0.6789,1.60,1.80
2008.12.19 17:19:53.522,0.6784,0.679,1.80,1.80
2008.12.19 17:19:54.032,0.6784,0.679,1.60,1.80
2008.12.19 17:19:54.322,0.6784,0.67895,1.00,1.80
2008.12.19 17:19:54.552,0.6783,0.6789,2.80,1.80
2008.12.19 17:19:54.962,0.6783,0.6788,2.80,1.20
2008.12.19 17:19:55.532,0.67825,0.6788,1.60,1.80
2008.12.19 17:19:56.182,0.6783,0.6788,1.20,1.20
2008.12.19 17:19:57.841,0.67825,0.6788,1.60,1.80
2008.12.19 17:19:58.361,0.6782,0.6786,1.20,1.20
2008.12.19 17:19:58.781,0.6783,0.6788,1.20,1.20
2008.12.19 17:19:59.701,0.67825,0.6788,1.60,1.80
2008.12.19 17:20:00.161,0.6782,0.6786,1.20,1.20
2008.12.19 17:20:09.988,0.6784,0.67895,1.20,2.80
2008.12.19 17:20:10.458,0.6782,0.6787,1.20,1.20
2008.12.19 17:20:11.148,0.67815,0.6784,1.60,1.80
2008.12.19 17:20:11.558,0.678,0.6782,1.00,1.20
2008.12.19 17:20:13.517,0.678,0.6782,1.00,1.20
2008.12.19 17:20:14.637,0.678,0.6782,1.00,1.60
2008.12.19 17:20:15.147,0.678,0.6782,1.00,1.20
2008.12.19 17:20:15.557,0.67795,0.6784,4.80,1.20
2008.12.19 17:20:16.087,0.67815,0.6786,8.00,1.20
2008.12.19 17:20:16.497,0.6781,0.6786,1.20,1.20
2008.12.19 17:20:16.797,0.67805,0.67865,1.20,3.00
2008.12.19 17:20:17.146,0.678,0.67855,1.60,1.80
2008.12.19 17:20:17.596,0.67805,0.6786,1.20,1.60
2008.12.19 17:20:18.006,0.6781,0.6786,1.20,1.20
2008.12.19 17:20:18.166,0.67805,0.67865,2.80,3.00
2008.12.19 17:20:18.346,0.67805,0.67865,1.20,3.00
2008.12.19 17:20:18.896,0.6781,0.6786,1.20,1.20
2008.12.19 17:20:19.456,0.67815,0.6786,1.20,1.20
2008.12.19 17:20:20.386,0.6781,0.67865,8.00,3.00
2008.12.19 17:20:20.626,0.678,0.67855,1.60,1.80
2008.12.19 17:20:21.026,0.67795,0.6786,2.40,3.40
2008.12.19 17:20:21.365,0.67795,0.6786,4.00,1.80
2008.12.19 17:20:22.076,0.678,0.6786,2.40,1.80
2008.12.19 17:20:24.155,0.6781,0.67865,1.20,1.60
2008.12.19 17:20:24.785,0.6781,0.6787,1.20,1.80
2008.12.19 17:20:26.245,0.67805,0.67865,2.80,1.80
2008.12.19 17:20:26.655,0.67805,0.67865,9.20,1.80
2008.12.19 17:20:27.334,0.67805,0.67865,1.20,1.80
2008.12.19 17:20:29.204,0.6781,0.6787,1.20,3.40
2008.12.19 17:20:29.604,0.6781,0.6787,1.20,1.80
2008.12.19 17:20:30.184,0.67805,0.67865,2.80,1.80
2008.12.19 17:20:30.713,0.67805,0.67865,9.20,1.80
2008.12.19 17:20:30.883,0.67805,0.67865,1.20,1.80
2008.12.19 17:20:31.323,0.67805,0.6787,2.80,1.80
2008.12.19 17:20:32.863,0.67805,0.67865,2.80,1.80
2008.12.19 17:20:33.213,0.67805,0.67865,1.20,1.80
2008.12.19 17:20:35.113,0.67805,0.67865,2.00,1.80
2008.12.19 17:20:35.472,0.6782,0.679,1.20,1.80
2008.12.19 17:20:37.382,0.6783,0.6789,4.40,1.80
2008.12.19 17:20:39.102,0.67825,0.67875,1.60,1.80
2008.12.19 17:20:39.561,0.67805,0.67865,1.20,1.80
2008.12.19 17:20:45.770,0.678,0.67855,1.60,1.80
2008.12.19 17:20:46.129,0.678,0.67865,2.80,1.80
2008.12.19 17:20:46.349,0.678,0.67855,1.60,1.80
2008.12.19 17:20:46.560,0.67795,0.67855,2.40,1.80
2008.12.19 17:20:48.509,0.678,0.6786,2.40,3.40
2008.12.19 17:20:48.929,0.678,0.6786,2.40,1.80
2008.12.19 17:20:51.908,0.678,0.6785,2.40,1.60
2008.12.19 17:20:52.318,0.678,0.6786,2.40,1.80
2008.12.19 17:21:16.362,0.678,0.6786,2.40,2.60
2008.12.19 17:21:16.532,0.678,0.6785,1.00,1.80
2008.12.19 17:21:18.722,0.678,0.67855,1.60,1.60
2008.12.19 17:21:19.202,0.6782,0.6787,4.00,1.60
2008.12.19 17:21:19.372,0.6783,0.6787,1.20,1.60
2008.12.19 17:21:19.961,0.67825,0.6787,1.60,1.60
2008.12.19 17:21:20.411,0.6783,0.6787,3.20,1.60
2008.12.19 17:21:21.431,0.6781,0.6787,4.40,3.40
2008.12.19 17:21:24.231,0.67825,0.6787,2.40,2.80
2008.12.19 17:21:24.630,0.67825,0.6787,2.80,1.60
2008.12.19 17:21:25.080,0.6782,0.6787,1.60,3.40
2008.12.19 17:21:25.880,0.6781,0.6787,4.40,3.40
2008.12.19 17:21:27.270,0.6783,0.6787,4.40,1.20
2008.12.19 17:21:27.440,0.6784,0.6788,1.20,1.60
2008.12.19 17:21:29.309,0.6785,0.6788,3.20,1.60
2008.12.19 17:21:29.579,0.67845,0.6788,3.20,1.60
2008.12.19 17:21:31.389,0.6785,0.6788,3.20,1.60
2008.12.19 17:21:31.619,0.67845,0.6788,1.00,1.60
2008.12.19 17:21:31.968,0.67835,0.6788,1.60,1.60
2008.12.19 17:21:32.129,0.6782,0.6788,6.00,1.60
2008.12.19 17:21:32.768,0.6782,0.6788,6.00,3.40
2008.12.19 17:21:33.188,0.6782,0.6788,4.40,3.40
2008.12.19 17:21:35.728,0.6784,0.67885,2.80,1.00
2008.12.19 17:21:36.248,0.67825,0.67885,1.20,1.80
2008.12.19 17:21:36.897,0.6782,0.67875,5.80,1.80
2008.12.19 17:21:37.807,0.6782,0.67875,4.20,1.80
2008.12.19 17:21:40.217,0.6782,0.6788,4.40,3.40
2008.12.19 17:21:40.687,0.6782,0.6788,4.40,1.80
2008.12.19 17:21:44.645,0.67825,0.67885,1.20,3.40
2008.12.19 17:21:45.045,0.67825,0.67885,1.20,1.80
2008.12.19 17:21:47.845,0.6784,0.6789,1.20,2.00
2008.12.19 17:21:48.295,0.6784,0.6789,2.80,1.60
2008.12.19 17:21:48.465,0.6783,0.67885,1.60,1.80
2008.12.19 17:21:59.272,0.6784,0.6789,1.20,2.00
2008.12.19 17:21:59.782,0.67835,0.67885,1.60,1.80
2008.12.19 17:22:00.352,0.6783,0.67885,1.60,1.80
2008.12.19 17:22:01.292,0.6783,0.67885,1.60,2.60
2008.12.19 17:22:01.761,0.6783,0.67875,1.60,1.80
2008.12.19 17:22:01.991,0.6783,0.6788,1.60,1.80
2008.12.19 17:22:02.451,0.6783,0.6788,1.60,2.60
2008.12.19 17:22:03.061,0.6783,0.6788,1.60,4.20
2008.12.19 17:22:03.511,0.6783,0.6788,1.60,1.80
2008.12.19 17:22:04.880,0.6783,0.67875,1.60,1.80
2008.12.19 17:22:20.987,0.6783,0.6787,1.60,1.80
2008.12.19 17:22:30.324,0.6783,0.67875,1.60,1.60
2008.12.19 17:22:30.604,0.6783,0.67875,1.60,1.80
2008.12.19 17:22:30.894,0.6783,0.6788,1.60,1.80
2008.12.19 17:22:45.201,0.6783,0.67885,2.80,1.60
2008.12.19 17:22:45.371,0.6783,0.6789,2.80,2.20
2008.12.19 17:22:54.099,0.6783,0.67885,2.80,1.60
2008.12.19 17:22:54.159,0.6783,0.67885,1.60,1.60
2008.12.19 17:22:54.219,0.6783,0.6788,1.00,1.80
2008.12.19 17:22:54.859,0.6783,0.67885,1.00,1.80
2008.12.19 17:22:58.617,0.6782,0.6788,2.80,1.80
2008.12.19 17:22:58.967,0.6782,0.6788,10.40,1.80
2008.12.19 17:22:59.087,0.6782,0.6788,1.60,1.80
2008.12.19 17:23:00.047,0.6783,0.6788,1.00,1.80
2008.12.19 17:23:00.317,0.6783,0.67885,1.00,3.40
2008.12.19 17:23:00.497,0.6783,0.67885,1.00,1.80
2008.12.19 17:23:04.336,0.67825,0.67885,1.20,1.80
2008.12.19 17:23:04.856,0.6782,0.6788,3.20,1.80
2008.12.19 17:23:05.206,0.6782,0.6788,1.60,1.80
2008.12.19 17:23:06.516,0.6782,0.67885,1.60,3.40
2008.12.19 17:23:06.846,0.6782,0.67885,3.20,1.80
2008.12.19 17:23:07.186,0.6782,0.67885,6.40,1.80
2008.12.19 17:23:07.526,0.67825,0.67885,1.20,1.80
2008.12.19 17:23:07.875,0.67835,0.6789,1.20,2.00
2008.12.19 17:23:08.675,0.6783,0.6789,2.80,1.00
2008.12.19 17:23:11.575,0.6783,0.67885,1.80,1.80
2008.12.19 17:23:11.915,0.6783,0.67885,1.00,1.80
2008.12.19 17:23:15.183,0.67825,0.67885,1.20,1.80
2008.12.19 17:23:16.843,0.6782,0.67885,3.20,1.80
2008.12.19 17:23:24.341,0.6782,0.6788,2.80,1.80
2008.12.19 17:23:24.722,0.6782,0.6788,2.40,1.80
2008.12.19 17:23:26.671,0.67815,0.67875,5.60,1.80
2008.12.19 17:23:27.241,0.67815,0.67875,4.00,1.80
2008.12.19 17:23:30.510,0.67815,0.6788,5.60,1.80
2008.12.19 17:23:31.320,0.67815,0.67875,5.60,1.80
2008.12.19 17:23:31.610,0.67815,0.67875,4.00,1.80
2008.12.19 17:23:34.499,0.6782,0.67865,1.00,1.80
2008.12.19 17:23:34.969,0.678,0.67855,1.60,1.80
2008.12.19 17:23:35.249,0.678,0.67845,1.00,1.80
2008.12.19 17:23:35.539,0.678,0.6785,1.00,3.40
2008.12.19 17:23:35.819,0.678,0.6785,1.00,1.80
2008.12.19 17:23:36.199,0.678,0.67845,1.00,1.80
2008.12.19 17:23:37.698,0.678,0.6785,1.00,1.80
2008.12.19 17:23:38.458,0.678,0.6785,3.20,1.80
2008.12.19 17:23:38.808,0.678,0.67855,3.20,3.00
2008.12.19 17:23:39.148,0.6781,0.6785,4.00,1.20
2008.12.19 17:23:39.378,0.6782,0.67865,3.20,1.80
2008.12.19 17:23:39.548,0.6782,0.6787,3.20,1.60
2008.12.19 17:23:39.658,0.6781,0.6787,8.80,1.80
2008.12.19 17:23:39.938,0.6782,0.6787,3.20,1.80
2008.12.19 17:23:40.277,0.6783,0.67875,1.00,1.80
2008.12.19 17:23:40.688,0.6783,0.6788,4.00,1.60
2008.12.19 17:23:41.208,0.6784,0.67895,1.60,1.80
2008.12.19 17:23:41.557,0.67845,0.679,1.20,8.00
2008.12.19 17:23:41.907,0.67845,0.679,2.80,8.00
2008.12.19 17:23:42.657,0.6784,0.679,2.00,9.80
2008.12.19 17:23:43.067,0.6784,0.67885,1.60,1.80
2008.12.19 17:23:43.417,0.6784,0.679,1.00,1.80
2008.12.19 17:23:44.797,0.67835,0.67895,5.60,1.80
2008.12.19 17:23:45.067,0.6784,0.6789,1.00,1.80
2008.12.19 17:23:45.356,0.6783,0.6789,6.00,1.80
2008.12.19 17:23:45.576,0.6783,0.6789,4.40,1.80
2008.12.19 17:23:46.986,0.6783,0.6788,3.20,1.80
2008.12.19 17:23:47.806,0.67825,0.67885,1.20,1.80
2008.12.19 17:23:48.276,0.67825,0.6788,1.20,1.60
2008.12.19 17:23:48.446,0.67825,0.67885,1.20,1.80
2008.12.19 17:23:49.045,0.6783,0.67885,8.00,1.80
2008.12.19 17:23:49.265,0.67835,0.6789,1.20,1.60
2008.12.19 17:23:49.675,0.67845,0.679,1.20,9.60
2008.12.19 17:23:49.855,0.67845,0.679,2.80,1.60
2008.12.19 17:23:50.085,0.6785,0.679,2.80,1.60
2008.12.19 17:23:50.835,0.6785,0.679,1.60,1.60
2008.12.19 17:23:51.015,0.6784,0.679,2.80,1.60
2008.12.19 17:24:13.210,0.6788,0.6791,4.00,1.60
2008.12.19 17:24:13.570,0.6785,0.679,1.60,1.80
2008.12.19 17:24:14.010,0.67825,0.679,1.20,1.80
2008.12.19 17:24:14.299,0.6783,0.67885,1.60,1.80
2008.12.19 17:24:14.529,0.67825,0.67885,1.20,3.00
2008.12.19 17:24:14.759,0.6783,0.6789,1.20,3.40
2008.12.19 17:24:15.179,0.67825,0.67875,1.60,1.80
2008.12.19 17:24:15.479,0.67815,0.67875,1.20,1.80
2008.12.19 17:24:17.569,0.67815,0.67875,2.80,1.80
2008.12.19 17:24:18.088,0.67815,0.67875,1.20,1.80
2008.12.19 17:24:18.998,0.6782,0.6788,1.60,3.40
2008.12.19 17:24:19.468,0.6782,0.6788,1.60,1.80
2008.12.19 17:24:19.638,0.67815,0.67875,4.40,1.80
2008.12.19 17:24:19.988,0.67815,0.67875,2.80,1.80
2008.12.19 17:24:20.318,0.6781,0.6786,1.60,1.80
2008.12.19 17:24:20.828,0.67805,0.67865,2.40,1.80
2008.12.19 17:24:21.408,0.67815,0.6787,1.20,1.60
2008.12.19 17:24:21.698,0.6783,0.6788,1.20,2.80
2008.12.19 17:24:22.107,0.67835,0.6788,1.20,2.80
2008.12.19 17:24:22.617,0.6783,0.6788,1.60,2.80
2008.12.19 17:24:23.247,0.67825,0.6788,1.20,2.80
2008.12.19 17:24:23.817,0.67815,0.6787,1.20,1.60
2008.12.19 17:24:24.227,0.6781,0.67855,1.60,1.80
2008.12.19 17:24:24.627,0.6781,0.67855,1.00,1.80
2008.12.19 17:24:25.877,0.67805,0.6786,2.40,1.60
2008.12.19 17:24:26.147,0.67805,0.67865,2.40,1.80
2008.12.19 17:24:27.056,0.67805,0.67865,2.80,3.20
2008.12.19 17:24:27.596,0.67825,0.6788,1.20,1.60
2008.12.19 17:24:27.656,0.6783,0.6788,1.20,1.60
2008.12.19 17:24:28.176,0.67835,0.6788,1.20,1.60
2008.12.19 17:24:28.526,0.67835,0.6788,2.80,1.60
2008.12.19 17:24:28.646,0.67845,0.6788,1.60,1.60
2008.12.19 17:24:28.886,0.67835,0.6788,1.20,1.60
2008.12.19 17:24:31.105,0.6784,0.6788,1.20,1.60
2008.12.19 17:24:31.635,0.6784,0.67865,8.00,1.80
2008.12.19 17:24:32.035,0.678,0.6787,1.20,1.80
2008.12.19 17:24:32.725,0.678,0.6787,1.60,1.80
2008.12.19 17:24:33.425,0.6782,0.6788,1.60,3.40
2008.12.19 17:24:33.895,0.67825,0.67875,1.60,1.80
2008.12.19 17:24:34.125,0.6782,0.6788,1.20,5.00
2008.12.19 17:24:34.355,0.67825,0.6788,1.20,3.20
2008.12.19 17:24:34.465,0.67825,0.6788,1.20,1.60
2008.12.19 17:24:44.842,0.6783,0.6788,1.20,1.60
2008.12.19 17:24:45.322,0.67825,0.6788,1.60,3.40
2008.12.19 17:24:45.732,0.6782,0.6788,1.60,3.40
2008.12.19 17:24:48.071,0.6782,0.6788,2.20,3.40
2008.12.19 17:24:48.421,0.67815,0.67875,1.20,1.80
2008.12.19 17:24:53.110,0.6781,0.6787,2.80,1.80
2008.12.19 17:24:53.670,0.6781,0.6787,9.20,1.80
2008.12.19 17:24:54.250,0.67795,0.67855,3.80,1.80
2008.12.19 17:24:54.480,0.67795,0.6785,2.60,1.80
2008.12.19 17:24:54.770,0.678,0.6785,1.20,1.80
2008.12.19 17:24:56.949,0.678,0.6785,1.20,1.80
2008.12.19 17:24:57.229,0.67815,0.67855,1.20,1.60
2008.12.19 17:24:57.750,0.67825,0.67895,2.60,1.80
2008.12.19 17:24:58.029,0.67835,0.6789,3.80,4.80
2008.12.19 17:24:58.379,0.67845,0.679,3.80,4.80
2008.12.19 17:24:58.429,0.6784,0.679,1.60,4.80
2008.12.19 17:24:58.599,0.6784,0.679,8.00,4.80
2008.12.19 17:24:58.829,0.67835,0.6789,1.20,4.80
2008.12.19 17:24:59.059,0.67845,0.6791,2.80,1.80
2008.12.19 17:24:59.288,0.6785,0.67915,1.20,3.40
2008.12.19 17:24:59.518,0.6785,0.67915,2.80,1.80
2008.12.19 17:25:02.748,0.67855,0.6792,1.20,3.40
2008.12.19 17:25:02.928,0.67855,0.6792,2.80,1.80
2008.12.19 17:25:08.446,0.6786,0.67925,1.20,3.40
2008.12.19 17:25:09.086,0.6786,0.67925,2.80,1.80
2008.12.19 17:25:13.085,0.6786,0.6792,1.80,1.80
2008.12.19 17:25:13.145,0.6786,0.6792,1.00,1.80
2008.12.19 17:25:13.485,0.6786,0.67925,1.60,3.40
2008.12.19 17:25:13.545,0.6786,0.67925,3.20,1.80
2008.12.19 17:25:18.154,0.6786,0.67925,3.40,1.80
2008.12.19 17:25:18.754,0.6787,0.6793,1.00,3.40
2008.12.19 17:25:18.974,0.6787,0.67925,1.20,1.80
2008.12.19 17:25:19.564,0.6787,0.67925,1.40,1.80
2008.12.19 17:25:21.813,0.6787,0.67925,1.20,1.80
2008.12.19 17:25:22.113,0.6786,0.6792,3.40,1.80
2008.12.19 17:25:22.333,0.6787,0.6792,1.00,1.80
2008.12.19 17:25:22.894,0.6787,0.6793,1.00,1.80
2008.12.19 17:25:23.123,0.6787,0.67935,3.20,1.80
2008.12.19 17:25:27.592,0.6787,0.6793,2.80,1.60
2008.12.19 17:25:27.952,0.6787,0.67915,1.60,1.80
2008.12.19 17:25:28.112,0.6787,0.67915,1.60,3.20
2008.12.19 17:25:28.282,0.6785,0.6791,6.20,1.80
2008.12.19 17:25:28.571,0.6785,0.67905,3.20,1.80
2008.12.19 17:25:28.931,0.6785,0.67905,1.20,1.80
2008.12.19 17:25:29.281,0.6784,0.67905,6.40,4.80
2008.12.19 17:25:29.621,0.6784,0.679,5.00,1.80
2008.12.19 17:25:29.851,0.6784,0.679,1.80,1.80
2008.12.19 17:25:30.031,0.6784,0.67895,1.40,1.80
2008.12.19 17:25:32.971,0.6784,0.6789,1.20,1.80
2008.12.19 17:25:33.420,0.6783,0.67885,1.40,1.80
2008.12.19 17:25:36.000,0.6783,0.6788,1.20,1.80
2008.12.19 17:25:36.520,0.6782,0.6788,3.20,1.80
2008.12.19 17:25:36.680,0.6782,0.6788,2.20,1.80
2008.12.19 17:25:37.189,0.67815,0.6787,3.20,1.80
2008.12.19 17:25:37.479,0.67805,0.67865,2.80,1.80
2008.12.19 17:25:37.709,0.67805,0.67865,1.20,1.80
2008.12.19 17:25:38.649,0.678,0.6786,1.60,1.80
2008.12.19 17:25:39.239,0.678,0.6785,1.20,1.80
2008.12.19 17:25:47.597,0.67795,0.67855,2.20,4.80
2008.12.19 17:25:47.937,0.67795,0.67855,2.20,3.20
2008.12.19 17:26:01.534,0.67795,0.67855,2.20,1.80
2008.12.19 17:26:01.773,0.678,0.6785,1.20,1.80
2008.12.19 17:26:06.912,0.67795,0.67855,2.20,4.80
2008.12.19 17:26:07.272,0.67795,0.67855,2.20,3.20
2008.12.19 17:26:07.512,0.678,0.6785,1.20,1.80
2008.12.19 17:26:22.309,0.678,0.6783,1.20,1.80
2008.12.19 17:26:22.648,0.678,0.67835,1.20,1.60
2008.12.19 17:26:23.098,0.678,0.6784,1.20,1.80
2008.12.19 17:26:30.437,0.678,0.6783,1.20,1.80
2008.12.19 17:26:30.946,0.678,0.6784,1.20,2.60
2008.12.19 17:26:31.186,0.678,0.6783,1.20,1.80
2008.12.19 17:26:37.715,0.678,0.6784,1.20,1.80
2008.12.19 17:26:37.945,0.678,0.6783,1.20,1.80
2008.12.19 17:27:24.103,0.678,0.67835,1.20,2.80
2008.12.19 17:27:24.444,0.678,0.6783,1.20,1.20
2008.12.19 17:27:24.553,0.678,0.6784,1.20,3.20
2008.12.19 17:27:24.654,0.678,0.67845,1.20,9.60
2008.12.19 17:27:24.894,0.678,0.67845,1.20,8.20
2008.12.19 17:27:25.133,0.678,0.6785,1.20,8.20
2008.12.19 17:27:25.243,0.678,0.6785,1.20,6.60
2008.12.19 17:27:25.703,0.678,0.6785,1.20,1.80
2008.12.19 17:27:31.262,0.678,0.67855,1.20,4.80
2008.12.19 17:27:31.492,0.678,0.67855,1.20,3.20
2008.12.19 17:27:32.132,0.678,0.6785,1.20,1.80
2008.12.19 17:27:34.021,0.678,0.67855,1.20,4.80
2008.12.19 17:27:34.421,0.678,0.67855,1.20,3.20
2008.12.19 17:27:36.091,0.678,0.6785,1.20,1.80
2008.12.19 17:27:39.110,0.678,0.6784,1.20,1.80
2008.12.19 17:27:45.179,0.6779,0.6784,3.20,1.80
2008.12.19 17:27:48.988,0.6779,0.6785,3.20,6.60
2008.12.19 17:27:49.227,0.6779,0.6785,3.20,1.80
2008.12.19 17:28:22.419,0.678,0.6785,4.80,1.80
2008.12.19 17:28:22.650,0.678,0.67855,8.00,4.80
2008.12.19 17:28:22.819,0.6781,0.67855,3.20,1.80
2008.12.19 17:28:23.209,0.6781,0.6786,3.20,1.60
2008.12.19 17:28:23.269,0.6781,0.67865,3.20,3.20
2008.12.19 17:28:26.409,0.67805,0.67865,2.80,3.20
2008.12.19 17:28:27.109,0.67795,0.67855,1.20,3.20
2008.12.19 17:28:27.508,0.6779,0.6785,3.20,1.80
2008.12.19 17:28:27.858,0.6779,0.6785,4.80,1.80
2008.12.19 17:28:27.968,0.6779,0.6785,3.20,1.80
2008.12.19 17:28:32.427,0.678,0.6785,3.20,1.80
2008.12.19 17:28:33.047,0.67805,0.67865,1.20,12.80
2008.12.19 17:28:33.327,0.67805,0.67865,2.80,3.20
2008.12.19 17:28:34.917,0.67805,0.67855,1.60,1.80
2008.12.19 17:28:35.247,0.67795,0.67855,2.60,1.80
2008.12.19 17:28:35.936,0.6779,0.6785,5.00,1.80
2008.12.19 17:28:36.436,0.6779,0.6785,3.20,1.80
2008.12.19 17:28:37.146,0.6779,0.6785,5.00,1.80
2008.12.19 17:28:37.426,0.6779,0.6785,3.40,1.80
2008.12.19 17:28:38.036,0.6779,0.6785,3.20,1.80
2008.12.19 17:28:38.556,0.6779,0.6785,4.80,1.80
2008.12.19 17:28:39.006,0.6779,0.6785,3.20,1.80
2008.12.19 17:28:39.526,0.678,0.67855,3.20,4.80
2008.12.19 17:28:40.175,0.678,0.67855,3.20,3.20
2008.12.19 17:28:42.365,0.6779,0.67855,7.00,3.20
2008.12.19 17:28:43.165,0.6779,0.6785,4.80,1.80
2008.12.19 17:28:43.504,0.678,0.67855,3.20,3.20
2008.12.19 17:28:47.284,0.678,0.67855,5.00,3.20
2008.12.19 17:28:47.733,0.67805,0.67865,2.80,4.80
2008.12.19 17:28:48.074,0.6781,0.6786,6.00,1.20
2008.12.19 17:28:48.524,0.6781,0.6787,6.00,1.80
2008.12.19 17:28:49.393,0.6781,0.67865,3.20,1.80
2008.12.19 17:28:49.913,0.678,0.6786,4.80,1.80
2008.12.19 17:28:50.193,0.67795,0.67855,1.60,3.20
2008.12.19 17:28:50.703,0.6779,0.67855,6.40,3.20
2008.12.19 17:28:50.973,0.67795,0.67855,1.60,3.20
2008.12.19 17:28:52.003,0.6779,0.67855,6.40,3.20
2008.12.19 17:28:52.972,0.678,0.6785,3.20,1.20
2008.12.19 17:28:53.542,0.678,0.6786,4.80,1.80
2008.12.19 17:28:57.331,0.678,0.67855,4.80,1.80
2008.12.19 17:28:59.491,0.6779,0.6785,3.20,1.80
2008.12.19 17:29:02.390,0.6779,0.6785,3.40,1.80
2008.12.19 17:29:04.380,0.6779,0.6785,4.20,1.80
2008.12.19 17:29:04.679,0.6781,0.67855,1.60,2.80
2008.12.19 17:29:05.369,0.6781,0.6785,1.60,1.20
2008.12.19 17:29:05.649,0.6781,0.67865,1.60,1.80
2008.12.19 17:29:06.609,0.6782,0.67865,3.20,1.80
2008.12.19 17:29:08.259,0.6781,0.67855,1.60,1.80
2008.12.19 17:29:08.618,0.67795,0.6785,1.60,1.80
2008.12.19 17:29:08.949,0.6779,0.6785,4.80,1.80
2008.12.19 17:29:09.468,0.6779,0.6785,3.20,1.80
2008.12.19 17:29:22.275,0.6779,0.67855,6.00,3.20
2008.12.19 17:29:22.675,0.6779,0.67855,7.60,3.20
2008.12.19 17:29:22.895,0.6779,0.6785,3.20,1.80
2008.12.19 17:29:24.235,0.6779,0.6785,4.80,1.80
2008.12.19 17:29:24.355,0.6779,0.67855,7.60,3.20
2008.12.19 17:29:28.474,0.6779,0.67855,9.40,3.20
2008.12.19 17:29:28.595,0.6781,0.6785,1.20,1.20
2008.12.19 17:29:28.874,0.6781,0.6785,2.80,1.20
2008.12.19 17:29:29.114,0.67815,0.67865,1.60,1.00
2008.12.19 17:29:29.514,0.67815,0.67855,1.60,1.00
2008.12.19 17:29:29.964,0.6781,0.67855,1.60,3.20
2008.12.19 17:29:30.493,0.678,0.67855,8.00,2.60
2008.12.19 17:29:34.713,0.678,0.6785,8.00,1.80
2008.12.19 17:29:35.352,0.67785,0.6784,2.80,1.20
2008.12.19 17:29:35.682,0.67775,0.6783,3.80,1.00
2008.12.19 17:29:35.982,0.6778,0.6782,1.20,1.80
2008.12.19 17:29:36.592,0.6776,0.6781,5.00,1.20
2008.12.19 17:29:37.141,0.6776,0.6781,5.00,1.20
2008.12.19 17:29:37.532,0.6776,0.6781,5.00,1.20
2008.12.19 17:29:39.771,0.6776,0.6781,5.60,1.20
2008.12.19 17:29:39.951,0.67775,0.6782,1.60,1.60
2008.12.19 17:29:40.401,0.6777,0.6782,4.80,1.60
2008.12.19 17:29:42.690,0.6777,0.6782,3.20,1.60
2008.12.19 17:29:43.150,0.6777,0.6782,4.80,1.60
2008.12.19 17:29:45.819,0.6777,0.6782,4.20,1.60
2008.12.19 17:29:46.089,0.6777,0.6782,4.20,2.80
2008.12.19 17:29:47.709,0.6777,0.6782,5.80,2.80
2008.12.19 17:29:47.989,0.6777,0.6782,4.80,1.60
2008.12.19 17:29:48.159,0.6778,0.6782,3.20,1.60
2008.12.19 17:29:48.519,0.6777,0.6782,7.40,1.60
2008.12.19 17:29:48.979,0.6777,0.6782,4.80,1.60
2008.12.19 17:29:53.028,0.67765,0.6782,1.60,2.80
2008.12.19 17:29:53.268,0.6776,0.6782,6.60,2.80
2008.12.19 17:29:55.297,0.6776,0.6782,6.40,2.80
2008.12.19 17:30:01.926,0.67765,0.6782,1.60,2.80
2008.12.19 17:30:12.113,0.67765,0.67825,1.60,3.20
2008.12.19 17:30:12.504,0.6777,0.6782,4.80,1.20
2008.12.19 17:30:12.963,0.6777,0.6783,4.80,1.80
2008.12.19 17:30:18.931,0.6777,0.6783,6.40,1.80
2008.12.19 17:30:19.291,0.6779,0.6783,12.00,1.80
2008.12.19 17:30:19.511,0.6779,0.6783,10.40,1.80
2008.12.19 17:30:20.151,0.6779,0.67835,10.00,2.80
2008.12.19 17:30:20.321,0.67805,0.6787,1.60,9.20
2008.12.19 17:30:21.981,0.6781,0.6786,3.20,9.20
2008.12.19 17:30:31.448,0.6781,0.67865,3.20,3.20
2008.12.19 17:30:31.808,0.6783,0.67865,1.00,3.20
2008.12.19 17:30:32.278,0.6783,0.6786,1.00,1.20
2008.12.19 17:30:32.628,0.6783,0.6786,1.00,1.80
2008.12.19 17:30:35.418,0.6783,0.6785,1.00,1.80
2008.12.19 17:30:35.527,0.6779,0.6785,5.20,1.80
2008.12.19 17:30:35.788,0.6779,0.67855,6.00,1.60
2008.12.19 17:30:36.067,0.6779,0.6785,6.00,1.20
2008.12.19 17:30:36.367,0.6779,0.67855,1.60,3.20
2008.12.19 17:30:36.597,0.67795,0.67855,2.80,3.20
2008.12.19 17:30:40.866,0.6779,0.67845,1.60,1.80
2008.12.19 17:30:41.096,0.67785,0.6785,2.80,3.40
2008.12.19 17:30:41.386,0.67785,0.67845,2.60,1.80
2008.12.19 17:30:41.946,0.67785,0.6784,2.60,1.80
2008.12.19 17:30:42.186,0.67775,0.6784,5.40,1.80
2008.12.19 17:30:45.395,0.6778,0.6784,1.40,1.80
2008.12.19 17:30:47.355,0.6778,0.6784,1.60,1.80
2008.12.19 17:30:56.393,0.67785,0.67845,1.60,3.20
2008.12.19 17:30:57.322,0.67785,0.67825,1.60,1.80
2008.12.19 17:30:57.562,0.67785,0.67825,1.60,3.20
2008.12.19 17:30:57.792,0.67775,0.67825,1.60,3.20
2008.12.19 17:30:58.132,0.6778,0.67825,1.60,3.20
2008.12.19 17:30:58.602,0.67775,0.67825,1.60,3.20
2008.12.19 17:30:58.722,0.6778,0.67825,1.60,3.20
2008.12.19 17:30:59.062,0.67775,0.67825,1.60,3.20
2008.12.19 17:31:00.981,0.67785,0.67825,1.60,3.20
2008.12.19 17:31:03.041,0.67785,0.67815,1.60,1.80
2008.12.19 17:31:03.211,0.67765,0.67815,1.60,3.20
2008.12.19 17:31:04.741,0.67765,0.6781,1.60,1.20
2008.12.19 17:31:05.090,0.67775,0.6781,1.60,1.20
2008.12.19 17:31:05.600,0.67775,0.6782,1.60,3.20
2008.12.19 17:31:06.040,0.6777,0.6782,4.80,3.20
2008.12.19 17:31:06.330,0.67775,0.6782,1.60,3.20
2008.12.19 17:31:07.050,0.6777,0.6782,4.80,3.20
2008.12.19 17:31:14.568,0.6776,0.67815,4.20,1.80
2008.12.19 17:31:15.028,0.6776,0.67815,4.20,3.20
2008.12.19 17:31:15.208,0.67765,0.67815,1.60,3.20
2008.12.19 17:31:53.409,0.6776,0.67815,4.20,3.20
2008.12.19 17:31:55.658,0.67775,0.67815,1.60,3.20
2008.12.19 17:31:56.058,0.67775,0.6781,1.60,1.20
2008.12.19 17:31:56.608,0.67765,0.67815,1.60,3.20
2008.12.19 17:31:57.108,0.67765,0.67815,1.20,3.20
2008.12.19 17:31:57.738,0.67745,0.67805,1.60,3.20
2008.12.19 17:32:12.894,0.67745,0.678,1.60,1.80
2008.12.19 17:32:26.381,0.67745,0.67805,1.60,3.20
2008.12.19 17:32:57.523,0.6774,0.678,5.80,1.80
2008.12.19 17:32:57.873,0.6774,0.67805,6.00,4.80
2008.12.19 17:32:58.224,0.6774,0.67805,7.60,3.20
2008.12.19 17:33:00.843,0.6774,0.678,6.40,1.80
2008.12.19 17:33:01.182,0.6774,0.67795,7.00,1.00
2008.12.19 17:33:01.562,0.6774,0.678,5.80,2.60
2008.12.19 17:33:01.732,0.6774,0.6779,4.20,1.20
2008.12.19 17:33:03.632,0.6774,0.6778,3.20,1.20
2008.12.19 17:33:04.032,0.67735,0.67785,1.60,3.20
2008.12.19 17:33:04.262,0.67725,0.67785,2.80,3.20
2008.12.19 17:33:22.807,0.67725,0.67775,1.60,1.80
2008.12.19 17:33:23.137,0.6772,0.67775,5.80,1.80
2008.12.19 17:33:23.717,0.6772,0.6778,6.00,1.80
2008.12.19 17:33:24.127,0.6772,0.67775,4.20,1.80
2008.12.19 17:33:24.357,0.6772,0.67775,4.20,3.20
2008.12.19 17:33:27.596,0.6771,0.67775,7.60,3.20
2008.12.19 17:33:31.365,0.6771,0.67775,6.00,3.20
2008.12.19 17:33:38.923,0.6771,0.67765,4.20,3.20
2008.12.19 17:33:44.212,0.6772,0.6776,3.20,1.20
2008.12.19 17:33:49.041,0.6771,0.67765,4.20,3.20
2008.12.19 17:33:52.140,0.6772,0.6776,3.20,1.20
2008.12.19 17:33:52.720,0.6772,0.6777,3.20,3.20
2008.12.19 17:33:55.569,0.6772,0.6776,3.20,1.60
2008.12.19 17:33:56.140,0.6771,0.67765,4.20,3.40
2008.12.19 17:33:56.259,0.6771,0.6776,4.20,1.60
2008.12.19 17:33:56.419,0.6772,0.6776,3.20,1.60
2008.12.19 17:33:57.329,0.6772,0.6777,3.20,3.20
2008.12.19 17:34:00.698,0.6772,0.67765,3.20,1.80
2008.12.19 17:34:00.818,0.6771,0.67765,4.20,1.80
2008.12.19 17:34:01.228,0.6771,0.67765,5.80,1.80
2008.12.19 17:34:01.588,0.6771,0.67765,4.20,1.80
2008.12.19 17:34:01.758,0.6771,0.67765,4.20,3.20
2008.12.19 17:34:11.116,0.6771,0.6776,4.40,1.20
2008.12.19 17:34:11.405,0.6771,0.6776,6.00,1.20
2008.12.19 17:34:16.514,0.6771,0.67765,4.80,3.20
2008.12.19 17:34:17.034,0.6771,0.67765,5.80,1.80
2008.12.19 17:34:17.274,0.6771,0.67765,4.20,3.20
2008.12.19 17:34:18.374,0.6772,0.67765,1.60,3.20
2008.12.19 17:34:29.321,0.6772,0.6776,1.60,1.20
2008.12.19 17:34:32.381,0.6772,0.67775,1.60,4.80
2008.12.19 17:34:32.550,0.6772,0.67775,1.60,3.20
2008.12.19 17:34:33.710,0.6772,0.67775,1.60,4.00
2008.12.19 17:34:34.180,0.6771,0.6776,3.20,1.80
2008.12.19 17:34:34.570,0.6771,0.6775,3.20,1.20
2008.12.19 17:34:36.239,0.6771,0.6776,3.20,1.80
2008.12.19 17:34:36.639,0.6771,0.67775,6.00,3.20
2008.12.19 17:34:39.499,0.6771,0.67775,7.60,3.20
2008.12.19 17:34:42.688,0.6772,0.6777,2.20,1.20
2008.12.19 17:34:42.798,0.6772,0.6778,2.20,1.60
2008.12.19 17:34:43.138,0.6772,0.6778,10.20,1.60
2008.12.19 17:34:43.598,0.6772,0.67785,2.80,3.20
2008.12.19 17:34:48.147,0.6772,0.67785,6.00,3.20
2008.12.19 17:34:48.557,0.67725,0.67785,1.60,3.20
2008.12.19 17:34:48.727,0.6772,0.67785,4.40,3.20
2008.12.19 17:34:53.435,0.6772,0.67775,1.60,1.80
2008.12.19 17:34:53.775,0.6772,0.67775,1.20,1.80
2008.12.19 17:34:54.175,0.6771,0.67775,7.60,3.20
2008.12.19 17:35:04.383,0.6771,0.67775,8.60,3.20
2008.12.19 17:35:04.562,0.6771,0.67765,7.40,1.80
2008.12.19 17:35:04.803,0.6771,0.67765,5.80,1.80
2008.12.19 17:35:05.083,0.6771,0.67765,5.80,3.20
2008.12.19 17:35:41.624,0.6772,0.67765,1.60,3.20
2008.12.19 17:35:41.974,0.6772,0.6776,1.60,1.20
2008.12.19 17:35:59.770,0.6772,0.6777,1.60,1.80
2008.12.19 17:36:00.459,0.6772,0.6777,1.60,1.20
2008.12.19 17:36:08.377,0.6772,0.6777,2.80,1.20
2008.12.19 17:36:08.887,0.6772,0.6777,7.60,1.20
2008.12.19 17:36:09.127,0.6772,0.6778,7.60,1.80
2008.12.19 17:36:11.737,0.6772,0.6778,7.60,2.60
2008.12.19 17:36:12.036,0.6772,0.67775,4.80,1.80
2008.12.19 17:36:12.216,0.6772,0.6778,7.60,1.80
2008.12.19 17:36:12.396,0.6772,0.6778,8.60,2.60
2008.12.19 17:36:12.617,0.6772,0.67775,5.80,1.80
2008.12.19 17:36:13.576,0.6772,0.67775,5.80,3.20
2008.12.19 17:36:17.655,0.6772,0.6777,5.80,1.20
2008.12.19 17:36:18.105,0.67725,0.67785,2.80,4.80
2008.12.19 17:36:18.445,0.67725,0.67785,2.80,3.20
2008.12.19 17:36:18.965,0.6772,0.6778,7.40,1.80
2008.12.19 17:36:19.536,0.6772,0.6778,5.80,1.80
2008.12.19 17:36:20.224,0.6772,0.6777,5.80,1.20
2008.12.19 17:36:23.964,0.6773,0.6777,3.20,1.20
2008.12.19 17:36:24.304,0.6773,0.6778,3.20,3.20
2008.12.19 17:36:29.882,0.6772,0.6778,8.60,3.20
2008.12.19 17:36:30.212,0.6772,0.6777,5.80,1.20
2008.12.19 17:36:32.981,0.6772,0.6777,5.80,1.80
2008.12.19 17:36:33.631,0.6772,0.67775,4.80,4.80
2008.12.19 17:36:34.041,0.6772,0.6777,4.80,1.20
2008.12.19 17:36:39.090,0.6772,0.6776,4.80,1.80
2008.12.19 17:36:41.349,0.6772,0.6776,5.80,1.80
2008.12.19 17:36:41.589,0.67725,0.6777,1.60,1.80
2008.12.19 17:36:42.049,0.6773,0.6777,3.20,1.80
2008.12.19 17:36:44.849,0.6772,0.6776,5.80,1.80
2008.12.19 17:36:49.107,0.6772,0.6777,5.80,1.20
2008.12.19 17:36:52.797,0.6772,0.6777,1.60,1.80
2008.12.19 17:36:53.026,0.6772,0.67775,4.80,2.80
2008.12.19 17:36:53.206,0.6772,0.6777,1.60,1.80
2008.12.19 17:36:53.896,0.6772,0.6776,1.60,1.20
2008.12.19 17:36:54.466,0.6772,0.6776,4.80,1.20
2008.12.19 17:36:54.816,0.6772,0.67775,4.80,2.80
2008.12.19 17:36:55.216,0.6772,0.6777,4.80,1.20
2008.12.19 17:37:05.603,0.6772,0.6778,5.40,6.60
2008.12.19 17:37:05.763,0.6772,0.6778,5.40,6.60
2008.12.19 17:37:05.943,0.6772,0.6778,4.80,6.60
2008.12.19 17:37:06.403,0.6772,0.6778,7.60,6.00
2008.12.19 17:37:12.022,0.6772,0.6778,4.80,6.60
2008.12.19 17:37:12.552,0.6772,0.6778,5.80,6.60
2008.12.19 17:37:13.251,0.6772,0.67775,3.20,2.60
2008.12.19 17:37:13.762,0.6772,0.67775,3.20,3.20
2008.12.19 17:37:57.931,0.6772,0.6777,3.20,6.00
2008.12.19 17:37:58.331,0.6772,0.67785,6.00,9.60
2008.12.19 17:37:58.791,0.6772,0.67785,7.60,3.20
2008.12.19 17:38:01.890,0.6773,0.67785,3.20,3.20
2008.12.19 17:38:10.118,0.6773,0.6778,3.20,1.20
2008.12.19 17:38:12.997,0.6773,0.67785,4.20,3.20
2008.12.19 17:38:20.795,0.6774,0.6778,3.20,1.20
2008.12.19 17:38:21.085,0.6774,0.6779,3.20,4.80
2008.12.19 17:38:21.315,0.6774,0.6779,3.20,3.20
2008.12.19 17:38:21.945,0.6773,0.67785,1.60,3.20
2008.12.19 17:38:22.415,0.6772,0.67785,7.60,3.20
2008.12.19 17:38:24.914,0.6772,0.67785,8.60,3.20
2008.12.19 17:38:25.314,0.6773,0.6778,2.80,1.20
2008.12.19 17:38:25.754,0.6773,0.6779,2.80,3.20
2008.12.19 17:38:26.844,0.67725,0.67785,1.60,3.20
2008.12.19 17:38:27.304,0.6772,0.67785,7.60,3.20
2008.12.19 17:38:31.153,0.6773,0.6779,2.20,3.20
2008.12.19 17:38:31.323,0.6773,0.6779,2.80,3.20
2008.12.19 17:38:32.472,0.6773,0.6779,6.00,3.20
2008.12.19 17:38:32.972,0.6774,0.6779,3.20,3.20
2008.12.19 17:38:35.772,0.6773,0.67785,4.20,1.80
2008.12.19 17:38:36.232,0.6773,0.67785,4.20,3.20
2008.12.19 17:38:36.821,0.6772,0.6777,4.20,1.20
2008.12.19 17:38:38.101,0.6772,0.6777,4.40,1.20
2008.12.19 17:38:38.721,0.6773,0.6777,1.00,1.20
2008.12.19 17:38:39.081,0.6772,0.6777,4.20,1.20
2008.12.19 17:38:40.691,0.6772,0.67785,6.00,9.60
2008.12.19 17:38:41.040,0.6772,0.67785,7.60,3.20
2008.12.19 17:38:42.890,0.6773,0.67785,3.20,3.20
2008.12.19 17:38:43.460,0.6773,0.6778,3.20,1.20
2008.12.19 17:38:50.568,0.6773,0.67785,3.20,3.20
2008.12.19 17:38:59.026,0.6773,0.6778,3.20,1.20
2008.12.19 17:39:03.205,0.67725,0.67785,1.60,3.20
2008.12.19 17:39:03.545,0.6772,0.67785,6.00,4.80
2008.12.19 17:39:03.935,0.6772,0.6778,6.00,1.80
2008.12.19 17:39:06.224,0.6772,0.67785,7.60,3.20
2008.12.19 17:39:06.454,0.6773,0.67785,3.20,3.20
2008.12.19 17:39:08.354,0.6773,0.6778,3.20,1.80
2008.12.19 17:39:13.922,0.6773,0.67785,3.20,4.80
2008.12.19 17:39:14.362,0.6773,0.67785,3.20,3.20
2008.12.19 17:39:22.790,0.6773,0.6778,3.20,1.80
2008.12.19 17:39:28.189,0.6773,0.6777,3.20,1.80
2008.12.19 17:39:32.748,0.6773,0.67775,3.20,1.80
2008.12.19 17:39:33.268,0.6773,0.67785,3.20,3.20
2008.12.19 17:40:01.741,0.67725,0.67775,3.20,1.80
2008.12.19 17:40:02.031,0.67725,0.67775,3.20,3.20
2008.12.19 17:40:02.591,0.6773,0.6778,3.20,1.60
2008.12.19 17:40:03.121,0.6773,0.67785,3.20,3.20
2008.12.19 17:40:18.727,0.6772,0.6778,7.60,1.80
2008.12.19 17:40:19.087,0.6772,0.6778,6.00,1.80
2008.12.19 17:40:19.257,0.6772,0.67785,6.00,4.80
2008.12.19 17:40:19.607,0.6772,0.67785,7.60,3.20
2008.12.19 17:40:19.837,0.6772,0.6778,7.60,1.80
2008.12.19 17:40:20.066,0.6772,0.6778,6.00,1.80
2008.12.19 17:40:20.537,0.6772,0.67785,7.60,3.20
2008.12.19 17:40:22.076,0.6773,0.67785,3.20,3.20
2008.12.19 17:40:32.084,0.6773,0.6778,3.20,1.80
2008.12.19 17:40:34.753,0.6772,0.6777,5.40,1.20
2008.12.19 17:40:35.023,0.6772,0.6777,5.80,1.20
2008.12.19 17:40:35.313,0.67725,0.6777,1.60,1.20
2008.12.19 17:40:35.713,0.6773,0.6777,3.20,1.20
2008.12.19 17:40:36.453,0.6773,0.6778,3.20,1.80
2008.12.19 17:40:37.592,0.6773,0.6778,3.20,2.60
2008.12.19 17:40:38.472,0.6773,0.6778,3.20,1.80
2008.12.19 17:40:43.851,0.6773,0.67785,3.20,3.20
2008.12.19 17:40:46.700,0.6774,0.67785,3.20,3.20
2008.12.19 17:40:47.050,0.6774,0.6778,3.20,1.20
2008.12.19 17:40:49.090,0.67745,0.6778,3.20,1.20
2008.12.19 17:40:50.009,0.6774,0.6779,3.20,1.80
2008.12.19 17:40:51.399,0.6774,0.6779,1.20,1.80
2008.12.19 17:40:52.039,0.6774,0.6779,1.20,2.60
2008.12.19 17:40:52.269,0.6773,0.67785,1.20,3.20
2008.12.19 17:40:52.859,0.67725,0.67785,2.20,3.20
2008.12.19 17:40:53.089,0.67725,0.67785,3.80,3.20
2008.12.19 17:40:54.648,0.67725,0.6777,2.60,1.80
2008.12.19 17:40:54.768,0.6773,0.6777,1.20,1.80
2008.12.19 17:40:55.098,0.6772,0.6776,1.60,1.20
2008.12.19 17:40:55.608,0.6772,0.6776,4.80,1.20
2008.12.19 17:41:00.147,0.67725,0.6776,3.20,1.20
2008.12.19 17:41:00.367,0.67725,0.67775,3.20,3.20
2008.12.19 17:41:00.547,0.6773,0.6778,3.20,3.20
2008.12.19 17:41:00.727,0.6773,0.6778,3.20,2.80
2008.12.19 17:41:02.306,0.6773,0.6778,4.80,2.80
2008.12.19 17:41:02.836,0.6773,0.6778,3.20,2.80
2008.12.19 17:41:10.504,0.6773,0.6778,3.20,3.40
2008.12.19 17:41:20.982,0.6773,0.6778,3.20,2.80
2008.12.19 17:41:21.272,0.6774,0.6778,3.20,2.80
2008.12.19 17:41:21.442,0.6773,0.6778,3.20,2.80
2008.12.19 17:41:23.251,0.6774,0.6778,3.20,2.80
2008.12.19 17:41:25.401,0.6773,0.6778,5.40,2.80
2008.12.19 17:41:25.621,0.6773,0.6778,4.20,2.80
2008.12.19 17:41:30.429,0.6773,0.6778,5.80,2.80
2008.12.19 17:41:31.129,0.6773,0.6778,4.80,2.80
2008.12.19 17:41:34.359,0.6773,0.6778,3.20,3.40
2008.12.19 17:41:36.038,0.6774,0.6778,3.20,2.80
2008.12.19 17:41:37.618,0.6774,0.6778,3.20,1.60
2008.12.19 17:41:37.888,0.6774,0.67795,3.20,3.20
2008.12.19 17:41:40.487,0.6774,0.6779,3.20,1.80
2008.12.19 17:41:43.866,0.6774,0.67795,3.20,4.80
2008.12.19 17:41:44.386,0.6774,0.67795,3.20,3.20
2008.12.19 17:41:47.986,0.6774,0.6779,3.20,1.80
2008.12.19 17:41:50.925,0.6774,0.67795,3.20,4.80
2008.12.19 17:41:51.444,0.6774,0.67795,3.20,3.20
2008.12.19 17:41:53.304,0.67745,0.67795,3.20,3.20
2008.12.19 17:41:57.843,0.6774,0.6778,3.20,1.20
2008.12.19 17:41:58.303,0.6774,0.6778,1.20,1.20
2008.12.19 17:41:58.573,0.6773,0.67785,4.20,3.20
2008.12.19 17:42:00.862,0.67725,0.6777,1.60,1.20
2008.12.19 17:42:01.432,0.67725,0.6777,2.80,1.20
2008.12.19 17:42:01.883,0.6772,0.6777,5.80,1.20
2008.12.19 17:42:02.762,0.6772,0.6777,7.40,1.20
2008.12.19 17:42:04.771,0.6772,0.6777,5.80,1.20
2008.12.19 17:42:07.971,0.6772,0.6777,7.40,1.20
2008.12.19 17:42:25.786,0.6772,0.67775,7.40,3.20
2008.12.19 17:42:26.306,0.6772,0.67775,5.80,3.20
2008.12.19 17:42:29.675,0.6772,0.67775,4.80,3.20
2008.12.19 17:42:31.085,0.6772,0.67775,6.40,3.20
2008.12.19 17:42:32.625,0.6772,0.6777,3.20,3.20
2008.12.19 17:42:32.865,0.6772,0.6776,3.20,1.20
2008.12.19 17:42:34.855,0.6772,0.6776,6.40,1.20
2008.12.19 17:42:35.274,0.6772,0.67765,6.40,1.20
2008.12.19 17:42:36.484,0.6772,0.6777,7.60,1.20
2008.12.19 17:42:36.944,0.6772,0.6777,9.20,1.20
2008.12.19 17:42:37.223,0.6772,0.67775,6.40,3.20
2008.12.19 17:42:37.693,0.6772,0.6776,6.40,1.20
2008.12.19 17:42:38.513,0.6772,0.6776,4.80,1.20
2008.12.19 17:42:42.442,0.6772,0.6776,6.40,1.20
2008.12.19 17:43:01.278,0.6772,0.6776,3.20,1.20
2008.12.19 17:43:05.447,0.6772,0.6776,6.40,1.20
2008.12.19 17:43:11.235,0.6772,0.6776,8.00,1.20
2008.12.19 17:43:32.200,0.67725,0.67775,3.20,3.20
2008.12.19 17:43:33.390,0.6773,0.67775,3.20,1.80
2008.12.19 17:43:33.560,0.6773,0.6778,3.20,2.80
2008.12.19 17:43:37.539,0.6773,0.6778,3.20,3.40
2008.12.19 17:43:38.289,0.6773,0.6777,3.20,1.20
2008.12.19 17:43:43.057,0.67725,0.6777,3.20,1.20
2008.12.19 17:43:43.178,0.67725,0.67775,3.20,3.20
2008.12.19 17:43:44.647,0.67725,0.67775,4.80,3.20
2008.12.19 17:43:45.167,0.6772,0.6776,8.00,1.20
2008.12.19 17:43:52.185,0.6772,0.6776,9.20,1.20
2008.12.19 17:43:52.515,0.6773,0.6777,1.60,1.20
2008.12.19 17:43:52.745,0.6772,0.6776,9.60,1.20
2008.12.19 17:43:53.225,0.6772,0.6776,8.00,1.20
2008.12.19 17:43:57.814,0.6772,0.6776,6.40,1.20
2008.12.19 17:44:01.133,0.6772,0.6776,8.00,1.20
2008.12.19 17:44:11.961,0.6772,0.67775,8.00,3.20
2008.12.19 17:44:15.220,0.6772,0.6776,8.00,1.20
2008.12.19 17:44:16.369,0.6773,0.67775,3.20,1.80
2008.12.19 17:44:16.590,0.6772,0.67775,9.60,3.20
2008.12.19 17:44:16.820,0.6772,0.67775,8.00,3.20
2008.12.19 17:44:18.749,0.6772,0.6777,8.00,1.20
2008.12.19 17:44:36.235,0.6772,0.6777,9.20,1.20
2008.12.19 17:44:36.405,0.6773,0.6777,3.20,1.20
2008.12.19 17:44:51.851,0.6772,0.6777,9.00,1.20
2008.12.19 17:44:52.291,0.6772,0.67775,9.00,3.20
2008.12.19 17:45:31.692,0.67725,0.67775,3.20,3.20
2008.12.19 17:45:33.901,0.6773,0.6777,3.20,1.20
2008.12.19 17:46:10.872,0.6773,0.6778,3.20,7.60
2008.12.19 17:46:13.761,0.6773,0.6778,3.20,3.40
2008.12.19 17:46:40.965,0.6773,0.67775,3.20,4.80
2008.12.19 17:46:41.265,0.6773,0.6778,3.20,2.80
2008.12.19 17:46:43.444,0.67745,0.67815,2.20,1.60
2008.12.19 17:46:44.134,0.67755,0.6783,2.60,1.80
2008.12.19 17:46:44.654,0.67765,0.6783,3.80,1.80
2008.12.19 17:47:04.869,0.67765,0.67815,2.60,1.80
2008.12.19 17:47:05.619,0.6776,0.67815,4.20,3.20
2008.12.19 17:47:05.859,0.6777,0.67815,1.20,1.80
2008.12.19 17:47:13.357,0.6777,0.67805,1.20,1.80
2008.12.19 17:47:13.747,0.6775,0.67805,1.20,1.80
2008.12.19 17:47:14.217,0.6774,0.678,2.80,1.80
2008.12.19 17:47:14.397,0.6774,0.678,2.20,1.80
2008.12.19 17:47:14.977,0.67735,0.67795,2.20,1.80
2008.12.19 17:47:15.766,0.6774,0.67795,1.20,1.80
2008.12.19 17:47:22.535,0.67735,0.67795,2.20,2.60
2008.12.19 17:47:22.825,0.67735,0.67785,2.20,1.00
2008.12.19 17:47:23.524,0.6774,0.6779,2.20,1.60
2008.12.19 17:47:23.985,0.6774,0.678,2.20,1.80
2008.12.19 17:47:30.083,0.6774,0.67805,2.20,3.40
2008.12.19 17:47:30.243,0.6774,0.67805,10.20,3.40
2008.12.19 17:47:30.533,0.67745,0.6781,1.20,3.40
2008.12.19 17:47:30.933,0.6775,0.6781,1.60,1.80
2008.12.19 17:47:31.463,0.67745,0.67805,1.60,1.80
2008.12.19 17:47:31.912,0.6774,0.67805,2.80,1.80
2008.12.19 17:47:53.267,0.6775,0.67815,1.20,4.80
2008.12.19 17:47:53.778,0.67745,0.6781,2.80,1.80
2008.12.19 17:47:54.077,0.6775,0.6781,1.60,1.80
2008.12.19 17:47:54.247,0.67745,0.6781,2.80,1.80
2008.12.19 17:47:58.996,0.6775,0.67815,1.20,3.40
2008.12.19 17:47:59.166,0.6775,0.67815,9.20,3.40
2008.12.19 17:47:59.686,0.6775,0.67815,2.80,1.80
2008.12.19 17:48:09.443,0.6775,0.67805,1.60,1.80
2008.12.19 17:48:10.013,0.67745,0.6781,2.20,3.40
2008.12.19 17:48:10.253,0.67745,0.67805,2.60,1.80
2008.12.19 17:48:10.723,0.67745,0.6781,2.20,3.40
2008.12.19 17:48:11.163,0.67745,0.6781,3.80,1.80
2008.12.19 17:48:12.723,0.6775,0.67815,2.20,4.80
2008.12.19 17:48:12.773,0.6775,0.67815,2.80,1.80
2008.12.19 17:48:25.650,0.67755,0.6782,2.80,1.80
2008.12.19 17:48:33.018,0.67755,0.6781,1.60,1.80
2008.12.19 17:48:33.648,0.67745,0.6781,11.80,1.80
2008.12.19 17:48:33.817,0.67745,0.6781,3.80,1.80
2008.12.19 17:48:50.614,0.6775,0.67815,2.20,4.80
2008.12.19 17:48:50.953,0.6775,0.67815,2.80,3.20
2008.12.19 17:49:03.771,0.67755,0.6782,1.20,3.40
2008.12.19 17:49:04.460,0.67755,0.6782,2.80,1.80
2008.12.19 17:49:17.717,0.67755,0.67815,1.60,1.80
2008.12.19 17:49:18.347,0.6775,0.67815,2.80,1.80
2008.12.19 17:49:20.936,0.6775,0.67805,1.60,3.20
2008.12.19 17:49:21.526,0.6775,0.67805,1.20,3.20
2008.12.19 17:49:24.545,0.6775,0.67805,1.60,3.20
2008.12.19 17:49:26.385,0.6775,0.678,1.60,1.20
2008.12.19 17:49:30.114,0.6776,0.678,1.60,1.20
2008.12.19 17:49:30.884,0.6776,0.67815,1.60,3.20
2008.12.19 17:49:32.384,0.6775,0.678,3.20,1.20
2008.12.19 17:49:32.434,0.67745,0.67765,2.60,2.60
2008.12.19 17:49:32.844,0.6774,0.67765,5.80,2.60
2008.12.19 17:49:33.133,0.6775,0.67765,1.60,2.60
2008.12.19 17:49:36.792,0.67745,0.6775,2.60,2.60
2008.12.19 17:49:53.718,0.6774,0.6775,7.60,2.60
2008.12.19 17:49:54.958,0.6774,0.6775,4.20,2.60
2008.12.19 17:50:06.235,0.67735,0.6775,1.60,2.60
2008.12.19 17:50:06.905,0.6772,0.6775,3.20,2.60
2008.12.19 17:50:07.315,0.6772,0.67785,3.20,3.20
2008.12.19 17:50:11.794,0.6772,0.6777,3.20,1.20
2008.12.19 17:50:18.292,0.6772,0.67775,3.20,3.20
2008.12.19 17:50:29.260,0.6772,0.6776,3.20,1.60
2008.12.19 17:50:30.619,0.67715,0.6776,3.80,1.60
2008.12.19 17:50:31.060,0.6771,0.6776,6.00,2.80
2008.12.19 17:50:36.598,0.67715,0.6776,1.20,2.80
2008.12.19 17:50:36.778,0.6772,0.6776,3.20,2.80
2008.12.19 17:50:38.128,0.6771,0.6776,7.00,2.80
2008.12.19 17:50:38.538,0.6771,0.6776,4.40,2.80
2008.12.19 17:50:41.847,0.6771,0.6776,4.20,2.80
2008.12.19 17:50:44.746,0.6771,0.6776,3.20,2.80
2008.12.19 17:50:45.206,0.6771,0.6775,3.20,1.20
2008.12.19 17:50:46.076,0.677,0.6774,6.40,1.20
2008.12.19 17:50:46.306,0.677,0.6774,1.60,1.00
2008.12.19 17:50:46.806,0.677,0.6772,1.60,1.20
2008.12.19 17:50:47.775,0.6766,0.67725,4.80,3.20
2008.12.19 17:50:48.245,0.6766,0.67725,3.20,3.20
2008.12.19 17:50:48.655,0.67655,0.67725,2.60,3.20
2008.12.19 17:50:50.575,0.6767,0.6772,1.20,1.80
2008.12.19 17:50:50.805,0.6766,0.6771,5.40,1.20
2008.12.19 17:50:51.154,0.6767,0.6771,3.20,1.20
2008.12.19 17:51:28.276,0.6766,0.67715,4.20,3.20
2008.12.19 17:51:30.115,0.6766,0.67715,5.80,3.20
2008.12.19 17:51:30.815,0.6766,0.67715,4.20,3.20
2008.12.19 17:51:32.275,0.6767,0.6771,3.20,1.20
2008.12.19 17:51:39.773,0.6767,0.67725,3.20,3.20
2008.12.19 17:51:41.582,0.67685,0.6773,2.20,6.40
2008.12.19 17:51:42.002,0.67685,0.6774,5.40,1.20
2008.12.19 17:51:42.412,0.67695,0.67755,2.60,3.20
2008.12.19 17:51:42.812,0.677,0.6776,2.20,1.80
2008.12.19 17:51:43.162,0.67695,0.6776,5.40,1.80
2008.12.19 17:51:43.742,0.67695,0.67755,3.80,1.80
2008.12.19 17:51:44.202,0.6769,0.6775,1.60,1.80
2008.12.19 17:51:44.482,0.67685,0.67745,2.60,1.80
2008.12.19 17:51:44.712,0.6769,0.67745,1.20,1.80
2008.12.19 17:51:45.241,0.67685,0.6775,3.80,1.80
2008.12.19 17:51:45.711,0.67685,0.67745,2.60,1.80
2008.12.19 17:51:45.951,0.6769,0.67745,1.20,3.20
2008.12.19 17:51:48.820,0.67685,0.67745,2.60,3.20
2008.12.19 17:51:49.520,0.67685,0.6774,5.40,1.20
2008.12.19 17:51:49.880,0.67685,0.6774,5.40,2.80
2008.12.19 17:51:50.520,0.6769,0.67745,3.20,3.20
2008.12.19 17:51:50.940,0.6771,0.6775,1.60,1.20
2008.12.19 17:51:58.368,0.6772,0.6776,1.60,2.80
2008.12.19 17:52:01.237,0.6772,0.6776,1.60,4.40
2008.12.19 17:52:02.398,0.677,0.6776,2.20,3.40
2008.12.19 17:52:03.877,0.677,0.6776,2.20,2.80
2008.12.19 17:52:04.627,0.677,0.6776,2.80,2.80
2008.12.19 17:52:05.337,0.677,0.6776,2.80,3.40
2008.12.19 17:52:05.806,0.677,0.6776,2.20,3.40
2008.12.19 17:52:07.206,0.67695,0.6776,5.40,3.40
2008.12.19 17:52:07.436,0.67695,0.6775,5.40,1.20
2008.12.19 17:52:17.734,0.677,0.6776,2.20,2.80
2008.12.19 17:52:18.034,0.677,0.6776,2.80,2.80
2008.12.19 17:52:27.591,0.677,0.6775,1.60,1.80
2008.12.19 17:52:27.941,0.67695,0.6775,2.60,1.80
2008.12.19 17:52:33.070,0.677,0.6774,1.20,1.80
2008.12.19 17:52:33.290,0.677,0.67735,1.20,1.80
2008.12.19 17:52:47.606,0.67695,0.67735,1.20,1.80
2008.12.19 17:52:47.896,0.67685,0.67735,3.20,3.20
2008.12.19 17:52:52.585,0.6768,0.67735,5.80,3.20
2008.12.19 17:52:52.885,0.6768,0.6772,4.80,1.20
2008.12.19 17:53:08.951,0.6768,0.67735,4.80,3.20
2008.12.19 17:53:09.341,0.67685,0.67735,3.20,3.20
2008.12.19 17:53:10.741,0.6768,0.6772,4.80,1.20
2008.12.19 17:53:11.081,0.6768,0.6771,1.60,1.20
2008.12.19 17:53:25.877,0.6768,0.6772,1.60,1.20
2008.12.19 17:53:26.337,0.6768,0.6772,4.80,1.20
2008.12.19 17:53:31.836,0.6768,0.6772,1.60,1.20
2008.12.19 17:54:01.639,0.6768,0.6772,4.80,1.20
2008.12.19 17:54:02.288,0.6768,0.67725,4.80,1.00
2008.12.19 17:54:02.798,0.6769,0.67725,3.20,1.00
2008.12.19 17:54:03.378,0.6769,0.6773,3.20,1.20
2008.12.19 17:54:04.108,0.6768,0.6772,1.60,1.20
2008.12.19 17:54:07.337,0.6768,0.6772,4.80,1.20
2008.12.19 17:54:20.494,0.6769,0.6772,8.60,1.20
2008.12.19 17:54:20.614,0.6769,0.67755,11.20,8.00
2008.12.19 17:54:20.954,0.6769,0.67755,11.20,3.20
2008.12.19 17:54:21.634,0.67705,0.67775,3.80,3.20
2008.12.19 17:54:28.332,0.67705,0.67765,2.80,3.20
2008.12.19 17:54:28.652,0.677,0.67755,1.60,1.80
2008.12.19 17:54:28.992,0.67695,0.67755,1.20,1.80
2008.12.19 17:54:36.260,0.677,0.6776,1.20,3.40
2008.12.19 17:54:36.550,0.677,0.6776,2.20,1.80
2008.12.19 17:54:38.570,0.67705,0.67765,2.80,4.80
2008.12.19 17:54:39.030,0.67705,0.67765,3.80,3.20
2008.12.19 17:54:39.389,0.67705,0.6776,5.40,1.20
2008.12.19 17:54:40.709,0.67705,0.67765,5.40,3.20
2008.12.19 17:54:40.949,0.6771,0.67765,3.20,3.20
2008.12.19 17:54:41.549,0.6773,0.6776,1.60,1.20
2008.12.19 17:54:43.758,0.6774,0.67775,1.60,3.20
2008.12.19 17:54:44.338,0.6774,0.6777,1.60,1.20
2008.12.19 17:54:44.688,0.6774,0.6781,1.60,3.40
2008.12.19 17:54:44.748,0.6776,0.6782,1.20,1.60
2008.12.19 17:54:45.438,0.6775,0.67825,2.80,1.80
2008.12.19 17:54:45.918,0.67755,0.67805,1.60,1.00
2008.12.19 17:54:46.518,0.67745,0.67785,2.60,1.80
2008.12.19 17:54:46.808,0.6775,0.67805,2.20,1.60
2008.12.19 17:54:47.208,0.6775,0.67815,2.80,1.80
2008.12.19 17:54:47.448,0.67755,0.6782,2.80,1.80
2008.12.19 17:54:48.017,0.6777,0.67835,2.80,1.80
2008.12.19 17:54:48.587,0.67765,0.67825,1.60,1.80
2008.12.19 17:54:48.987,0.6777,0.67815,1.60,1.80
2008.12.19 17:54:49.227,0.67735,0.6781,5.40,1.80
2008.12.19 17:54:56.515,0.67755,0.67815,1.20,2.80
2008.12.19 17:54:57.035,0.6776,0.67815,1.60,2.80
2008.12.19 17:54:57.275,0.67755,0.67815,2.60,3.20
2008.12.19 17:55:03.584,0.6776,0.6781,2.80,1.20
2008.12.19 17:55:03.933,0.67765,0.6781,1.60,1.20
2008.12.19 17:55:04.333,0.67765,0.67815,1.60,3.20
2008.12.19 17:55:04.953,0.67765,0.6781,1.60,1.20
2008.12.19 17:55:05.183,0.67775,0.6782,1.60,1.20
2008.12.19 17:55:06.353,0.67775,0.67825,2.60,1.00
2008.12.19 17:55:07.123,0.6776,0.67815,2.60,3.20
2008.12.19 17:55:07.753,0.6776,0.67815,2.60,4.80
2008.12.19 17:55:08.302,0.6776,0.6781,1.60,1.80
2008.12.19 17:55:12.151,0.6776,0.678,1.60,1.80
2008.12.19 17:55:12.671,0.6776,0.67805,1.60,3.40
2008.12.19 17:55:12.832,0.6776,0.67795,1.60,1.80
2008.12.19 17:55:13.181,0.6776,0.67785,1.60,1.80
2008.12.19 17:55:13.521,0.6776,0.6779,1.60,3.40
2008.12.19 17:55:13.751,0.6776,0.6779,1.60,1.80
2008.12.19 17:55:14.041,0.6772,0.6779,1.20,1.80
2008.12.19 17:55:14.261,0.67715,0.67785,2.80,1.80
2008.12.19 17:55:14.491,0.67715,0.67785,1.20,1.80
2008.12.19 17:55:14.661,0.6771,0.67785,2.80,1.80
2008.12.19 17:55:14.841,0.6771,0.67775,1.60,1.80
2008.12.19 17:55:15.291,0.6771,0.67775,4.40,1.80
2008.12.19 17:55:15.511,0.67715,0.67775,1.20,1.80
2008.12.19 17:55:21.249,0.67715,0.67775,9.20,1.80
2008.12.19 17:55:21.369,0.67715,0.6778,1.20,3.40
2008.12.19 17:55:21.879,0.6772,0.6778,1.20,1.60
2008.12.19 17:55:22.049,0.67725,0.67785,1.20,1.80
2008.12.19 17:55:22.519,0.6772,0.67775,1.60,1.80
2008.12.19 17:55:22.979,0.6773,0.6778,1.20,1.60
2008.12.19 17:55:23.419,0.6773,0.6778,1.20,1.20
2008.12.19 17:55:23.809,0.6771,0.67775,2.80,1.80
2008.12.19 17:55:24.089,0.67725,0.67785,1.20,1.80
2008.12.19 17:55:24.539,0.6772,0.67785,2.80,1.80
2008.12.19 17:55:24.828,0.6772,0.67775,1.60,1.80
2008.12.19 17:55:25.468,0.67715,0.67775,1.20,1.80
2008.12.19 17:55:25.978,0.67725,0.67785,1.20,1.80
2008.12.19 17:55:26.438,0.6772,0.67775,1.60,1.80
2008.12.19 17:55:27.098,0.6771,0.67775,2.80,1.80
2008.12.19 17:55:27.488,0.6772,0.6778,2.80,1.80
2008.12.19 17:55:28.038,0.6772,0.6778,1.20,1.80
2008.12.19 17:55:28.278,0.6771,0.67775,2.80,1.80
2008.12.19 17:55:44.744,0.6771,0.6777,1.60,1.80
2008.12.19 17:55:45.704,0.6771,0.67775,2.80,1.80
2008.12.19 17:55:46.214,0.677,0.67765,4.40,1.80
2008.12.19 17:55:46.393,0.677,0.67765,4.40,3.20
2008.12.19 17:55:53.781,0.677,0.67765,4.40,1.80
2008.12.19 17:55:54.252,0.6771,0.6777,1.20,1.60
2008.12.19 17:55:54.421,0.6771,0.67775,2.80,1.80
2008.12.19 17:56:09.598,0.67715,0.67775,1.20,1.80
2008.12.19 17:56:10.148,0.6772,0.6778,1.20,3.40
2008.12.19 17:56:10.558,0.6772,0.6778,1.20,1.80
2008.12.19 17:56:10.787,0.6772,0.6778,2.20,1.80
2008.12.19 17:56:14.666,0.67715,0.67775,9.20,1.80
2008.12.19 17:56:15.206,0.6771,0.67775,2.80,1.80
2008.12.19 17:56:15.506,0.67715,0.67775,1.20,1.80
2008.12.19 17:56:16.176,0.6771,0.67775,2.80,1.80
2008.12.19 17:56:22.155,0.67715,0.67775,1.20,1.80
2008.12.19 17:56:22.445,0.6773,0.6778,1.20,1.60
2008.12.19 17:56:22.974,0.6773,0.6779,1.20,1.80
2008.12.19 17:56:26.514,0.6773,0.6778,1.20,1.20
2008.12.19 17:56:26.804,0.67715,0.67775,2.80,1.80
2008.12.19 17:56:27.553,0.67705,0.6777,2.80,1.80
2008.12.19 17:56:27.893,0.6771,0.67775,2.80,1.80
2008.12.19 17:56:28.513,0.67715,0.67775,1.20,1.80
2008.12.19 17:56:29.193,0.6771,0.67775,2.80,1.80
2008.12.19 17:56:29.703,0.67715,0.67775,1.20,1.80
2008.12.19 17:56:30.343,0.6771,0.67775,2.80,1.80
2008.12.19 17:56:30.693,0.67715,0.67775,1.20,1.80
2008.12.19 17:56:31.452,0.6771,0.67775,2.80,1.80
2008.12.19 17:56:31.692,0.67715,0.67775,1.20,1.80
2008.12.19 17:56:32.502,0.6771,0.67775,2.80,1.80
2008.12.19 17:56:32.802,0.67715,0.67775,1.20,1.80
2008.12.19 17:56:33.192,0.67715,0.6778,2.80,1.80
2008.12.19 17:56:33.572,0.67715,0.67775,2.80,1.80
2008.12.19 17:56:33.863,0.67715,0.67775,1.20,1.80
2008.12.19 17:56:34.492,0.67715,0.67775,1.60,1.80
2008.12.19 17:56:34.912,0.67715,0.6778,1.20,3.40
2008.12.19 17:56:35.471,0.67715,0.6777,1.20,1.60
2008.12.19 17:56:35.981,0.6771,0.6777,1.20,3.40
2008.12.19 17:56:36.451,0.6771,0.67755,1.60,1.80
2008.12.19 17:56:36.801,0.677,0.67755,1.60,1.80
2008.12.19 17:56:37.331,0.67705,0.67765,2.80,1.80
2008.12.19 17:56:37.571,0.677,0.67755,1.60,1.80
2008.12.19 17:56:40.210,0.677,0.6776,1.20,1.60
2008.12.19 17:56:40.681,0.677,0.6776,1.20,1.80
2008.12.19 17:56:41.010,0.677,0.6776,1.20,3.40
2008.12.19 17:56:41.410,0.677,0.6776,9.20,1.80
2008.12.19 17:56:42.050,0.677,0.6776,2.20,1.80
2008.12.19 17:56:42.800,0.67705,0.67765,1.20,3.40
2008.12.19 17:56:43.440,0.6771,0.6777,1.20,1.80
2008.12.19 17:56:44.079,0.6771,0.67775,1.20,3.40
2008.12.19 17:56:44.529,0.6771,0.67765,1.20,1.60
2008.12.19 17:56:44.819,0.6771,0.6777,1.20,1.80
2008.12.19 17:56:45.349,0.67715,0.67775,1.20,1.80
2008.12.19 17:56:45.739,0.67705,0.67765,1.20,3.40
2008.12.19 17:56:45.979,0.677,0.6776,2.80,1.80
2008.12.19 17:56:46.379,0.6771,0.67765,1.20,1.60
2008.12.19 17:56:46.719,0.6771,0.6777,1.20,1.80
2008.12.19 17:56:47.179,0.6771,0.67775,1.20,3.40
2008.12.19 17:56:47.828,0.677,0.67765,2.80,1.80
2008.12.19 17:56:48.278,0.6771,0.67775,2.80,9.80
2008.12.19 17:56:48.449,0.6771,0.6777,2.80,1.80
2008.12.19 17:56:48.778,0.6771,0.6777,1.20,1.80
2008.12.19 17:56:49.478,0.6771,0.67775,2.80,1.80
2008.12.19 17:56:50.288,0.67715,0.67775,1.20,1.80
2008.12.19 17:56:50.868,0.6771,0.67775,2.80,1.80
2008.12.19 17:56:51.158,0.67715,0.6778,1.20,3.40
2008.12.19 17:56:51.618,0.67715,0.6778,2.80,1.80
2008.12.19 17:56:52.867,0.6772,0.6778,1.60,1.80
2008.12.19 17:56:53.257,0.67715,0.6778,2.80,1.80
2008.12.19 17:56:53.557,0.67715,0.67775,9.20,1.80
2008.12.19 17:56:53.827,0.67715,0.67775,1.20,1.80
2008.12.19 17:56:54.127,0.6771,0.67775,2.80,1.80
2008.12.19 17:56:59.196,0.6771,0.6777,2.80,1.80
2008.12.19 17:56:59.486,0.67715,0.67775,1.20,3.40
2008.12.19 17:56:59.536,0.6771,0.67775,2.00,3.40
2008.12.19 17:57:00.086,0.6771,0.6777,2.80,1.80
2008.12.19 17:57:00.645,0.67715,0.67775,1.20,1.60
2008.12.19 17:57:01.096,0.6772,0.6778,1.20,3.40
2008.12.19 17:57:01.375,0.6772,0.67775,1.60,1.80
2008.12.19 17:57:01.605,0.67715,0.67775,1.20,1.80
2008.12.19 17:57:01.845,0.67715,0.6778,1.20,3.40
2008.12.19 17:57:02.186,0.67715,0.67775,9.20,1.80
2008.12.19 17:57:02.635,0.67715,0.67775,1.20,1.80
2008.12.19 17:57:03.025,0.67715,0.67775,1.60,1.80
2008.12.19 17:57:03.785,0.6771,0.67765,1.20,1.60
2008.12.19 17:57:04.425,0.67705,0.67765,9.20,1.80
2008.12.19 17:57:04.784,0.6771,0.67765,1.20,1.60
2008.12.19 17:57:05.304,0.6771,0.67775,2.80,1.80
2008.12.19 17:57:11.703,0.67715,0.67775,1.20,1.80
2008.12.19 17:57:12.623,0.67715,0.6778,2.80,1.80
2008.12.19 17:57:12.913,0.67715,0.67775,1.60,1.80
2008.12.19 17:57:13.143,0.6771,0.67775,2.80,1.80
2008.12.19 17:57:21.011,0.6771,0.6777,9.20,1.80
2008.12.19 17:57:21.350,0.6771,0.6777,1.20,1.80
2008.12.19 17:57:22.900,0.67715,0.67775,1.20,1.60
2008.12.19 17:57:23.080,0.67715,0.6778,2.80,1.80
2008.12.19 17:57:23.200,0.67715,0.67775,1.60,1.80
2008.12.19 17:57:23.880,0.6772,0.6778,1.20,3.40
2008.12.19 17:57:24.110,0.67715,0.67775,1.20,1.80
2008.12.19 17:57:24.570,0.67715,0.6778,1.20,3.40
2008.12.19 17:57:25.039,0.67715,0.67775,1.20,1.80
2008.12.19 17:57:30.038,0.6771,0.67775,2.80,1.80
2008.12.19 17:57:30.508,0.67715,0.67775,1.20,1.80
2008.12.19 17:57:30.748,0.6772,0.67785,2.80,1.80
2008.12.19 17:57:33.298,0.6772,0.6778,2.80,1.80
2008.12.19 17:57:33.357,0.67715,0.6778,2.00,3.40
2008.12.19 17:57:33.628,0.67715,0.6778,2.80,1.80
2008.12.19 17:57:42.105,0.6772,0.6778,1.20,1.80
2008.12.19 17:57:42.565,0.67715,0.67775,2.80,1.80
2008.12.19 17:57:42.725,0.67715,0.6778,2.00,3.40
2008.12.19 17:57:43.145,0.67715,0.6778,2.80,1.80
2008.12.19 17:57:47.694,0.67715,0.67775,2.00,1.80
2008.12.19 17:57:48.734,0.6772,0.6778,1.20,1.80
2008.12.19 17:57:50.054,0.67715,0.67775,2.80,1.80
2008.12.19 17:57:50.173,0.67715,0.67775,2.00,1.80
2008.12.19 17:57:52.883,0.67725,0.6778,1.20,1.60
2008.12.19 17:57:53.513,0.67725,0.67785,1.20,1.80
2008.12.19 17:57:53.983,0.6772,0.6778,2.00,1.80
2008.12.19 17:58:16.437,0.67715,0.67775,3.00,1.80
2008.12.19 17:58:20.326,0.6772,0.6778,2.20,1.80
2008.12.19 17:58:43.580,0.6774,0.6778,1.60,1.80
2008.12.19 17:58:43.920,0.6777,0.6778,1.20,1.80
2008.12.19 17:58:44.310,0.6774,0.67785,3.20,1.80
2008.12.19 17:58:44.930,0.6774,0.6779,4.40,1.60
