2015.06.04 02:00:00.021,0.77221,0.7723,1.00,1.00
2015.06.04 02:00:00.325,0.77222,0.77228,1.00,1.00
2015.06.04 02:00:00.426,0.77222,0.77231,1.00,2.25
2015.06.04 02:00:02.537,0.77221,0.77232,1.50,1.00
2015.06.04 02:00:03.066,0.77222,0.77231,1.00,1.00
2015.06.04 02:00:03.935,0.77222,0.77232,1.00,1.00
2015.06.04 02:00:05.725,0.77221,0.77233,1.00,3.00
2015.06.04 02:00:06.128,0.77221,0.77231,1.00,1.00
2015.06.04 02:00:06.791,0.77221,0.77232,1.00,2.25
2015.06.04 02:00:07.224,0.77225,0.77232,1.00,1.50
2015.06.04 02:00:07.618,0.77225,0.77232,1.00,1.87
2015.06.04 02:00:07.720,0.77221,0.77229,1.00,1.00
2015.06.04 02:00:07.973,0.7722,0.77226,1.00,1.00
2015.06.04 02:00:08.523,0.77221,0.77226,1.00,1.00
2015.06.04 02:00:11.295,0.77221,0.77227,1.00,1.00
2015.06.04 02:00:13.145,0.77223,0.77228,1.00,1.50
2015.06.04 02:00:13.196,0.77223,0.7723,1.00,1.87
2015.06.04 02:00:13.550,0.77227,0.77231,1.00,1.87
2015.06.04 02:00:13.753,0.77225,0.7723,1.00,1.87
2015.06.04 02:00:15.140,0.77224,0.7723,1.00,1.87
2015.06.04 02:00:15.444,0.77221,0.77228,1.00,1.00
2015.06.04 02:00:15.984,0.77222,0.77227,1.00,1.50
2015.06.04 02:00:16.547,0.77221,0.77227,1.00,1.50
2015.06.04 02:00:17.320,0.77224,0.77228,1.00,2.25
2015.06.04 02:00:17.421,0.77225,0.7723,1.00,1.07
2015.06.04 02:00:17.472,0.77225,0.77232,1.00,2.32
2015.06.04 02:00:17.574,0.77225,0.77233,1.00,2.25
2015.06.04 02:00:18.081,0.77225,0.77234,1.00,1.00
2015.06.04 02:00:18.881,0.77225,0.77233,1.00,1.00
2015.06.04 02:00:19.033,0.77222,0.77232,1.50,1.00
2015.06.04 02:00:19.235,0.77222,0.77234,1.50,2.25
2015.06.04 02:00:19.740,0.77223,0.77234,1.50,2.25
2015.06.04 02:00:22.461,0.77223,0.77232,1.00,1.00
2015.06.04 02:00:22.738,0.77221,0.77231,1.00,1.00
2015.06.04 02:00:22.992,0.77219,0.7723,2.32,1.50
2015.06.04 02:00:23.195,0.77218,0.77227,2.25,1.00
2015.06.04 02:00:23.746,0.77216,0.77226,1.17,1.00
2015.06.04 02:00:24.267,0.77217,0.77227,1.00,1.00
2015.06.04 02:00:25.597,0.77216,0.77228,2.25,3.07
2015.06.04 02:00:25.901,0.77219,0.77228,1.00,1.00
2015.06.04 02:00:26.409,0.7722,0.77229,1.00,2.25
2015.06.04 02:00:26.915,0.7722,0.77228,1.00,1.00
2015.06.04 02:00:27.168,0.77225,0.77235,1.00,3.75
2015.06.04 02:00:27.671,0.77224,0.77235,2.25,1.50
2015.06.04 02:00:28.178,0.77226,0.77236,1.00,1.50
2015.06.04 02:00:29.607,0.77225,0.77236,1.00,1.00
2015.06.04 02:00:32.214,0.77227,0.77237,1.00,2.25
2015.06.04 02:00:32.518,0.77232,0.77242,1.50,1.50
2015.06.04 02:00:33.023,0.77231,0.77242,2.25,1.00
2015.06.04 02:00:35.727,0.77231,0.77243,1.50,1.00
2015.06.04 02:00:36.237,0.77232,0.77243,1.00,1.50
2015.06.04 02:00:40.755,0.77232,0.77242,1.10,1.00
2015.06.04 02:00:41.123,0.7723,0.77241,2.25,1.50
2015.06.04 02:00:41.632,0.77231,0.77241,1.00,1.50
2015.06.04 02:00:42.136,0.77231,0.7724,1.00,1.00
2015.06.04 02:00:43.086,0.77231,0.77241,1.00,1.50
2015.06.04 02:00:43.587,0.7723,0.77241,1.50,1.50
2015.06.04 02:00:44.191,0.7723,0.77239,1.00,1.00
2015.06.04 02:00:44.474,0.77223,0.77234,3.00,2.25
2015.06.04 02:00:45.598,0.77224,0.77234,1.00,2.25
2015.06.04 02:00:46.103,0.77223,0.77234,3.00,2.25
2015.06.04 02:00:47.624,0.77223,0.77233,3.00,1.00
2015.06.04 02:00:47.928,0.77221,0.77232,1.65,1.00
2015.06.04 02:00:49.122,0.77222,0.77232,1.00,2.25
2015.06.04 02:00:49.565,0.77223,0.77234,1.50,2.25
2015.06.04 02:00:49.980,0.77225,0.77236,1.00,2.25
2015.06.04 02:00:50.639,0.77226,0.77236,1.00,1.50
2015.06.04 02:00:51.145,0.77226,0.77237,1.00,2.25
2015.06.04 02:00:51.499,0.77226,0.77235,1.10,1.00
2015.06.04 02:00:52.107,0.77226,0.77237,2.32,1.00
2015.06.04 02:00:52.612,0.77228,0.77238,1.00,1.50
2015.06.04 02:00:52.865,0.7723,0.77241,1.00,2.25
2015.06.04 02:00:54.173,0.7723,0.77242,2.25,1.50
2015.06.04 02:00:54.527,0.77232,0.77241,1.00,1.00
2015.06.04 02:00:55.052,0.77231,0.77242,2.25,1.50
2015.06.04 02:00:55.556,0.77233,0.77242,1.00,1.00
2015.06.04 02:00:55.860,0.77234,0.77244,1.00,1.50
2015.06.04 02:00:56.012,0.77236,0.77246,1.00,1.50
2015.06.04 02:00:56.924,0.77236,0.77245,1.00,1.00
2015.06.04 02:00:57.464,0.77235,0.77246,1.50,1.00
2015.06.04 02:00:58.256,0.77236,0.77246,1.00,2.25
2015.06.04 02:00:58.905,0.77234,0.77246,1.50,1.50
2015.06.04 02:00:59.412,0.77234,0.77244,1.00,1.50
2015.06.04 02:00:59.615,0.77232,0.77244,2.32,3.00
2015.06.04 02:00:59.978,0.77232,0.77241,2.32,1.00
2015.06.04 02:01:00.079,0.7723,0.7724,1.50,1.50
2015.06.04 02:01:01.328,0.77231,0.7724,1.00,1.50
2015.06.04 02:01:01.531,0.77232,0.77242,2.25,1.50
2015.06.04 02:01:02.038,0.77233,0.77243,3.00,1.00
2015.06.04 02:01:06.440,0.77233,0.77242,1.00,1.00
2015.06.04 02:01:09.753,0.77233,0.77243,1.00,2.25
2015.06.04 02:01:10.291,0.77232,0.77243,1.50,2.25
2015.06.04 02:01:10.797,0.77233,0.77244,1.00,2.25
2015.06.04 02:01:11.302,0.77234,0.77243,1.00,1.00
2015.06.04 02:01:12.165,0.77233,0.77244,2.32,1.50
2015.06.04 02:01:14.631,0.77234,0.77243,1.10,1.00
2015.06.04 02:01:18.665,0.77234,0.77244,1.10,1.50
2015.06.04 02:01:19.176,0.77234,0.77243,1.10,1.00
2015.06.04 02:01:19.732,0.77233,0.77243,1.50,1.00
2015.06.04 02:01:20.870,0.77233,0.77244,1.00,2.25
2015.06.04 02:01:21.373,0.77233,0.77243,1.00,1.00
2015.06.04 02:01:25.000,0.77233,0.77242,1.50,1.00
2015.06.04 02:01:26.622,0.77234,0.77242,1.00,1.00
2015.06.04 02:01:26.724,0.77234,0.77244,1.00,3.00
2015.06.04 02:01:27.592,0.77234,0.77246,1.50,3.00
2015.06.04 02:01:29.116,0.77236,0.77246,1.00,2.25
2015.06.04 02:01:29.667,0.77235,0.77246,1.00,2.25
2015.06.04 02:01:30.174,0.77235,0.77245,1.00,1.00
2015.06.04 02:01:34.137,0.77235,0.77246,1.00,2.25
2015.06.04 02:01:34.681,0.77235,0.77245,1.00,1.00
2015.06.04 02:01:35.187,0.77235,0.77246,1.50,1.00
2015.06.04 02:01:39.025,0.77236,0.77245,1.00,1.00
2015.06.04 02:01:39.562,0.77235,0.77246,2.25,2.25
2015.06.04 02:01:40.069,0.77236,0.77246,1.00,1.50
2015.06.04 02:01:40.627,0.77237,0.77246,1.00,1.50
2015.06.04 02:01:42.284,0.77236,0.77246,1.50,1.50
2015.06.04 02:01:42.788,0.77237,0.77246,1.50,1.50
2015.06.04 02:01:42.890,0.77237,0.77248,1.50,3.00
2015.06.04 02:01:42.941,0.77237,0.77246,1.00,1.00
2015.06.04 02:01:43.244,0.77243,0.77248,1.00,1.00
2015.06.04 02:01:43.345,0.77243,0.77252,1.00,3.45
2015.06.04 02:01:43.922,0.77243,0.77249,1.00,1.00
2015.06.04 02:01:43.973,0.7724,0.77249,1.65,1.00
2015.06.04 02:01:44.478,0.7724,0.77248,1.00,1.00
2015.06.04 02:01:45.662,0.77241,0.77248,1.50,1.00
2015.06.04 02:01:45.763,0.77243,0.77252,1.50,2.62
2015.06.04 02:01:46.269,0.77244,0.77252,1.00,1.87
2015.06.04 02:01:47.741,0.77243,0.77252,1.50,1.87
2015.06.04 02:01:49.293,0.77242,0.77252,2.25,1.37
2015.06.04 02:01:50.056,0.7724,0.77251,1.50,1.12
2015.06.04 02:01:59.214,0.7724,0.7725,2.25,1.00
2015.06.04 02:02:00.010,0.7724,0.77251,2.25,3.37
2015.06.04 02:02:00.162,0.77242,0.77251,1.00,1.12
2015.06.04 02:02:00.668,0.77241,0.77252,1.00,1.87
2015.06.04 02:02:02.479,0.77243,0.77252,1.00,1.87
2015.06.04 02:02:05.880,0.77243,0.77252,1.00,1.87
2015.06.04 02:02:09.751,0.77243,0.77252,1.50,1.87
2015.06.04 02:02:13.390,0.77244,0.77252,1.00,1.37
2015.06.04 02:02:14.306,0.77243,0.77252,1.00,1.37
2015.06.04 02:02:16.772,0.77243,0.77252,1.00,1.00
2015.06.04 02:02:17.321,0.77244,0.77252,1.00,1.00
2015.06.04 02:02:24.007,0.77243,0.77252,1.57,1.00
2015.06.04 02:02:30.897,0.77244,0.77252,1.00,1.50
2015.06.04 02:02:36.923,0.77242,0.77252,3.07,1.00
2015.06.04 02:02:37.429,0.77243,0.77252,1.00,2.25
2015.06.04 02:02:39.279,0.77245,0.77252,1.00,1.00
2015.06.04 02:02:39.583,0.77252,0.77258,1.00,2.25
2015.06.04 02:02:39.684,0.77251,0.77258,1.12,1.00
2015.06.04 02:02:40.250,0.77252,0.77257,1.00,1.00
2015.06.04 02:02:42.149,0.7725,0.77257,1.00,1.00
2015.06.04 02:02:46.558,0.77256,0.7726,1.00,1.10
2015.06.04 02:02:47.063,0.77257,0.77264,1.00,1.87
2015.06.04 02:02:47.457,0.77266,0.7727,1.00,1.12
2015.06.04 02:02:48.165,0.77264,0.77271,1.00,1.37
2015.06.04 02:02:48.961,0.77264,0.77271,1.00,1.12
2015.06.04 02:02:49.496,0.77264,0.7727,1.00,1.00
2015.06.04 02:02:50.117,0.77264,0.77271,1.00,1.12
2015.06.04 02:02:51.035,0.77265,0.77272,1.00,1.37
2015.06.04 02:02:51.541,0.77265,0.77273,1.00,1.37
2015.06.04 02:02:52.171,0.77265,0.77273,1.00,1.37
2015.06.04 02:02:53.659,0.77266,0.77272,1.00,1.37
2015.06.04 02:02:53.760,0.77264,0.77272,1.00,1.37
2015.06.04 02:02:54.618,0.77263,0.77272,1.50,1.87
2015.06.04 02:02:55.558,0.77264,0.77273,1.00,1.87
2015.06.04 02:02:57.275,0.77263,0.77273,1.50,1.87
2015.06.04 02:02:57.729,0.77263,0.77273,1.50,1.50
2015.06.04 02:03:00.265,0.77263,0.77273,1.50,1.57
2015.06.04 02:03:00.854,0.77264,0.77273,1.00,2.25
2015.06.04 02:03:02.056,0.77265,0.77273,1.00,1.50
2015.06.04 02:03:02.588,0.77264,0.77273,1.00,2.25
2015.06.04 02:03:03.577,0.77264,0.77274,1.00,1.10
2015.06.04 02:03:03.889,0.77266,0.77274,1.00,1.10
2015.06.04 02:03:04.295,0.77268,0.77275,1.00,1.50
2015.06.04 02:03:04.649,0.77266,0.77276,1.50,1.87
2015.06.04 02:03:04.700,0.77266,0.77274,1.00,1.00
2015.06.04 02:03:04.751,0.77264,0.77274,1.00,2.25
2015.06.04 02:03:04.902,0.77262,0.77274,2.32,3.00
2015.06.04 02:03:05.419,0.77263,0.77274,1.00,2.25
2015.06.04 02:03:06.007,0.77262,0.77274,2.25,1.50
2015.06.04 02:03:06.829,0.77263,0.77274,2.62,1.50
2015.06.04 02:03:07.350,0.77266,0.77275,1.00,1.00
2015.06.04 02:03:07.602,0.77262,0.77273,3.15,1.50
2015.06.04 02:03:10.180,0.77263,0.77274,1.50,1.50
2015.06.04 02:03:15.544,0.77264,0.77274,1.00,1.00
2015.06.04 02:03:15.595,0.77265,0.77276,1.00,3.15
2015.06.04 02:03:15.844,0.77267,0.77276,1.00,1.50
2015.06.04 02:03:16.375,0.77266,0.77275,1.50,1.00
2015.06.04 02:03:16.905,0.77267,0.77275,1.00,1.00
2015.06.04 02:03:17.833,0.77264,0.77275,1.50,1.00
2015.06.04 02:03:18.685,0.77264,0.77274,1.50,1.00
2015.06.04 02:03:18.894,0.77263,0.77271,1.00,1.50
2015.06.04 02:03:19.142,0.7726,0.77269,1.00,1.00
2015.06.04 02:03:19.194,0.77259,0.77264,1.20,1.00
2015.06.04 02:03:19.397,0.77254,0.77262,1.00,1.00
2015.06.04 02:03:19.549,0.77252,0.77262,1.00,1.50
2015.06.04 02:03:20.091,0.77251,0.77261,1.00,1.50
2015.06.04 02:03:20.301,0.77253,0.77261,1.00,1.00
2015.06.04 02:03:20.352,0.77253,0.77263,1.00,2.25
2015.06.04 02:03:20.893,0.77252,0.77263,1.50,3.00
2015.06.04 02:03:21.615,0.77253,0.77263,1.00,3.75
2015.06.04 02:03:22.132,0.77254,0.77263,1.37,2.25
2015.06.04 02:03:22.183,0.77255,0.77266,1.87,1.15
2015.06.04 02:03:22.708,0.77255,0.77266,2.62,1.00
2015.06.04 02:03:23.210,0.77256,0.77266,1.12,1.00
2015.06.04 02:03:23.430,0.77255,0.77263,1.50,1.00
2015.06.04 02:03:23.582,0.77253,0.77264,1.00,1.50
2015.06.04 02:03:23.633,0.77255,0.77264,1.00,1.00
2015.06.04 02:03:23.836,0.77256,0.77266,1.12,3.00
2015.06.04 02:03:23.987,0.77253,0.77265,1.00,2.25
2015.06.04 02:03:24.341,0.77252,0.77263,3.00,1.00
2015.06.04 02:03:26.818,0.77252,0.77262,1.50,1.00
2015.06.04 02:03:28.322,0.77251,0.77262,3.37,2.25
2015.06.04 02:03:28.873,0.77251,0.77261,2.62,1.50
2015.06.04 02:03:29.424,0.7725,0.77261,3.37,2.25
2015.06.04 02:03:30.770,0.77249,0.7726,2.62,1.50
2015.06.04 02:03:31.074,0.77248,0.77256,1.37,1.00
2015.06.04 02:03:31.124,0.77247,0.77256,1.00,1.00
2015.06.04 02:03:31.632,0.77245,0.77256,6.37,2.25
2015.06.04 02:03:38.405,0.77247,0.77256,1.87,1.00
2015.06.04 02:03:40.254,0.77247,0.77257,2.62,1.50
2015.06.04 02:03:40.457,0.7725,0.77259,1.12,1.50
2015.06.04 02:03:40.705,0.77251,0.77262,1.00,1.50
2015.06.04 02:03:40.958,0.77252,0.77262,1.50,1.37
2015.06.04 02:03:41.464,0.77251,0.77262,1.50,2.62
2015.06.04 02:03:46.346,0.77251,0.77262,1.00,2.25
2015.06.04 02:03:46.700,0.7725,0.7726,1.50,1.00
2015.06.04 02:03:47.206,0.7725,0.77259,1.00,1.00
2015.06.04 02:03:47.800,0.7725,0.7726,1.00,1.50
2015.06.04 02:03:48.954,0.77251,0.7726,1.00,1.50
2015.06.04 02:03:49.055,0.77249,0.7726,1.20,1.00
2015.06.04 02:03:52.700,0.77251,0.77261,1.00,1.00
2015.06.04 02:03:52.902,0.77253,0.77264,1.00,3.75
2015.06.04 02:03:53.003,0.77253,0.77262,1.00,1.00
2015.06.04 02:03:53.509,0.77254,0.77263,1.00,2.25
2015.06.04 02:03:54.057,0.77255,0.77263,1.00,1.00
2015.06.04 02:03:54.108,0.77255,0.77265,1.00,3.00
2015.06.04 02:03:55.895,0.77255,0.77266,2.25,1.10
2015.06.04 02:03:55.946,0.77258,0.77266,1.00,1.00
2015.06.04 02:03:56.098,0.77258,0.77268,2.25,1.00
2015.06.04 02:03:59.406,0.77259,0.77268,1.00,1.00
2015.06.04 02:03:59.456,0.77261,0.7727,1.50,1.00
2015.06.04 02:03:59.977,0.77262,0.77271,1.00,1.00
2015.06.04 02:04:00.488,0.77261,0.77271,3.00,1.00
2015.06.04 02:04:01.161,0.77261,0.77267,1.00,1.00
2015.06.04 02:04:01.314,0.77257,0.77267,1.95,3.00
2015.06.04 02:04:01.590,0.77256,0.77267,3.00,3.00
2015.06.04 02:04:01.945,0.77254,0.77265,2.25,1.50
2015.06.04 02:04:02.404,0.77253,0.77262,1.50,1.00
2015.06.04 02:04:03.140,0.77252,0.77262,1.00,2.25
2015.06.04 02:04:03.444,0.77248,0.77257,1.45,1.00
2015.06.04 02:04:03.991,0.77247,0.77256,2.62,1.00
2015.06.04 02:04:04.304,0.77249,0.77259,1.37,1.50
2015.06.04 02:04:05.281,0.77248,0.77257,2.62,1.00
2015.06.04 02:04:06.306,0.77248,0.77259,2.62,1.50
2015.06.04 02:04:07.278,0.77253,0.77259,1.00,2.25
2015.06.04 02:04:08.220,0.77253,0.7726,1.00,1.00
2015.06.04 02:04:08.754,0.77253,0.77259,1.00,1.00
2015.06.04 02:04:09.287,0.77253,0.7726,1.00,1.50
2015.06.04 02:04:14.170,0.77253,0.77261,1.00,2.25
2015.06.04 02:04:14.532,0.77256,0.77263,1.00,2.32
2015.06.04 02:04:14.836,0.7726,0.77264,1.00,1.00
2015.06.04 02:04:14.988,0.77257,0.77265,1.00,1.00
2015.06.04 02:04:15.526,0.77257,0.77266,1.00,1.50
2015.06.04 02:04:18.023,0.77257,0.77265,1.00,1.00
2015.06.04 02:04:21.984,0.77257,0.77266,1.00,3.00
2015.06.04 02:04:22.492,0.77257,0.77265,1.00,1.50
2015.06.04 02:04:22.887,0.77259,0.77266,1.00,2.25
2015.06.04 02:04:23.967,0.77259,0.77265,1.00,1.00
2015.06.04 02:04:24.998,0.77258,0.77265,1.00,1.00
2015.06.04 02:04:30.572,0.77258,0.77264,1.00,1.00
2015.06.04 02:04:31.883,0.77258,0.77265,1.00,2.25
2015.06.04 02:04:31.984,0.77256,0.77265,1.50,2.25
2015.06.04 02:04:33.100,0.77256,0.77266,1.50,2.25
2015.06.04 02:04:33.605,0.77256,0.77265,1.50,1.00
2015.06.04 02:04:34.159,0.77257,0.77265,1.00,1.00
2015.06.04 02:04:34.747,0.77257,0.77266,1.00,2.25
2015.06.04 02:04:42.801,0.77259,0.77266,1.00,1.50
2015.06.04 02:04:51.615,0.77258,0.77266,1.50,1.00
2015.06.04 02:04:53.438,0.77259,0.77267,1.50,1.00
2015.06.04 02:04:53.742,0.77264,0.77271,1.00,1.00
2015.06.04 02:04:54.298,0.77264,0.77272,1.00,1.50
2015.06.04 02:04:54.878,0.77265,0.77272,1.00,1.00
2015.06.04 02:05:02.158,0.77265,0.77273,1.00,3.00
2015.06.04 02:05:02.881,0.77265,0.77273,1.00,2.62
2015.06.04 02:05:14.387,0.77262,0.77268,1.00,1.00
2015.06.04 02:05:14.438,0.7726,0.77267,1.50,1.00
2015.06.04 02:05:14.540,0.7726,0.77265,1.00,1.00
2015.06.04 02:05:14.641,0.77258,0.77264,1.50,1.00
2015.06.04 02:05:15.148,0.77258,0.77265,1.50,1.50
2015.06.04 02:05:16.193,0.77258,0.77266,1.00,1.50
2015.06.04 02:05:16.244,0.77258,0.77262,1.00,1.00
2015.06.04 02:05:16.346,0.77256,0.77263,1.00,1.00
2015.06.04 02:05:16.853,0.77256,0.77261,1.00,1.00
2015.06.04 02:05:17.359,0.77256,0.77262,1.00,1.00
2015.06.04 02:05:23.777,0.77256,0.77263,1.00,1.00
2015.06.04 02:05:23.979,0.77256,0.77265,1.00,1.50
2015.06.04 02:05:24.030,0.77258,0.77265,1.00,1.00
2015.06.04 02:05:24.365,0.77263,0.77267,1.00,1.00
2015.06.04 02:05:24.568,0.77264,0.77272,1.50,1.87
2015.06.04 02:05:25.074,0.77265,0.77272,1.00,1.37
2015.06.04 02:05:25.598,0.77264,0.77272,1.50,1.37
2015.06.04 02:05:26.106,0.77264,0.77272,1.50,1.37
2015.06.04 02:05:26.656,0.77265,0.77272,1.00,1.37
2015.06.04 02:05:40.769,0.77266,0.77274,1.00,2.62
2015.06.04 02:05:41.406,0.77266,0.77274,1.50,1.50
2015.06.04 02:05:41.609,0.77266,0.77276,1.50,3.75
2015.06.04 02:05:41.660,0.77268,0.77276,1.00,2.25
2015.06.04 02:05:41.964,0.7727,0.77278,1.00,1.50
2015.06.04 02:05:42.489,0.7727,0.77277,1.00,1.00
2015.06.04 02:05:42.793,0.77267,0.77272,1.00,1.50
2015.06.04 02:05:42.844,0.77261,0.77271,2.25,1.50
2015.06.04 02:05:42.996,0.77261,0.7727,1.00,1.50
2015.06.04 02:05:43.535,0.77261,0.77269,1.00,1.00
2015.06.04 02:05:46.408,0.77262,0.77269,1.00,1.00
2015.06.04 02:05:46.459,0.77264,0.7727,1.00,1.00
2015.06.04 02:05:46.561,0.77264,0.77272,1.00,1.50
2015.06.04 02:05:47.374,0.77264,0.77271,1.00,1.50
2015.06.04 02:05:47.425,0.77262,0.77268,1.00,1.00
2015.06.04 02:05:47.476,0.7726,0.77267,1.50,1.00
2015.06.04 02:05:47.981,0.77259,0.77267,1.00,1.50
2015.06.04 02:05:48.335,0.77261,0.77267,1.00,1.50
2015.06.04 02:05:49.473,0.77261,0.77268,1.00,1.00
2015.06.04 02:05:50.507,0.77261,0.77269,1.00,1.87
2015.06.04 02:05:54.622,0.77261,0.77268,1.00,1.00
2015.06.04 02:05:55.153,0.77261,0.77269,1.00,2.62
2015.06.04 02:05:55.711,0.77261,0.77268,1.00,1.00
2015.06.04 02:05:56.216,0.77261,0.77267,1.00,1.00
2015.06.04 02:05:56.679,0.77261,0.77269,1.00,1.87
2015.06.04 02:05:57.215,0.77261,0.77268,1.00,1.00
2015.06.04 02:05:57.721,0.77261,0.77267,1.00,1.00
2015.06.04 02:05:58.226,0.77261,0.77268,1.00,1.00
2015.06.04 02:05:59.178,0.77261,0.77267,1.00,1.00
2015.06.04 02:05:59.382,0.77261,0.77269,1.00,1.87
2015.06.04 02:05:59.916,0.77261,0.77268,1.00,1.00
2015.06.04 02:06:00.758,0.77261,0.77267,1.00,1.00
2015.06.04 02:06:01.591,0.77259,0.77267,1.50,1.00
2015.06.04 02:06:01.642,0.77259,0.77263,1.00,1.12
2015.06.04 02:06:01.693,0.77256,0.77263,1.10,1.37
2015.06.04 02:06:01.795,0.77254,0.77263,1.10,1.87
2015.06.04 02:06:10.365,0.77253,0.77262,1.50,1.87
2015.06.04 02:06:24.700,0.77254,0.77262,1.00,1.37
2015.06.04 02:06:24.751,0.77255,0.77264,1.00,1.00
2015.06.04 02:06:38.198,0.77255,0.7726,1.50,1.00
2015.06.04 02:06:38.502,0.77244,0.77248,1.00,1.00
2015.06.04 02:06:38.554,0.7724,0.77248,1.00,1.00
2015.06.04 02:06:39.059,0.7724,0.77247,1.00,1.00
2015.06.04 02:06:39.262,0.7724,0.77251,3.00,1.45
2015.06.04 02:06:39.363,0.77242,0.77251,1.50,1.95
2015.06.04 02:06:39.869,0.77243,0.77253,1.00,1.87
2015.06.04 02:06:40.728,0.77241,0.77252,2.32,1.87
2015.06.04 02:06:42.251,0.77242,0.77252,1.00,2.62
2015.06.04 02:06:44.436,0.77242,0.77252,1.00,3.00
2015.06.04 02:06:45.416,0.77243,0.77252,1.00,2.25
2015.06.04 02:06:46.081,0.77243,0.77251,1.00,1.00
2015.06.04 02:06:47.624,0.77242,0.77251,1.00,1.00
2015.06.04 02:06:48.151,0.77241,0.77252,1.87,2.25
2015.06.04 02:06:50.457,0.7724,0.77251,1.37,1.00
2015.06.04 02:06:51.184,0.77242,0.77251,1.00,1.50
2015.06.04 02:06:51.687,0.77241,0.77251,1.12,1.50
2015.06.04 02:06:54.105,0.77241,0.7725,1.12,1.00
2015.06.04 02:06:54.610,0.7724,0.77251,4.20,3.75
2015.06.04 02:06:55.701,0.7724,0.7725,3.45,1.50
2015.06.04 02:06:56.232,0.7724,0.7725,3.07,1.87
2015.06.04 02:06:56.914,0.7724,0.77249,3.00,1.00
2015.06.04 02:06:57.479,0.7724,0.7725,2.25,1.87
2015.06.04 02:06:57.957,0.77238,0.77247,2.77,1.00
2015.06.04 02:06:58.166,0.77235,0.77245,1.65,1.50
2015.06.04 02:06:58.318,0.77234,0.77245,1.57,3.00
2015.06.04 02:06:58.419,0.77233,0.77242,2.32,1.00
2015.06.04 02:06:58.928,0.77234,0.77243,1.00,1.50
2015.06.04 02:07:00.348,0.77234,0.77243,1.00,3.37
2015.06.04 02:07:00.854,0.77233,0.77242,1.00,1.87
2015.06.04 02:07:01.056,0.77231,0.77242,2.25,1.87
2015.06.04 02:07:05.048,0.7723,0.7724,1.00,1.87
2015.06.04 02:07:05.099,0.77228,0.77237,2.02,1.00
2015.06.04 02:07:05.402,0.77226,0.77235,1.00,1.00
2015.06.04 02:07:05.680,0.77226,0.77237,1.00,1.57
2015.06.04 02:07:06.230,0.77226,0.77236,1.50,1.50
2015.06.04 02:07:08.633,0.77226,0.77237,1.00,1.10
2015.06.04 02:07:09.148,0.77226,0.77236,2.25,1.00
2015.06.04 02:07:09.706,0.77227,0.77236,1.00,1.00
2015.06.04 02:07:10.590,0.77227,0.77237,1.00,1.10
2015.06.04 02:07:11.117,0.77226,0.77236,1.50,1.00
2015.06.04 02:07:15.594,0.77226,0.77234,1.50,1.00
2015.06.04 02:07:17.023,0.77225,0.77234,2.25,1.00
2015.06.04 02:07:17.534,0.77226,0.77234,1.50,1.00
2015.06.04 02:07:18.227,0.77225,0.77234,2.25,1.00
2015.06.04 02:07:18.740,0.77226,0.77234,1.50,1.00
2015.06.04 02:07:20.406,0.77227,0.77236,1.00,1.50
2015.06.04 02:07:21.328,0.77225,0.77236,3.00,1.00
2015.06.04 02:07:23.056,0.77225,0.77234,2.25,1.00
2015.06.04 02:07:23.569,0.77226,0.77234,1.00,1.00
2015.06.04 02:07:24.070,0.77226,0.77235,1.00,1.00
2015.06.04 02:07:25.627,0.77223,0.7723,2.25,1.00
2015.06.04 02:07:25.931,0.77219,0.7723,1.10,1.87
2015.06.04 02:07:26.032,0.77218,0.77225,1.07,1.00
2015.06.04 02:07:26.134,0.77217,0.77228,1.10,2.25
2015.06.04 02:07:26.439,0.77219,0.77229,1.00,2.77
2015.06.04 02:07:26.987,0.77221,0.77228,1.00,1.00
2015.06.04 02:07:27.190,0.77219,0.77228,1.00,1.00
2015.06.04 02:07:29.916,0.77219,0.77227,1.00,1.00
2015.06.04 02:07:32.252,0.77219,0.77229,1.00,2.25
2015.06.04 02:07:32.456,0.77217,0.77224,1.00,1.00
2015.06.04 02:07:32.507,0.77215,0.77224,1.00,1.50
2015.06.04 02:07:32.710,0.77213,0.77223,1.00,1.00
2015.06.04 02:07:33.165,0.77212,0.77221,1.00,1.00
2015.06.04 02:07:33.700,0.77211,0.77221,1.50,1.50
2015.06.04 02:07:36.158,0.77211,0.7722,1.00,1.00
2015.06.04 02:07:38.249,0.77209,0.7722,2.25,1.00
2015.06.04 02:07:38.773,0.77209,0.7722,2.25,1.37
2015.06.04 02:07:39.343,0.77209,0.7722,2.25,1.00
2015.06.04 02:07:40.054,0.77209,0.77219,1.50,1.00
2015.06.04 02:07:40.592,0.77209,0.7722,1.50,1.87
2015.06.04 02:07:42.857,0.77209,0.77219,1.00,1.00
2015.06.04 02:07:43.567,0.77209,0.7722,1.50,1.57
2015.06.04 02:07:44.073,0.7721,0.77221,1.00,1.10
2015.06.04 02:07:44.275,0.77211,0.77219,1.00,1.00
2015.06.04 02:07:44.326,0.77208,0.77219,2.32,1.50
2015.06.04 02:07:44.582,0.7721,0.7722,1.00,1.10
2015.06.04 02:07:44.836,0.77204,0.77215,1.57,1.00
2015.06.04 02:07:44.887,0.77204,0.77217,1.95,2.25
2015.06.04 02:07:45.393,0.77206,0.77218,1.00,1.50
2015.06.04 02:07:45.696,0.77205,0.77216,1.50,1.00
2015.06.04 02:07:46.203,0.77205,0.77215,1.00,1.00
2015.06.04 02:07:46.508,0.77202,0.77213,2.70,1.00
2015.06.04 02:07:46.812,0.77201,0.77211,2.70,1.00
2015.06.04 02:07:47.350,0.77202,0.77212,1.12,1.00
2015.06.04 02:07:50.260,0.77202,0.77213,1.12,1.50
2015.06.04 02:07:50.665,0.77198,0.77207,1.20,1.00
2015.06.04 02:07:50.969,0.77198,0.77209,1.50,1.57
2015.06.04 02:07:51.222,0.77199,0.77212,2.25,1.07
2015.06.04 02:07:55.155,0.77199,0.77212,2.62,1.07
2015.06.04 02:07:55.677,0.77199,0.77212,1.95,1.50
2015.06.04 02:07:55.981,0.772,0.7721,1.37,1.00
2015.06.04 02:07:56.488,0.772,0.7721,1.00,1.12
2015.06.04 02:07:57.031,0.77199,0.7721,1.12,1.12
2015.06.04 02:07:57.914,0.77197,0.7721,3.07,1.12
2015.06.04 02:07:58.419,0.77197,0.77209,1.00,1.50
2015.06.04 02:07:58.903,0.77199,0.7721,1.00,1.37
2015.06.04 02:08:00.770,0.772,0.77211,1.00,1.37
2015.06.04 02:08:01.175,0.772,0.77211,1.50,1.00
2015.06.04 02:08:01.631,0.77199,0.7721,1.00,1.37
2015.06.04 02:08:02.178,0.77198,0.7721,1.50,1.57
2015.06.04 02:08:02.481,0.77198,0.77208,1.00,1.00
2015.06.04 02:08:02.684,0.77196,0.77207,1.00,1.00
2015.06.04 02:08:03.579,0.77196,0.77204,1.00,1.00
2015.06.04 02:08:03.680,0.77194,0.77205,1.00,1.87
2015.06.04 02:08:03.883,0.77195,0.77206,1.00,1.57
2015.06.04 02:08:04.389,0.77195,0.77207,2.25,1.57
2015.06.04 02:08:04.591,0.77195,0.77203,1.50,1.00
2015.06.04 02:08:04.743,0.77194,0.77205,1.00,1.00
2015.06.04 02:08:05.291,0.77194,0.77206,1.50,1.20
2015.06.04 02:08:05.897,0.77196,0.77207,1.00,2.32
2015.06.04 02:08:06.099,0.77194,0.77207,1.50,2.32
2015.06.04 02:08:07.052,0.77193,0.77201,1.00,1.00
2015.06.04 02:08:07.103,0.77191,0.772,2.25,1.00
2015.06.04 02:08:07.204,0.77191,0.77202,3.00,1.50
2015.06.04 02:08:07.407,0.77194,0.77203,1.00,1.00
2015.06.04 02:08:07.609,0.77195,0.77206,1.00,2.32
2015.06.04 02:08:08.114,0.77195,0.77206,1.00,2.25
2015.06.04 02:08:08.615,0.77195,0.77205,2.25,1.00
2015.06.04 02:08:10.614,0.77193,0.77204,3.00,1.00
2015.06.04 02:08:11.149,0.77194,0.77204,1.50,1.00
2015.06.04 02:08:11.668,0.77194,0.77205,1.50,1.50
2015.06.04 02:08:12.179,0.77194,0.77203,1.00,1.00
2015.06.04 02:08:12.230,0.77192,0.77203,1.50,1.00
2015.06.04 02:08:12.382,0.77195,0.77204,1.00,1.00
2015.06.04 02:08:19.198,0.77194,0.77204,3.00,1.00
2015.06.04 02:08:19.248,0.77195,0.77206,1.00,1.50
2015.06.04 02:08:19.804,0.77194,0.77207,3.00,2.25
2015.06.04 02:08:20.424,0.77195,0.77206,1.00,1.00
2015.06.04 02:08:20.607,0.77194,0.77204,1.00,1.00
2015.06.04 02:08:21.146,0.77193,0.77204,2.25,1.50
2015.06.04 02:08:21.689,0.77194,0.77204,1.50,1.00
2015.06.04 02:08:22.655,0.77194,0.77203,1.50,1.00
2015.06.04 02:08:23.181,0.77194,0.77204,1.50,1.00
2015.06.04 02:08:25.013,0.77195,0.77204,1.00,1.00
2015.06.04 02:08:25.267,0.77196,0.77206,1.00,1.50
2015.06.04 02:08:25.775,0.77195,0.77206,2.25,1.00
2015.06.04 02:08:27.750,0.77195,0.77205,2.25,1.00
2015.06.04 02:08:27.801,0.77195,0.77203,2.25,1.00
2015.06.04 02:08:27.902,0.77193,0.77202,1.00,1.00
2015.06.04 02:08:33.908,0.77191,0.77203,1.50,3.00
2015.06.04 02:08:34.138,0.77191,0.77201,1.50,1.00
2015.06.04 02:08:34.728,0.77193,0.77201,1.00,1.00
2015.06.04 02:08:35.581,0.77192,0.77201,1.00,1.00
2015.06.04 02:08:36.654,0.77192,0.77203,1.50,1.00
2015.06.04 02:08:36.856,0.77192,0.77199,1.50,1.00
2015.06.04 02:08:37.391,0.77191,0.77199,1.00,1.50
2015.06.04 02:08:37.797,0.77193,0.77199,1.00,1.00
2015.06.04 02:08:38.993,0.77191,0.77199,1.50,1.00
2015.06.04 02:08:40.168,0.77191,0.772,1.50,1.50
2015.06.04 02:08:40.665,0.77191,0.77196,1.00,1.00
2015.06.04 02:08:40.716,0.77186,0.77196,1.57,1.00
2015.06.04 02:08:40.767,0.77185,0.77195,2.25,1.00
2015.06.04 02:08:41.294,0.77186,0.77196,1.00,2.25
2015.06.04 02:08:41.799,0.77185,0.77196,1.50,2.25
2015.06.04 02:08:42.305,0.77186,0.77196,1.00,1.50
2015.06.04 02:08:42.879,0.77185,0.77196,1.00,1.50
2015.06.04 02:08:44.027,0.77185,0.77195,2.25,1.00
2015.06.04 02:08:44.893,0.77185,0.77192,1.50,1.00
2015.06.04 02:08:44.945,0.77182,0.77192,1.12,2.25
2015.06.04 02:08:45.047,0.77181,0.7719,1.37,1.00
2015.06.04 02:08:45.453,0.77179,0.77186,1.37,1.00
2015.06.04 02:08:45.606,0.77176,0.77186,1.50,1.50
2015.06.04 02:08:45.809,0.77174,0.77185,2.25,1.50
2015.06.04 02:08:46.607,0.77175,0.77185,1.00,1.50
2015.06.04 02:08:46.658,0.7718,0.77186,1.50,1.00
2015.06.04 02:08:46.709,0.7718,0.7719,2.25,1.17
2015.06.04 02:08:46.810,0.7718,0.77191,2.25,1.50
2015.06.04 02:08:46.911,0.77183,0.77191,1.00,1.00
2015.06.04 02:08:47.462,0.77183,0.77192,1.00,1.00
2015.06.04 02:08:48.572,0.77183,0.77193,1.00,1.57
2015.06.04 02:08:49.326,0.77182,0.77193,1.00,1.10
2015.06.04 02:08:49.629,0.7718,0.77191,2.25,1.00
2015.06.04 02:08:50.178,0.7718,0.7719,1.50,1.00
2015.06.04 02:08:50.330,0.77178,0.77189,2.62,1.10
2015.06.04 02:08:50.843,0.77178,0.7719,2.25,3.75
2015.06.04 02:08:51.399,0.77179,0.7719,1.00,3.00
2015.06.04 02:08:52.346,0.7718,0.7719,1.00,2.25
2015.06.04 02:08:54.173,0.77182,0.77191,1.00,1.00
2015.06.04 02:08:54.224,0.77182,0.77193,1.50,2.32
2015.06.04 02:08:56.147,0.77183,0.77193,1.00,1.00
2015.06.04 02:08:59.282,0.77182,0.77193,3.00,1.50
2015.06.04 02:09:01.662,0.77182,0.77191,1.50,1.00
2015.06.04 02:09:02.167,0.77182,0.77192,1.00,1.00
2015.06.04 02:09:02.953,0.77181,0.77191,2.25,1.00
2015.06.04 02:09:03.488,0.7718,0.7719,1.50,1.00
2015.06.04 02:09:05.456,0.77179,0.7719,2.25,2.25
2015.06.04 02:09:06.366,0.77179,0.77185,1.50,1.00
2015.06.04 02:09:06.467,0.77175,0.77185,1.00,1.50
2015.06.04 02:09:06.518,0.77173,0.77185,1.50,1.50
2015.06.04 02:09:07.043,0.77173,0.77184,1.50,1.50
2015.06.04 02:09:07.548,0.77174,0.77184,1.00,1.50
2015.06.04 02:09:08.054,0.77174,0.77185,1.50,3.00
2015.06.04 02:09:08.686,0.77175,0.77186,2.25,2.25
2015.06.04 02:09:08.889,0.77178,0.77187,1.00,2.25
2015.06.04 02:09:09.092,0.77179,0.7719,1.00,2.25
2015.06.04 02:09:09.294,0.7718,0.77192,1.50,1.00
2015.06.04 02:09:09.598,0.77182,0.77193,1.00,1.50
2015.06.04 02:09:10.145,0.77182,0.77192,1.00,1.00
2015.06.04 02:09:10.449,0.77187,0.77196,1.37,1.00
2015.06.04 02:09:10.500,0.77188,0.77199,2.62,1.17
2015.06.04 02:09:10.652,0.77188,0.772,3.52,3.00
2015.06.04 02:09:11.157,0.7719,0.77199,1.00,1.00
2015.06.04 02:09:13.470,0.77188,0.77199,2.77,1.00
2015.06.04 02:09:15.199,0.77188,0.77199,2.70,1.00
2015.06.04 02:09:18.099,0.77189,0.77199,1.20,1.50
2015.06.04 02:09:18.651,0.77189,0.77198,1.10,1.00
2015.06.04 02:09:18.702,0.77186,0.77197,1.65,1.00
2015.06.04 02:09:18.904,0.77186,0.77195,1.57,1.00
2015.06.04 02:09:18.955,0.77184,0.77194,1.20,1.00
2015.06.04 02:09:19.107,0.77181,0.77194,3.15,2.25
2015.06.04 02:09:19.641,0.77182,0.77193,1.00,1.00
2015.06.04 02:09:20.904,0.77181,0.77192,2.32,1.00
2015.06.04 02:09:21.280,0.77184,0.77191,1.00,1.00
2015.06.04 02:09:21.482,0.77187,0.77197,1.87,1.10
2015.06.04 02:09:21.786,0.77186,0.77196,1.00,1.00
2015.06.04 02:09:23.583,0.77184,0.77196,1.10,3.00
2015.06.04 02:09:24.259,0.77185,0.77195,1.00,1.00
2015.06.04 02:09:24.310,0.77187,0.77195,1.00,1.00
2015.06.04 02:09:24.512,0.77189,0.77199,1.87,1.57
2015.06.04 02:09:24.765,0.7719,0.77201,1.00,2.62
2015.06.04 02:09:30.917,0.77191,0.77202,1.50,1.87
2015.06.04 02:09:32.894,0.77192,0.77201,1.00,1.87
2015.06.04 02:09:33.199,0.77189,0.77201,3.00,1.87
2015.06.04 02:09:33.555,0.77189,0.77197,1.50,1.00
2015.06.04 02:09:33.658,0.77186,0.77195,1.00,1.00
2015.06.04 02:09:34.171,0.77185,0.77195,1.00,1.50
2015.06.04 02:09:34.674,0.77186,0.77197,2.25,1.50
2015.06.04 02:09:35.181,0.77187,0.77197,1.50,1.00
2015.06.04 02:09:36.624,0.77187,0.77198,2.25,2.25
2015.06.04 02:09:38.324,0.77188,0.77198,1.00,1.00
2015.06.04 02:09:40.896,0.77188,0.77197,1.00,1.00
2015.06.04 02:09:41.099,0.77187,0.77195,1.00,1.00
2015.06.04 02:09:41.619,0.77186,0.77195,1.50,1.00
2015.06.04 02:09:44.086,0.77187,0.77195,1.00,1.00
2015.06.04 02:09:44.188,0.77189,0.77198,1.00,2.25
2015.06.04 02:09:44.290,0.77192,0.772,1.00,1.10
2015.06.04 02:09:44.393,0.77192,0.77202,1.50,1.00
2015.06.04 02:09:44.544,0.77194,0.77203,1.00,1.00
2015.06.04 02:09:44.646,0.77194,0.77205,1.00,2.32
2015.06.04 02:09:45.389,0.77195,0.77205,1.00,2.25
2015.06.04 02:09:45.846,0.77193,0.77205,1.50,3.75
2015.06.04 02:09:45.896,0.77193,0.77203,1.50,1.00
2015.06.04 02:09:46.401,0.77194,0.77203,1.00,1.50
2015.06.04 02:09:48.059,0.77191,0.77202,1.00,1.00
2015.06.04 02:09:48.413,0.77189,0.77201,1.50,2.25
2015.06.04 02:09:48.817,0.77189,0.772,1.00,1.87
2015.06.04 02:09:49.724,0.77188,0.772,1.00,2.25
2015.06.04 02:09:50.331,0.77186,0.77198,3.75,1.20
2015.06.04 02:09:50.832,0.77187,0.77198,1.00,1.95
2015.06.04 02:09:50.934,0.77187,0.77196,1.00,1.12
2015.06.04 02:09:51.742,0.77185,0.77196,3.00,1.20
2015.06.04 02:09:52.998,0.77185,0.77196,3.00,1.17
2015.06.04 02:09:54.652,0.7719,0.772,1.00,1.87
2015.06.04 02:09:55.057,0.77188,0.77198,1.00,1.50
2015.06.04 02:09:55.108,0.77188,0.77198,1.00,1.20
2015.06.04 02:09:55.614,0.77187,0.77198,1.50,1.17
2015.06.04 02:09:57.201,0.77187,0.77198,2.25,1.20
2015.06.04 02:10:00.128,0.77188,0.77199,1.00,2.25
2015.06.04 02:10:00.281,0.7719,0.77199,1.00,2.25
2015.06.04 02:10:00.585,0.77199,0.77206,1.12,4.12
2015.06.04 02:10:00.636,0.77196,0.77203,1.50,1.12
2015.06.04 02:10:00.833,0.77193,0.77202,1.00,1.07
2015.06.04 02:10:00.936,0.77192,0.77202,1.12,1.47
2015.06.04 02:10:01.037,0.77192,0.77204,1.00,3.00
2015.06.04 02:10:01.544,0.77193,0.77202,1.00,1.07
2015.06.04 02:10:03.014,0.77194,0.77202,1.00,1.07
2015.06.04 02:10:03.066,0.77194,0.77202,1.87,1.07
2015.06.04 02:10:03.470,0.77198,0.77207,1.50,1.50
2015.06.04 02:10:03.977,0.77198,0.77207,2.25,1.20
2015.06.04 02:10:04.507,0.77198,0.77207,2.25,1.07
2015.06.04 02:10:06.751,0.77201,0.77207,1.00,1.57
2015.06.04 02:10:07.106,0.77202,0.77211,1.50,2.25
2015.06.04 02:10:07.612,0.77203,0.77211,1.00,2.25
2015.06.04 02:10:08.161,0.77204,0.77211,1.00,2.25
2015.06.04 02:10:08.772,0.77203,0.77211,1.00,2.25
2015.06.04 02:10:10.495,0.77204,0.77212,1.50,1.12
2015.06.04 02:10:10.596,0.77205,0.77213,1.50,1.75
2015.06.04 02:10:10.698,0.77207,0.77215,1.00,1.87
2015.06.04 02:10:10.900,0.77209,0.77217,1.00,1.50
2015.06.04 02:10:11.403,0.77209,0.77218,1.00,2.25
2015.06.04 02:10:12.652,0.77207,0.77217,1.00,2.70
2015.06.04 02:10:13.157,0.77208,0.77218,2.25,1.95
2015.06.04 02:10:13.511,0.77211,0.7722,1.00,2.25
2015.06.04 02:10:14.020,0.77212,0.77221,1.00,2.25
2015.06.04 02:10:23.506,0.77211,0.77221,1.50,1.50
2015.06.04 02:10:24.817,0.77212,0.77221,1.00,2.25
2015.06.04 02:10:25.332,0.77211,0.77221,2.25,1.50
2015.06.04 02:10:25.847,0.77212,0.77221,1.00,1.50
2015.06.04 02:10:26.399,0.77212,0.77221,1.00,1.50
2015.06.04 02:10:26.925,0.77213,0.77222,1.12,2.25
2015.06.04 02:10:27.457,0.77214,0.77223,2.62,1.75
2015.06.04 02:10:27.559,0.77215,0.77224,1.50,1.47
2015.06.04 02:10:27.610,0.77215,0.77225,2.25,1.17
2015.06.04 02:10:27.711,0.77217,0.77226,1.00,1.20
2015.06.04 02:10:28.648,0.77217,0.77226,1.00,1.17
2015.06.04 02:10:29.153,0.77217,0.77226,1.50,1.10
2015.06.04 02:10:32.852,0.77217,0.77225,1.00,1.00
2015.06.04 02:10:33.358,0.77216,0.77224,1.00,1.10
2015.06.04 02:10:36.909,0.77216,0.77221,1.00,1.00
2015.06.04 02:10:37.011,0.77214,0.77223,1.12,1.37
2015.06.04 02:10:37.953,0.77214,0.77223,1.37,1.45
2015.06.04 02:10:39.313,0.77213,0.77221,1.37,1.20
2015.06.04 02:10:39.819,0.77216,0.77223,1.00,1.45
2015.06.04 02:10:39.971,0.77216,0.77223,1.00,1.15
2015.06.04 02:10:40.517,0.77216,0.77223,1.00,1.20
2015.06.04 02:10:41.018,0.77213,0.77223,1.87,1.20
2015.06.04 02:10:41.523,0.77221,0.77225,1.00,4.50
2015.06.04 02:10:41.827,0.7723,0.77237,1.00,1.00
2015.06.04 02:10:41.929,0.7723,0.77241,1.12,1.95
2015.06.04 02:10:42.207,0.7723,0.77239,1.87,1.95
2015.06.04 02:10:42.719,0.7723,0.77239,1.87,1.65
2015.06.04 02:10:43.247,0.77231,0.77242,3.00,5.25
2015.06.04 02:10:43.728,0.77231,0.77242,2.25,3.15
2015.06.04 02:10:44.234,0.77232,0.7724,1.00,1.10
2015.06.04 02:10:46.305,0.77231,0.77241,1.00,1.65
2015.06.04 02:10:46.807,0.77231,0.77241,1.00,1.95
2015.06.04 02:10:50.220,0.77231,0.77241,1.50,1.57
2015.06.04 02:10:50.524,0.77233,0.77241,1.00,1.50
2015.06.04 02:10:50.829,0.77239,0.77245,1.00,1.00
2015.06.04 02:10:51.049,0.77237,0.77246,3.37,1.00
2015.06.04 02:10:51.557,0.77238,0.77246,1.00,1.00
2015.06.04 02:10:52.069,0.77239,0.77246,1.00,1.00
2015.06.04 02:10:53.248,0.77238,0.77246,1.00,1.00
2015.06.04 02:10:54.394,0.77237,0.77246,1.00,1.00
2015.06.04 02:10:54.496,0.77236,0.77244,1.00,1.00
2015.06.04 02:10:54.698,0.77236,0.77248,1.12,1.95
2015.06.04 02:10:54.800,0.77236,0.77248,3.37,1.00
2015.06.04 02:10:55.305,0.77237,0.77248,2.25,1.50
2015.06.04 02:10:55.356,0.77237,0.77241,1.50,1.00
2015.06.04 02:10:55.697,0.77227,0.77234,1.87,1.00
2015.06.04 02:10:55.899,0.77223,0.77233,1.50,1.00
2015.06.04 02:10:56.001,0.77221,0.77232,1.00,1.50
2015.06.04 02:10:56.102,0.77221,0.7723,1.50,1.00
2015.06.04 02:10:56.613,0.77221,0.77231,1.87,1.50
2015.06.04 02:10:57.135,0.77221,0.77232,1.12,2.25
2015.06.04 02:10:59.184,0.77221,0.7723,2.62,1.00
2015.06.04 02:11:01.501,0.77221,0.77231,1.87,1.00
2015.06.04 02:11:04.415,0.7722,0.77231,2.25,1.00
2015.06.04 02:11:04.718,0.77214,0.77223,1.00,2.25
2015.06.04 02:11:05.022,0.77216,0.77222,1.00,1.00
2015.06.04 02:11:05.527,0.77216,0.77225,1.00,1.15
2015.06.04 02:11:06.075,0.77216,0.77225,1.00,1.00
2015.06.04 02:11:15.157,0.77215,0.77225,2.25,1.00
2015.06.04 02:11:18.432,0.77215,0.77226,2.62,1.50
2015.06.04 02:11:22.274,0.77217,0.77227,1.00,1.17
2015.06.04 02:11:22.894,0.77217,0.77227,1.00,1.10
2015.06.04 02:11:23.501,0.7722,0.77227,1.00,1.00
2015.06.04 02:11:23.702,0.77222,0.7723,1.00,1.10
2015.06.04 02:11:23.754,0.77222,0.77232,1.50,1.00
2015.06.04 02:11:24.260,0.77222,0.77233,2.25,1.00
2015.06.04 02:11:29.185,0.77221,0.77233,1.95,1.50
2015.06.04 02:11:30.232,0.77223,0.77233,1.00,1.50
2015.06.04 02:11:30.756,0.77222,0.77233,1.00,1.50
2015.06.04 02:11:34.151,0.77222,0.77232,1.00,1.00
2015.06.04 02:11:34.491,0.7722,0.7723,1.50,1.50
2015.06.04 02:11:34.746,0.77216,0.77227,2.62,2.25
2015.06.04 02:11:34.796,0.77216,0.77223,1.87,1.00
2015.06.04 02:11:34.999,0.77214,0.77223,1.00,2.25
2015.06.04 02:11:35.050,0.77214,0.77221,1.00,1.00
2015.06.04 02:11:35.253,0.77215,0.77225,3.37,1.00
2015.06.04 02:11:35.355,0.77215,0.77223,1.00,1.00
2015.06.04 02:11:35.658,0.77212,0.77219,1.00,1.00
2015.06.04 02:11:36.164,0.77211,0.77218,1.00,1.00
2015.06.04 02:11:36.686,0.77211,0.77217,1.00,1.00
2015.06.04 02:11:38.908,0.77211,0.77221,1.00,2.25
2015.06.04 02:11:40.137,0.77211,0.77222,2.25,2.25
2015.06.04 02:11:40.188,0.77215,0.77223,1.00,1.00
2015.06.04 02:11:40.563,0.77217,0.77226,1.50,1.00
2015.06.04 02:11:40.664,0.77219,0.77226,1.00,1.00
2015.06.04 02:11:40.715,0.77219,0.77228,1.50,1.10
2015.06.04 02:11:41.221,0.77218,0.77227,1.00,1.00
2015.06.04 02:11:41.963,0.7722,0.77228,1.00,1.00
2015.06.04 02:11:42.165,0.77221,0.7723,1.00,1.50
2015.06.04 02:11:43.804,0.77221,0.77226,1.00,1.00
2015.06.04 02:11:43.909,0.77216,0.77225,1.10,1.00
2015.06.04 02:11:44.010,0.77214,0.77223,1.12,1.00
2015.06.04 02:11:44.061,0.77213,0.77223,1.00,1.00
2015.06.04 02:11:44.415,0.77212,0.77225,4.50,3.00
2015.06.04 02:11:44.466,0.77215,0.77224,1.00,1.00
2015.06.04 02:11:44.972,0.77214,0.77225,1.50,3.00
2015.06.04 02:11:45.517,0.77214,0.77224,1.00,1.00
2015.06.04 02:11:48.693,0.77215,0.77224,1.00,1.00
2015.06.04 02:11:49.207,0.77214,0.77225,1.00,1.50
2015.06.04 02:11:50.394,0.77215,0.77225,1.00,1.50
2015.06.04 02:11:51.103,0.77214,0.77225,1.00,2.25
2015.06.04 02:11:51.610,0.77215,0.77226,1.00,1.50
2015.06.04 02:11:52.219,0.77216,0.77226,1.00,1.50
2015.06.04 02:11:52.563,0.77218,0.77226,1.50,1.00
2015.06.04 02:11:52.614,0.7722,0.77229,1.00,1.00
2015.06.04 02:11:53.137,0.77221,0.7723,1.00,1.00
2015.06.04 02:11:53.440,0.77222,0.77233,1.00,2.25
2015.06.04 02:11:53.542,0.77221,0.77231,1.50,1.00
2015.06.04 02:11:54.048,0.7722,0.77231,1.50,1.00
2015.06.04 02:11:54.362,0.77222,0.77231,1.00,1.00
2015.06.04 02:11:55.226,0.7722,0.77231,2.25,1.00
2015.06.04 02:12:00.834,0.77221,0.77231,1.00,1.00
2015.06.04 02:12:02.143,0.7722,0.77231,1.50,1.00
2015.06.04 02:12:04.036,0.77222,0.77231,1.00,1.50
2015.06.04 02:12:07.609,0.7722,0.77231,2.25,1.00
2015.06.04 02:12:07.779,0.77217,0.77225,1.50,1.00
2015.06.04 02:12:07.831,0.77214,0.77224,1.00,1.00
2015.06.04 02:12:08.337,0.77215,0.77223,1.00,1.00
2015.06.04 02:12:08.842,0.77215,0.77225,1.00,2.25
2015.06.04 02:12:09.354,0.77216,0.77225,1.00,1.00
2015.06.04 02:12:10.144,0.77217,0.77225,1.50,1.00
2015.06.04 02:12:10.195,0.77217,0.77227,2.25,1.00
2015.06.04 02:12:10.246,0.77219,0.77228,1.00,1.50
2015.06.04 02:12:12.078,0.77218,0.77228,1.00,1.00
2015.06.04 02:12:14.155,0.77218,0.77227,1.50,1.00
2015.06.04 02:12:14.458,0.77216,0.77225,1.50,1.00
2015.06.04 02:12:17.938,0.77215,0.77224,1.50,1.50
2015.06.04 02:12:17.989,0.77213,0.77224,2.70,1.50
2015.06.04 02:12:18.445,0.77214,0.77222,1.00,1.00
2015.06.04 02:12:18.995,0.77214,0.77223,1.00,1.50
2015.06.04 02:12:19.533,0.77213,0.77223,1.12,1.00
2015.06.04 02:12:22.123,0.77213,0.77222,1.00,1.00
2015.06.04 02:12:26.974,0.77211,0.77222,3.37,1.00
2015.06.04 02:12:27.075,0.77213,0.77222,1.50,2.25
2015.06.04 02:12:27.378,0.77223,0.77233,1.00,3.37
2015.06.04 02:12:27.899,0.77224,0.77233,1.00,1.00
2015.06.04 02:12:28.924,0.77225,0.77233,1.00,1.00
2015.06.04 02:12:29.314,0.77227,0.77236,1.00,1.00
2015.06.04 02:12:29.820,0.77227,0.77235,1.00,1.00
2015.06.04 02:12:29.972,0.77225,0.77233,1.00,1.00
2015.06.04 02:12:31.474,0.77225,0.77232,1.00,1.00
2015.06.04 02:12:31.676,0.77225,0.77234,1.00,2.25
2015.06.04 02:12:31.777,0.77223,0.77234,2.62,2.25
2015.06.04 02:12:31.878,0.77223,0.77232,2.62,1.00
2015.06.04 02:12:32.081,0.77223,0.77234,2.62,2.25
2015.06.04 02:12:32.595,0.77223,0.77233,1.87,2.25
2015.06.04 02:12:37.229,0.77224,0.77233,1.00,2.25
2015.06.04 02:12:40.647,0.77223,0.77233,1.87,2.25
2015.06.04 02:12:41.171,0.77223,0.77234,3.37,2.25
2015.06.04 02:12:43.697,0.77225,0.77234,1.00,2.25
2015.06.04 02:12:44.001,0.77228,0.77237,1.00,2.25
2015.06.04 02:12:44.507,0.77227,0.77237,1.00,2.25
2015.06.04 02:12:47.984,0.77227,0.77236,1.50,1.00
2015.06.04 02:12:52.076,0.77227,0.77237,1.00,2.25
2015.06.04 02:12:53.458,0.77228,0.77238,1.50,1.00
2015.06.04 02:13:00.297,0.77228,0.77236,1.00,1.00
2015.06.04 02:13:00.348,0.77226,0.77236,1.50,1.00
2015.06.04 02:13:00.398,0.77226,0.77234,1.00,1.50
2015.06.04 02:13:00.651,0.77223,0.77233,2.25,1.50
2015.06.04 02:13:00.753,0.77225,0.77233,1.00,1.00
2015.06.04 02:13:00.804,0.77225,0.77235,1.00,2.25
2015.06.04 02:13:01.709,0.77225,0.77234,1.50,1.00
2015.06.04 02:13:02.265,0.77226,0.77234,1.00,1.00
2015.06.04 02:13:03.100,0.77226,0.77235,1.00,1.00
2015.06.04 02:13:03.617,0.77225,0.77235,1.50,1.50
2015.06.04 02:13:04.123,0.77225,0.77234,1.00,1.00
2015.06.04 02:13:08.718,0.77225,0.77235,2.25,1.00
2015.06.04 02:13:09.259,0.77226,0.77235,1.00,1.00
2015.06.04 02:13:11.112,0.77226,0.77232,1.00,1.00
2015.06.04 02:13:11.163,0.77224,0.77232,1.00,1.00
2015.06.04 02:13:11.680,0.77224,0.77233,2.25,1.00
2015.06.04 02:13:11.731,0.77225,0.77236,1.00,1.50
2015.06.04 02:13:12.489,0.77226,0.77236,1.50,1.00
2015.06.04 02:13:12.994,0.77226,0.77237,2.32,1.00
2015.06.04 02:13:13.532,0.77226,0.77236,2.32,1.00
2015.06.04 02:13:14.038,0.77226,0.77235,1.10,1.00
2015.06.04 02:13:17.752,0.77226,0.77236,1.00,1.50
2015.06.04 02:13:17.854,0.77228,0.77238,1.00,2.25
2015.06.04 02:13:19.756,0.77227,0.77238,2.40,2.25
2015.06.04 02:13:20.263,0.77228,0.77238,1.00,3.00
2015.06.04 02:13:21.520,0.77229,0.77238,1.00,1.00
2015.06.04 02:13:21.826,0.77232,0.7724,1.00,1.00
2015.06.04 02:13:21.877,0.77232,0.77243,1.00,2.25
2015.06.04 02:13:21.928,0.77234,0.77243,1.00,2.25
2015.06.04 02:13:22.029,0.77232,0.77243,1.50,1.00
2015.06.04 02:13:23.569,0.77234,0.77243,1.00,1.50
2015.06.04 02:13:25.881,0.77234,0.77244,1.00,2.25
2015.06.04 02:13:27.933,0.77236,0.77245,1.00,1.50
2015.06.04 02:13:28.258,0.77235,0.77243,1.95,1.00
2015.06.04 02:13:28.360,0.77235,0.77244,1.50,1.00
2015.06.04 02:13:28.461,0.77238,0.77246,1.00,1.00
2015.06.04 02:13:28.714,0.77235,0.77246,1.57,1.50
2015.06.04 02:13:28.765,0.77236,0.77244,1.00,1.00
2015.06.04 02:13:28.866,0.77234,0.77244,1.50,1.00
2015.06.04 02:13:28.917,0.77236,0.77244,1.00,1.00
2015.06.04 02:13:28.968,0.77237,0.77246,1.00,1.50
2015.06.04 02:13:29.272,0.77239,0.77247,1.00,1.00
2015.06.04 02:13:29.780,0.77238,0.77247,1.00,1.00
2015.06.04 02:13:37.471,0.77239,0.77247,1.00,1.00
2015.06.04 02:13:37.979,0.77238,0.77247,1.50,1.00
2015.06.04 02:13:40.476,0.77239,0.77247,1.00,1.00
2015.06.04 02:13:47.181,0.7724,0.77247,1.00,1.00
2015.06.04 02:13:47.787,0.77241,0.77247,1.50,1.00
2015.06.04 02:13:48.141,0.77242,0.77251,1.00,1.00
2015.06.04 02:13:48.647,0.77242,0.77252,1.00,1.10
2015.06.04 02:13:49.561,0.77243,0.77252,1.50,1.10
2015.06.04 02:13:51.327,0.77243,0.77254,1.50,5.40
2015.06.04 02:13:51.855,0.77243,0.77253,1.50,1.00
2015.06.04 02:13:52.395,0.77243,0.77254,1.87,1.00
2015.06.04 02:13:52.445,0.77245,0.77256,1.00,2.25
2015.06.04 02:13:52.750,0.77248,0.77259,1.50,4.50
2015.06.04 02:13:53.055,0.77254,0.77264,1.50,1.10
2015.06.04 02:13:53.604,0.77254,0.77265,1.50,3.75
2015.06.04 02:13:54.110,0.77254,0.77264,1.50,1.50
2015.06.04 02:13:54.520,0.77248,0.77258,1.37,1.00
2015.06.04 02:13:54.571,0.77246,0.77257,1.87,1.00
2015.06.04 02:13:54.672,0.77244,0.77254,1.00,1.00
2015.06.04 02:13:55.178,0.77246,0.77255,1.50,1.00
2015.06.04 02:13:55.280,0.77246,0.77257,1.50,1.50
2015.06.04 02:13:55.484,0.77251,0.77257,1.00,1.00
2015.06.04 02:13:55.636,0.7725,0.77259,1.50,1.00
2015.06.04 02:13:55.860,0.7725,0.77256,2.25,1.00
2015.06.04 02:13:55.913,0.77248,0.77256,1.00,1.00
2015.06.04 02:13:55.964,0.77245,0.77256,1.00,2.25
2015.06.04 02:13:56.016,0.77243,0.77253,1.10,1.50
2015.06.04 02:13:56.321,0.77248,0.77261,3.00,3.82
2015.06.04 02:13:56.574,0.77251,0.77261,1.00,1.50
2015.06.04 02:13:57.404,0.77252,0.77263,1.00,1.65
2015.06.04 02:13:57.657,0.77253,0.77264,2.25,2.25
2015.06.04 02:13:58.471,0.77253,0.77263,2.25,1.00
2015.06.04 02:13:59.369,0.77253,0.77261,1.50,1.00
2015.06.04 02:13:59.622,0.77251,0.77261,1.87,1.50
2015.06.04 02:13:59.926,0.77249,0.7726,1.00,2.25
2015.06.04 02:14:01.191,0.77249,0.77258,1.50,1.00
2015.06.04 02:14:01.799,0.77249,0.7726,1.00,1.57
2015.06.04 02:14:01.901,0.77248,0.77258,2.25,1.00
2015.06.04 02:14:02.406,0.77248,0.77259,3.00,1.00
2015.06.04 02:14:02.726,0.7725,0.77259,1.00,1.00
2015.06.04 02:14:03.248,0.77249,0.77259,1.50,1.00
2015.06.04 02:14:03.652,0.7725,0.77261,2.25,3.00
2015.06.04 02:14:04.158,0.77251,0.77261,1.87,1.00
2015.06.04 02:14:05.760,0.7725,0.7726,1.87,1.00
2015.06.04 02:14:05.811,0.77249,0.77258,1.37,1.00
2015.06.04 02:14:05.862,0.77247,0.77257,1.10,1.00
2015.06.04 02:14:06.064,0.77244,0.77256,2.25,3.75
2015.06.04 02:14:06.599,0.77244,0.77255,2.25,1.00
2015.06.04 02:14:08.635,0.77244,0.77256,2.25,3.00
2015.06.04 02:14:09.249,0.77245,0.77256,1.00,2.25
2015.06.04 02:14:10.039,0.77244,0.77256,1.50,2.25
2015.06.04 02:14:10.546,0.77244,0.77255,1.50,1.00
2015.06.04 02:14:11.080,0.77244,0.77254,2.25,1.00
2015.06.04 02:14:13.876,0.77243,0.77254,1.00,1.50
2015.06.04 02:14:14.229,0.77243,0.77252,1.00,1.00
2015.06.04 02:14:14.832,0.77242,0.77252,1.00,1.50
2015.06.04 02:14:15.436,0.77242,0.77253,1.50,3.00
2015.06.04 02:14:15.739,0.77248,0.77257,1.37,1.20
2015.06.04 02:14:16.244,0.77248,0.77258,1.37,1.00
2015.06.04 02:14:17.530,0.7725,0.77259,1.12,1.00
2015.06.04 02:14:18.086,0.77248,0.77259,1.47,1.50
2015.06.04 02:14:18.592,0.77248,0.77259,1.57,1.50
2015.06.04 02:14:21.023,0.77251,0.77261,2.62,1.50
2015.06.04 02:14:21.560,0.77252,0.77261,1.20,1.00
2015.06.04 02:14:21.763,0.77252,0.77263,2.25,1.50
2015.06.04 02:14:23.932,0.77252,0.77262,2.32,1.00
2015.06.04 02:14:24.707,0.77254,0.77263,1.10,1.00
2015.06.04 02:14:29.339,0.77254,0.77262,1.10,1.00
2015.06.04 02:14:32.643,0.77253,0.77262,1.20,1.00
2015.06.04 02:14:33.159,0.77253,0.77262,1.17,1.50
2015.06.04 02:14:36.549,0.77253,0.77261,1.17,1.00
2015.06.04 02:14:36.754,0.77251,0.77258,2.62,1.00
2015.06.04 02:14:37.007,0.77244,0.77254,1.20,1.50
2015.06.04 02:14:38.359,0.77244,0.77253,1.20,1.00
2015.06.04 02:14:38.511,0.77244,0.77255,3.45,1.00
2015.06.04 02:14:38.815,0.77246,0.77255,1.12,1.00
2015.06.04 02:14:39.018,0.77248,0.77258,1.10,1.00
2015.06.04 02:14:39.988,0.77248,0.77259,2.32,1.00
2015.06.04 02:14:41.171,0.77248,0.77258,1.57,1.00
2015.06.04 02:14:42.871,0.77248,0.77257,2.32,1.00
2015.06.04 02:14:43.376,0.77248,0.77258,1.57,1.50
2015.06.04 02:14:43.478,0.77246,0.77256,1.20,1.50
2015.06.04 02:14:43.792,0.77246,0.77254,1.17,1.00
2015.06.04 02:14:44.966,0.7725,0.77258,2.25,1.50
2015.06.04 02:14:45.067,0.77251,0.77258,1.57,1.00
2015.06.04 02:14:45.370,0.77251,0.77261,2.77,1.00
2015.06.04 02:14:47.275,0.77251,0.77262,2.02,1.50
2015.06.04 02:14:49.327,0.77252,0.77262,1.57,1.00
2015.06.04 02:14:51.273,0.77251,0.7726,3.52,1.00
2015.06.04 02:14:51.811,0.77251,0.7726,1.15,1.50
2015.06.04 02:14:52.122,0.77248,0.77256,1.27,1.00
2015.06.04 02:14:53.026,0.77251,0.77256,1.00,1.00
2015.06.04 02:14:53.077,0.77252,0.77258,1.00,1.00
2015.06.04 02:14:53.271,0.77254,0.77262,1.65,1.00
2015.06.04 02:14:53.777,0.77253,0.77262,1.20,1.00
2015.06.04 02:14:53.828,0.77258,0.77262,1.87,1.00
2015.06.04 02:14:53.929,0.77259,0.77264,1.87,1.00
2015.06.04 02:14:54.082,0.77259,0.77267,1.87,1.00
2015.06.04 02:14:54.596,0.7726,0.77268,1.37,1.00
2015.06.04 02:14:55.198,0.7726,0.77267,1.37,1.00
2015.06.04 02:14:58.054,0.77259,0.77265,1.95,1.00
2015.06.04 02:14:58.105,0.77255,0.77264,3.37,1.00
2015.06.04 02:14:58.207,0.77258,0.77266,1.00,1.50
2015.06.04 02:14:58.309,0.77259,0.77266,1.87,1.50
2015.06.04 02:14:58.852,0.77261,0.77267,1.37,1.50
2015.06.04 02:14:59.004,0.77261,0.77269,1.37,2.25
2015.06.04 02:15:00.982,0.77259,0.77269,1.57,2.25
2015.06.04 02:15:01.505,0.7726,0.77268,1.10,1.50
2015.06.04 02:15:04.034,0.7726,0.77267,1.10,1.00
2015.06.04 02:15:05.194,0.77256,0.77267,3.00,1.00
2015.06.04 02:15:05.397,0.77256,0.77264,1.50,1.00
2015.06.04 02:15:05.498,0.77253,0.77263,1.10,2.25
2015.06.04 02:15:05.549,0.77253,0.77263,1.87,1.50
2015.06.04 02:15:06.445,0.77257,0.77263,1.00,1.00
2015.06.04 02:15:06.597,0.77257,0.77265,1.00,1.50
2015.06.04 02:15:07.102,0.77257,0.77266,1.50,1.00
2015.06.04 02:15:07.648,0.77258,0.77267,1.00,1.50
2015.06.04 02:15:10.296,0.77257,0.77267,1.00,2.25
2015.06.04 02:15:10.347,0.77257,0.77265,1.00,1.00
2015.06.04 02:15:15.244,0.77256,0.77265,2.25,1.50
2015.06.04 02:15:15.865,0.77256,0.77264,1.50,1.50
2015.06.04 02:15:17.459,0.77257,0.77264,1.00,1.50
2015.06.04 02:15:18.110,0.77256,0.77264,1.00,1.50
2015.06.04 02:15:18.212,0.77254,0.77263,2.25,1.50
2015.06.04 02:15:18.730,0.77254,0.77262,1.50,1.00
2015.06.04 02:15:20.305,0.77253,0.77262,1.50,1.00
2015.06.04 02:15:23.834,0.77253,0.7726,1.50,1.00
2015.06.04 02:15:24.729,0.77253,0.77259,1.00,1.00
2015.06.04 02:15:25.550,0.77253,0.7726,1.00,1.00
2015.06.04 02:15:27.373,0.77251,0.7726,1.10,1.00
2015.06.04 02:15:28.797,0.7725,0.77259,1.57,1.00
2015.06.04 02:15:28.948,0.77248,0.77257,1.95,1.00
2015.06.04 02:15:29.252,0.77248,0.77255,1.00,1.00
2015.06.04 02:15:29.756,0.77248,0.77256,1.50,1.00
2015.06.04 02:15:29.807,0.77248,0.77258,1.50,3.75
2015.06.04 02:15:33.571,0.77249,0.77258,1.00,1.50
2015.06.04 02:15:33.925,0.7725,0.7726,1.12,1.00
2015.06.04 02:15:33.976,0.77252,0.77261,1.00,1.00
2015.06.04 02:15:34.524,0.77252,0.7726,1.00,1.00
2015.06.04 02:15:35.028,0.77252,0.77261,1.00,1.50
2015.06.04 02:15:38.989,0.7725,0.77261,1.87,3.00
2015.06.04 02:15:39.446,0.7725,0.77259,1.00,1.50
2015.06.04 02:15:39.497,0.77248,0.77259,2.25,1.50
2015.06.04 02:15:40.003,0.77248,0.77258,1.00,1.00
2015.06.04 02:15:40.538,0.77249,0.77259,1.00,2.25
2015.06.04 02:15:42.499,0.77248,0.77259,1.50,2.25
2015.06.04 02:15:43.597,0.77248,0.77258,1.00,1.00
2015.06.04 02:15:44.558,0.77247,0.77258,2.25,1.50
2015.06.04 02:15:52.176,0.77247,0.77257,3.00,1.00
2015.06.04 02:15:53.880,0.77246,0.77255,1.57,1.00
2015.06.04 02:15:53.981,0.77243,0.77254,3.15,1.50
2015.06.04 02:15:54.083,0.77243,0.77252,1.57,1.00
2015.06.04 02:15:54.588,0.77242,0.77252,1.57,1.00
2015.06.04 02:15:54.943,0.7724,0.77249,1.15,1.50
2015.06.04 02:15:55.185,0.77238,0.77247,1.00,2.25
2015.06.04 02:15:56.046,0.77238,0.77248,1.00,2.25
2015.06.04 02:15:56.780,0.77238,0.77249,1.00,1.50
2015.06.04 02:15:57.547,0.77237,0.77249,2.32,1.00
2015.06.04 02:15:59.949,0.77237,0.77248,2.32,1.00
2015.06.04 02:16:03.756,0.77237,0.77247,1.00,1.00
2015.06.04 02:16:03.858,0.77237,0.77245,1.00,1.00
2015.06.04 02:16:04.011,0.77234,0.77243,1.10,1.00
2015.06.04 02:16:04.567,0.77233,0.77243,3.00,2.25
2015.06.04 02:16:04.955,0.77232,0.77241,1.00,1.00
2015.06.04 02:16:05.058,0.7723,0.77241,1.00,2.25
2015.06.04 02:16:05.563,0.77231,0.77241,1.00,1.00
2015.06.04 02:16:06.170,0.7723,0.77241,2.25,1.00
2015.06.04 02:16:11.078,0.77231,0.77241,1.00,3.00
2015.06.04 02:16:12.191,0.7723,0.77241,1.00,1.50
2015.06.04 02:16:13.575,0.7723,0.7724,1.00,1.00
2015.06.04 02:16:14.029,0.77229,0.77237,1.00,1.00
2015.06.04 02:16:14.080,0.77227,0.77237,2.25,1.50
2015.06.04 02:16:15.433,0.77227,0.77235,1.00,1.00
2015.06.04 02:16:15.484,0.77225,0.77235,2.32,1.00
2015.06.04 02:16:15.802,0.77224,0.77233,1.20,1.00
2015.06.04 02:16:16.208,0.77222,0.77233,2.32,1.50
2015.06.04 02:16:16.742,0.77222,0.7723,1.00,1.00
2015.06.04 02:16:17.330,0.77222,0.77231,1.00,1.00
2015.06.04 02:16:19.249,0.77222,0.7723,1.00,1.00
2015.06.04 02:16:19.732,0.77219,0.77226,1.50,1.00
2015.06.04 02:16:19.935,0.77214,0.77223,1.00,1.00
2015.06.04 02:16:20.494,0.77213,0.77223,1.00,2.25
2015.06.04 02:16:21.000,0.77212,0.77222,1.50,1.00
2015.06.04 02:16:21.533,0.77212,0.77223,2.25,3.00
2015.06.04 02:16:21.995,0.77211,0.77221,1.00,1.00
2015.06.04 02:16:22.519,0.77212,0.77221,1.00,1.00
2015.06.04 02:16:22.958,0.7721,0.7722,1.50,1.00
2015.06.04 02:16:23.059,0.77212,0.7722,1.00,1.00
2015.06.04 02:16:23.589,0.77212,0.77219,1.00,1.00
2015.06.04 02:16:24.814,0.7721,0.7722,1.50,1.00
2015.06.04 02:16:25.016,0.7721,0.77215,1.00,1.00
2015.06.04 02:16:25.168,0.7721,0.77219,1.00,1.57
2015.06.04 02:16:26.413,0.7721,0.7722,1.50,1.00
2015.06.04 02:16:29.012,0.77211,0.77221,1.00,1.00
2015.06.04 02:16:30.245,0.77213,0.77221,1.00,1.50
2015.06.04 02:16:32.105,0.77215,0.77221,1.00,1.00
2015.06.04 02:16:32.448,0.77217,0.77221,1.00,1.00
2015.06.04 02:16:32.499,0.77213,0.77222,2.70,1.00
2015.06.04 02:16:32.550,0.77213,0.77222,3.15,1.00
2015.06.04 02:16:32.651,0.77216,0.77221,1.00,1.00
2015.06.04 02:16:33.107,0.77214,0.77221,1.00,1.00
2015.06.04 02:16:33.713,0.77214,0.7722,1.00,1.00
2015.06.04 02:16:33.945,0.77212,0.7722,1.00,1.00
2015.06.04 02:16:35.471,0.77212,0.77221,1.00,1.00
2015.06.04 02:16:36.597,0.77215,0.77221,1.00,1.00
2015.06.04 02:16:36.901,0.77217,0.77223,1.50,1.00
2015.06.04 02:16:37.003,0.77218,0.77228,1.50,1.57
2015.06.04 02:16:37.053,0.7722,0.77228,1.00,1.00
2015.06.04 02:16:37.104,0.7722,0.7723,1.00,3.00
2015.06.04 02:16:37.641,0.77222,0.77231,1.50,1.00
2015.06.04 02:16:38.146,0.77221,0.77232,3.45,1.00
2015.06.04 02:16:38.702,0.77221,0.77234,4.20,3.75
2015.06.04 02:16:39.293,0.77223,0.77233,1.10,1.50
2015.06.04 02:16:39.597,0.77225,0.77233,1.00,1.50
2015.06.04 02:16:40.143,0.77225,0.77232,1.00,1.00
2015.06.04 02:16:40.446,0.77227,0.77233,1.00,1.00
2015.06.04 02:16:40.765,0.77227,0.77235,1.00,1.50
2015.06.04 02:16:41.018,0.77228,0.77237,1.00,2.25
2015.06.04 02:16:41.240,0.7723,0.7724,2.25,2.62
2015.06.04 02:16:41.342,0.77231,0.7724,1.07,1.12
2015.06.04 02:16:41.545,0.77231,0.77243,2.32,1.50
2015.06.04 02:16:42.789,0.77233,0.77243,1.00,1.50
2015.06.04 02:16:43.395,0.77233,0.77244,1.50,1.50
2015.06.04 02:16:43.446,0.77237,0.77244,1.00,1.00
2015.06.04 02:16:43.699,0.77237,0.77246,1.00,1.50
2015.06.04 02:16:44.213,0.77235,0.77247,1.57,1.50
2015.06.04 02:16:46.814,0.7724,0.77247,1.00,1.00
2015.06.04 02:16:46.915,0.77243,0.77252,1.00,1.07
2015.06.04 02:16:47.272,0.77242,0.77253,2.40,1.50
2015.06.04 02:16:47.800,0.77242,0.77253,1.17,1.00
2015.06.04 02:16:48.316,0.77242,0.77253,1.17,1.37
2015.06.04 02:16:48.980,0.77242,0.77253,1.17,2.62
2015.06.04 02:16:50.881,0.7724,0.77251,1.50,1.00
2015.06.04 02:16:51.386,0.77241,0.77252,1.12,2.25
2015.06.04 02:16:53.397,0.7724,0.77252,1.00,2.25
2015.06.04 02:16:53.898,0.7724,0.77252,1.37,2.25
2015.06.04 02:16:56.204,0.7724,0.77252,3.00,1.00
2015.06.04 02:16:56.710,0.77242,0.77253,1.07,2.25
2015.06.04 02:17:06.170,0.77244,0.77255,1.00,2.25
2015.06.04 02:17:06.525,0.77244,0.77257,1.65,2.25
2015.06.04 02:17:07.070,0.77246,0.77257,1.00,1.00
2015.06.04 02:17:07.575,0.77245,0.77256,1.57,1.00
2015.06.04 02:17:08.131,0.77246,0.77257,1.00,1.00
2015.06.04 02:17:08.648,0.77245,0.77256,2.32,1.50
2015.06.04 02:17:08.851,0.77247,0.77258,1.00,3.00
2015.06.04 02:17:09.553,0.77251,0.7726,1.00,1.00
2015.06.04 02:17:09.604,0.77251,0.77263,1.10,3.75
2015.06.04 02:17:09.655,0.77254,0.77263,1.00,2.25
2015.06.04 02:17:10.417,0.77254,0.7726,1.00,1.00
2015.06.04 02:17:10.468,0.77251,0.7726,1.00,1.00
2015.06.04 02:17:10.969,0.7725,0.7726,1.00,1.00
2015.06.04 02:17:12.624,0.77251,0.7726,1.00,1.00
2015.06.04 02:17:12.928,0.77252,0.77262,1.00,1.50
2015.06.04 02:17:13.181,0.77254,0.77262,1.00,1.50
2015.06.04 02:17:13.618,0.77255,0.77266,1.00,1.87
2015.06.04 02:17:13.822,0.77256,0.77266,1.00,1.00
2015.06.04 02:17:13.923,0.77257,0.77268,1.50,1.00
2015.06.04 02:17:13.974,0.77261,0.7727,1.00,1.87
2015.06.04 02:17:14.627,0.77263,0.77273,1.00,2.40
2015.06.04 02:17:15.139,0.77263,0.77273,1.00,1.50
2015.06.04 02:17:16.659,0.77263,0.77271,1.00,1.00
2015.06.04 02:17:17.127,0.77261,0.77271,1.00,1.10
2015.06.04 02:17:17.392,0.77263,0.77271,1.00,1.10
2015.06.04 02:17:17.924,0.77262,0.77271,1.00,1.10
2015.06.04 02:17:18.855,0.77263,0.77272,1.00,1.27
2015.06.04 02:17:19.368,0.77262,0.77273,1.00,2.70
2015.06.04 02:17:21.011,0.77262,0.77272,1.00,1.87
2015.06.04 02:17:21.941,0.77262,0.7727,1.00,1.00
2015.06.04 02:17:21.992,0.7726,0.7727,1.10,1.00
2015.06.04 02:17:22.296,0.7726,0.77268,1.00,1.50
2015.06.04 02:17:22.803,0.77261,0.77271,1.00,3.45
2015.06.04 02:17:25.086,0.77261,0.77268,1.00,1.50
2015.06.04 02:17:25.698,0.7726,0.77268,1.00,1.87
2015.06.04 02:17:27.471,0.77261,0.77268,1.00,1.87
2015.06.04 02:17:28.132,0.7726,0.77268,1.00,1.87
2015.06.04 02:17:32.079,0.7726,0.77269,1.00,1.50
2015.06.04 02:17:32.613,0.7726,0.77269,1.00,1.87
2015.06.04 02:17:34.599,0.7726,0.77267,1.00,1.50
2015.06.04 02:17:34.650,0.77258,0.77267,1.00,1.50
2015.06.04 02:17:34.701,0.77258,0.77264,1.00,1.00
2015.06.04 02:17:34.954,0.77252,0.77261,2.25,1.37
2015.06.04 02:17:35.055,0.77252,0.77261,1.00,1.50
2015.06.04 02:17:35.566,0.77253,0.77263,1.00,1.12
2015.06.04 02:17:38.480,0.77253,0.77265,1.00,2.32
2015.06.04 02:17:39.060,0.77253,0.77265,1.00,1.95
2015.06.04 02:17:39.212,0.77253,0.77259,1.00,1.00
2015.06.04 02:17:39.364,0.77251,0.77259,1.00,1.00
2015.06.04 02:17:40.204,0.77251,0.7726,1.00,1.00
2015.06.04 02:17:40.614,0.77252,0.77262,1.00,1.57
2015.06.04 02:17:40.817,0.77254,0.77262,1.00,1.50
2015.06.04 02:17:41.323,0.77254,0.7726,1.00,1.00
2015.06.04 02:17:41.374,0.77251,0.7726,1.00,1.00
2015.06.04 02:17:41.477,0.77253,0.77261,1.00,1.50
2015.06.04 02:17:42.477,0.7725,0.77261,2.25,2.25
2015.06.04 02:18:00.150,0.77252,0.77261,1.00,1.50
2015.06.04 02:18:00.352,0.77252,0.77263,1.50,1.00
2015.06.04 02:18:00.403,0.77254,0.77265,1.00,2.32
2015.06.04 02:18:00.679,0.77256,0.77268,1.50,1.50
2015.06.04 02:18:01.412,0.77257,0.77268,1.00,1.50
2015.06.04 02:18:04.023,0.77257,0.77267,1.00,1.00
2015.06.04 02:18:10.236,0.77256,0.77268,2.25,3.00
2015.06.04 02:18:10.449,0.77257,0.77265,1.00,1.00
2015.06.04 02:18:10.550,0.77255,0.77265,1.65,1.00
2015.06.04 02:18:11.616,0.77255,0.77264,1.10,1.00
2015.06.04 02:18:15.129,0.77253,0.77263,1.95,1.37
2015.06.04 02:18:15.332,0.7725,0.7726,3.45,1.00
2015.06.04 02:18:15.383,0.7725,0.7726,3.15,1.00
2015.06.04 02:18:16.856,0.7725,0.77259,1.00,1.00
2015.06.04 02:18:17.210,0.77248,0.77258,1.00,2.25
2015.06.04 02:18:17.663,0.7725,0.77258,1.00,2.32
2015.06.04 02:18:17.967,0.77252,0.77262,1.00,3.00
2015.06.04 02:18:18.472,0.77253,0.77262,1.00,1.50
2015.06.04 02:18:20.192,0.77254,0.77262,1.00,2.25
2015.06.04 02:18:20.546,0.77254,0.77264,1.00,2.32
2015.06.04 02:18:20.748,0.77252,0.77263,1.50,1.00
2015.06.04 02:18:21.273,0.77252,0.77264,1.50,3.82
2015.06.04 02:18:21.475,0.77252,0.77262,2.25,1.00
2015.06.04 02:18:28.788,0.77252,0.77261,2.25,1.00
2015.06.04 02:18:38.384,0.77251,0.77261,1.50,1.50
2015.06.04 02:18:44.107,0.7725,0.77261,2.70,1.50
2015.06.04 02:18:46.311,0.77251,0.77261,1.00,2.25
2015.06.04 02:18:46.862,0.7725,0.77261,2.62,1.50
2015.06.04 02:18:47.182,0.7725,0.77257,1.87,1.00
2015.06.04 02:18:47.334,0.77249,0.77259,1.47,2.25
2015.06.04 02:18:47.435,0.77248,0.77258,1.00,1.50
2015.06.04 02:18:47.688,0.77247,0.77256,1.00,1.00
2015.06.04 02:18:47.790,0.77244,0.77256,1.00,1.50
2015.06.04 02:18:47.992,0.77246,0.77255,1.00,1.50
2015.06.04 02:18:48.521,0.77245,0.77255,1.00,1.50
2015.06.04 02:18:50.922,0.77245,0.77254,1.00,1.00
2015.06.04 02:18:51.437,0.77244,0.77254,1.00,1.50
2015.06.04 02:18:59.793,0.77245,0.77254,1.50,1.00
2015.06.04 02:18:59.946,0.77249,0.7726,1.50,1.00
2015.06.04 02:18:59.997,0.77251,0.77261,1.00,2.32
2015.06.04 02:19:00.520,0.77252,0.77262,1.00,1.50
2015.06.04 02:19:02.088,0.77251,0.77262,1.50,1.00
2015.06.04 02:19:02.240,0.77248,0.7726,1.00,1.50
2015.06.04 02:19:02.443,0.77247,0.77258,3.00,1.50
2015.06.04 02:19:03.996,0.77248,0.77258,1.00,2.25
2015.06.04 02:19:04.502,0.77247,0.77257,2.25,1.00
2015.06.04 02:19:05.038,0.77248,0.77257,1.00,1.00
2015.06.04 02:19:05.576,0.77247,0.77257,2.25,1.00
2015.06.04 02:19:06.267,0.77248,0.77257,1.00,1.00
2015.06.04 02:19:06.470,0.77249,0.7726,1.00,1.00
2015.06.04 02:19:06.971,0.7725,0.7726,1.50,1.00
2015.06.04 02:19:07.888,0.7725,0.77261,1.50,1.50
2015.06.04 02:19:10.550,0.77251,0.77261,1.00,1.00
2015.06.04 02:19:10.723,0.77266,0.77271,1.00,10.20
2015.06.04 02:19:10.775,0.77267,0.77272,1.57,1.00
2015.06.04 02:19:10.827,0.77266,0.77274,1.00,1.00
2015.06.04 02:19:10.928,0.77264,0.77268,1.87,1.00
2015.06.04 02:19:11.030,0.77267,0.77271,1.00,1.00
2015.06.04 02:19:11.132,0.77267,0.77273,1.00,1.00
2015.06.04 02:19:11.234,0.77264,0.77273,3.00,1.00
2015.06.04 02:19:11.336,0.77266,0.77272,1.00,1.00
2015.06.04 02:19:11.640,0.77268,0.77276,1.00,1.00
2015.06.04 02:19:11.834,0.77274,0.77278,1.00,1.00
2015.06.04 02:19:11.886,0.77274,0.7728,1.00,1.12
2015.06.04 02:19:12.038,0.77272,0.77279,1.00,1.00
2015.06.04 02:19:12.342,0.77272,0.77281,1.50,1.00
2015.06.04 02:19:12.444,0.77274,0.77284,1.00,1.50
2015.06.04 02:19:15.430,0.77276,0.77284,1.00,1.00
2015.06.04 02:19:18.043,0.77275,0.77284,1.00,1.00
2015.06.04 02:19:18.346,0.77273,0.77283,1.50,1.00
2015.06.04 02:19:18.548,0.77273,0.77281,1.00,1.00
2015.06.04 02:19:19.054,0.77272,0.77282,2.25,1.50
2015.06.04 02:19:19.581,0.77273,0.77282,1.00,1.50
2015.06.04 02:19:22.864,0.77272,0.7728,1.00,1.00
2015.06.04 02:19:23.405,0.77271,0.77279,1.50,1.00
2015.06.04 02:19:23.709,0.77266,0.77274,1.50,1.00
2015.06.04 02:19:24.013,0.77268,0.77276,1.50,1.00
2015.06.04 02:19:24.064,0.77269,0.77278,1.00,1.00
2015.06.04 02:19:24.166,0.77271,0.77278,1.00,1.00
2015.06.04 02:19:24.718,0.7727,0.77278,1.00,1.00
2015.06.04 02:19:26.044,0.77271,0.77278,1.00,1.00
2015.06.04 02:19:28.319,0.77269,0.77278,1.87,1.00
2015.06.04 02:19:33.560,0.77269,0.77277,2.25,1.00
2015.06.04 02:19:37.785,0.77269,0.77278,3.00,1.00
2015.06.04 02:19:38.306,0.7727,0.77278,1.00,1.00
2015.06.04 02:19:38.988,0.77269,0.77278,1.50,1.00
2015.06.04 02:19:39.452,0.7727,0.77274,1.00,1.00
2015.06.04 02:19:39.554,0.77267,0.77274,1.00,1.00
2015.06.04 02:19:39.605,0.77265,0.77274,2.25,1.00
2015.06.04 02:19:40.126,0.77267,0.77275,1.00,1.00
2015.06.04 02:19:41.023,0.77268,0.77275,1.50,1.00
2015.06.04 02:19:41.074,0.77268,0.77277,1.50,1.00
2015.06.04 02:19:41.176,0.77271,0.77278,1.00,1.00
2015.06.04 02:19:42.474,0.77271,0.77279,1.00,1.00
2015.06.04 02:19:43.257,0.77271,0.77281,1.00,1.00
2015.06.04 02:19:43.358,0.77273,0.77282,1.00,1.00
2015.06.04 02:19:43.662,0.77276,0.77283,1.00,1.00
2015.06.04 02:19:43.965,0.77279,0.77285,1.00,1.00
2015.06.04 02:19:44.480,0.77279,0.77286,1.00,1.00
2015.06.04 02:19:46.613,0.77277,0.77286,1.00,1.00
2015.06.04 02:19:47.231,0.77276,0.77286,1.50,1.50
2015.06.04 02:19:47.794,0.77277,0.77286,1.00,1.50
2015.06.04 02:19:48.997,0.77276,0.77286,1.50,1.50
2015.06.04 02:19:49.488,0.77278,0.77286,1.00,1.00
2015.06.04 02:19:49.893,0.77281,0.77287,1.00,1.00
2015.06.04 02:19:49.994,0.77281,0.77289,1.00,1.12
2015.06.04 02:19:50.509,0.77282,0.77289,1.00,1.12
2015.06.04 02:19:58.698,0.77279,0.7729,3.00,1.37
2015.06.04 02:19:59.798,0.77279,0.77287,1.50,1.00
2015.06.04 02:20:00.613,0.77277,0.77284,2.32,1.00
2015.06.04 02:20:00.855,0.77275,0.77284,1.50,1.00
2015.06.04 02:20:01.415,0.77274,0.77283,1.00,1.00
2015.06.04 02:20:01.930,0.77273,0.77283,1.50,1.00
2015.06.04 02:20:02.495,0.77273,0.77282,1.50,1.00
2015.06.04 02:20:06.835,0.77272,0.77282,3.00,1.00
2015.06.04 02:20:07.340,0.77272,0.7728,1.00,1.00
2015.06.04 02:20:07.859,0.77271,0.7728,2.25,1.00
2015.06.04 02:20:08.389,0.77272,0.7728,1.00,1.00
2015.06.04 02:20:09.012,0.77271,0.7728,1.50,1.00
2015.06.04 02:20:09.560,0.77272,0.7728,1.00,1.00
2015.06.04 02:20:10.423,0.77272,0.77278,1.00,1.00
2015.06.04 02:20:10.525,0.7727,0.77278,1.50,1.00
2015.06.04 02:20:11.131,0.77269,0.77278,3.75,1.00
2015.06.04 02:20:11.232,0.7727,0.7728,2.25,1.00
2015.06.04 02:20:11.531,0.77272,0.7728,1.50,1.00
2015.06.04 02:20:11.582,0.77273,0.77282,1.00,1.50
2015.06.04 02:20:12.089,0.77273,0.77281,1.00,1.00
2015.06.04 02:20:14.829,0.77273,0.77283,1.00,2.25
2015.06.04 02:20:22.354,0.77272,0.77283,1.50,1.50
2015.06.04 02:20:22.862,0.77273,0.77283,1.00,1.50
2015.06.04 02:20:23.918,0.77272,0.77283,2.25,1.50
2015.06.04 02:20:24.020,0.77274,0.77283,1.00,1.50
2015.06.04 02:20:25.263,0.77273,0.77283,1.00,1.50
2015.06.04 02:20:25.772,0.77272,0.77282,2.25,1.50
2015.06.04 02:20:26.974,0.77273,0.77282,1.00,1.50
2015.06.04 02:20:27.532,0.77272,0.77282,2.25,1.50
2015.06.04 02:20:29.243,0.77272,0.77281,1.50,1.00
2015.06.04 02:20:30.241,0.77271,0.77281,1.50,1.00
2015.06.04 02:20:30.933,0.7727,0.7728,1.50,1.00
2015.06.04 02:20:31.439,0.77269,0.77279,3.00,1.00
2015.06.04 02:20:32.204,0.7727,0.77279,1.00,1.00
2015.06.04 02:20:32.733,0.77269,0.77279,3.00,1.00
2015.06.04 02:20:38.155,0.77269,0.77276,2.25,1.00
2015.06.04 02:20:38.257,0.77267,0.77276,2.25,1.00
2015.06.04 02:20:38.459,0.77266,0.77278,2.25,1.57
2015.06.04 02:20:38.661,0.77268,0.77278,1.00,1.00
2015.06.04 02:20:38.965,0.7727,0.77279,1.00,1.12
2015.06.04 02:20:39.505,0.77269,0.77279,2.62,1.00
2015.06.04 02:20:44.057,0.7727,0.77279,1.00,1.00
2015.06.04 02:20:47.021,0.77271,0.77279,1.00,1.50
2015.06.04 02:21:02.281,0.77272,0.77279,1.00,1.00
2015.06.04 02:21:02.789,0.77273,0.7728,1.00,1.00
2015.06.04 02:21:04.890,0.77273,0.77281,1.00,1.87
2015.06.04 02:21:05.194,0.77278,0.77284,1.00,1.00
2015.06.04 02:21:05.397,0.77278,0.77286,1.00,1.50
2015.06.04 02:21:05.448,0.7728,0.77286,1.00,1.50
2015.06.04 02:21:05.498,0.7728,0.77289,1.00,1.00
2015.06.04 02:21:06.025,0.77281,0.77288,1.00,1.00
2015.06.04 02:21:06.076,0.77281,0.7729,1.00,2.62
2015.06.04 02:21:06.291,0.77281,0.77288,1.00,1.00
2015.06.04 02:21:06.595,0.77276,0.77283,1.00,1.00
2015.06.04 02:21:06.980,0.77276,0.7728,1.00,1.00
2015.06.04 02:21:07.031,0.77272,0.7728,1.00,1.00
2015.06.04 02:21:07.082,0.77271,0.77278,2.32,1.00
2015.06.04 02:21:07.386,0.77272,0.77276,1.00,1.00
2015.06.04 02:21:07.689,0.77271,0.77278,1.00,1.00
2015.06.04 02:21:07.791,0.77271,0.77275,1.00,1.00
2015.06.04 02:21:07.993,0.77271,0.77278,1.00,1.00
2015.06.04 02:21:08.196,0.77271,0.77275,1.00,1.00
2015.06.04 02:21:08.399,0.77272,0.77278,1.00,1.50
2015.06.04 02:21:11.928,0.77272,0.77277,1.00,1.00
2015.06.04 02:21:12.433,0.7727,0.77277,1.37,1.00
2015.06.04 02:21:12.882,0.7727,0.77279,1.87,1.00
2015.06.04 02:21:14.365,0.77273,0.77279,1.00,1.00
2015.06.04 02:21:16.786,0.77273,0.77277,1.00,1.00
2015.06.04 02:21:16.888,0.77273,0.7728,1.00,1.00
2015.06.04 02:21:17.422,0.77273,0.77279,1.00,1.00
2015.06.04 02:21:18.309,0.77271,0.77279,1.12,1.00
2015.06.04 02:21:19.866,0.77271,0.77277,1.12,1.00
2015.06.04 02:21:20.701,0.77271,0.77278,1.12,1.00
2015.06.04 02:21:21.207,0.77271,0.77279,1.12,1.00
2015.06.04 02:21:21.712,0.7727,0.77278,3.37,1.00
2015.06.04 02:21:22.342,0.77272,0.77277,1.00,1.00
2015.06.04 02:21:22.494,0.77272,0.77279,1.00,1.00
2015.06.04 02:21:23.000,0.77271,0.77279,2.25,1.00
2015.06.04 02:21:24.440,0.77271,0.77278,2.25,1.00
2015.06.04 02:21:25.545,0.77271,0.77277,1.50,1.00
2015.06.04 02:21:27.022,0.7727,0.77277,2.25,1.00
2015.06.04 02:21:27.600,0.7727,0.77281,3.75,1.50
2015.06.04 02:21:27.955,0.77272,0.7728,1.00,1.00
2015.06.04 02:21:28.729,0.77272,0.77281,1.00,1.00
2015.06.04 02:21:30.252,0.77271,0.77281,1.00,1.00
2015.06.04 02:21:31.804,0.77275,0.77282,1.00,1.50
2015.06.04 02:21:33.690,0.77275,0.77283,1.00,2.25
2015.06.04 02:21:34.231,0.77276,0.77283,1.00,1.50
2015.06.04 02:21:34.636,0.7728,0.77284,1.00,1.00
2015.06.04 02:21:34.687,0.7728,0.77286,1.00,1.00
2015.06.04 02:21:34.839,0.77281,0.77289,1.00,1.37
2015.06.04 02:21:34.941,0.77283,0.77289,1.00,1.37
2015.06.04 02:21:35.847,0.77282,0.77289,1.00,1.37
2015.06.04 02:21:36.049,0.7728,0.77288,1.00,1.12
2015.06.04 02:21:36.555,0.7728,0.77287,1.00,1.00
2015.06.04 02:21:36.858,0.77281,0.77289,1.00,3.75
2015.06.04 02:21:44.248,0.77282,0.77289,1.00,1.00
2015.06.04 02:21:44.299,0.77282,0.77291,1.00,2.25
2015.06.04 02:21:44.350,0.7728,0.77291,1.50,2.25
2015.06.04 02:21:44.451,0.77283,0.77291,1.00,2.25
2015.06.04 02:21:45.662,0.77282,0.77291,1.00,1.00
2015.06.04 02:21:48.187,0.77281,0.77291,1.50,1.00
2015.06.04 02:21:49.185,0.77281,0.77289,1.00,1.00
2015.06.04 02:21:49.236,0.77279,0.77289,1.50,1.00
2015.06.04 02:21:50.330,0.7728,0.77289,1.00,2.25
2015.06.04 02:21:50.634,0.77283,0.77288,1.00,1.00
2015.06.04 02:21:50.962,0.77291,0.77296,1.00,1.50
2015.06.04 02:21:51.215,0.77286,0.77294,1.00,1.00
2015.06.04 02:21:51.266,0.77284,0.77292,1.57,1.50
2015.06.04 02:21:51.317,0.77282,0.77292,1.87,1.50
2015.06.04 02:21:51.822,0.77282,0.77291,1.12,1.00
2015.06.04 02:21:52.439,0.77281,0.77292,1.87,1.50
2015.06.04 02:21:54.382,0.77281,0.77291,1.87,1.50
2015.06.04 02:21:54.888,0.7728,0.7729,1.37,1.00
2015.06.04 02:21:56.317,0.7728,0.77289,1.87,1.00
2015.06.04 02:21:57.477,0.77279,0.77288,1.87,1.00
2015.06.04 02:21:58.336,0.77279,0.7729,2.62,2.25
2015.06.04 02:21:59.893,0.77279,0.7729,2.62,1.50
2015.06.04 02:22:02.354,0.77279,0.7729,2.25,1.50
2015.06.04 02:22:06.591,0.77278,0.77288,2.25,1.00
2015.06.04 02:22:06.895,0.77275,0.77286,2.25,1.50
2015.06.04 02:22:07.303,0.77277,0.77286,1.00,1.50
2015.06.04 02:22:14.173,0.77278,0.77286,1.00,1.00
2015.06.04 02:22:15.741,0.77277,0.77286,2.25,1.00
2015.06.04 02:22:23.935,0.77278,0.77286,1.00,1.00
2015.06.04 02:22:25.646,0.77278,0.77288,1.50,1.50
2015.06.04 02:22:26.745,0.77277,0.77288,3.75,1.00
2015.06.04 02:22:31.076,0.77278,0.77288,1.00,1.50
2015.06.04 02:22:31.581,0.77279,0.77289,1.50,2.25
2015.06.04 02:22:35.600,0.77278,0.77289,1.50,2.25
2015.06.04 02:22:37.056,0.77279,0.77289,1.00,2.25
2015.06.04 02:22:37.772,0.7728,0.77287,1.00,1.00
2015.06.04 02:22:38.014,0.77276,0.77286,1.50,1.00
2015.06.04 02:22:38.069,0.77276,0.77284,1.00,1.00
2015.06.04 02:22:43.969,0.77276,0.77285,1.00,1.50
2015.06.04 02:22:47.719,0.77277,0.77285,1.00,1.00
2015.06.04 02:22:48.228,0.77277,0.77286,1.00,1.50
2015.06.04 02:22:51.236,0.77277,0.77285,1.00,1.00
2015.06.04 02:22:51.287,0.77275,0.77285,1.00,1.50
2015.06.04 02:22:51.389,0.77274,0.77282,1.50,1.00
2015.06.04 02:22:51.542,0.77272,0.77282,2.62,1.00
2015.06.04 02:22:51.703,0.77272,0.77282,1.87,1.00
2015.06.04 02:22:52.858,0.77272,0.77283,2.62,1.50
2015.06.04 02:22:52.912,0.77272,0.77282,2.62,1.50
2015.06.04 02:22:53.418,0.77272,0.77281,1.87,1.00
2015.06.04 02:22:53.924,0.77275,0.77283,1.87,1.50
2015.06.04 02:22:54.175,0.77276,0.77286,1.50,1.50
2015.06.04 02:22:54.429,0.7728,0.77288,1.00,1.50
2015.06.04 02:22:54.732,0.77281,0.7729,1.37,1.00
2015.06.04 02:22:58.879,0.77283,0.7729,1.00,1.00
2015.06.04 02:22:59.384,0.77283,0.77291,1.00,1.50
2015.06.04 02:23:00.434,0.77282,0.77291,1.50,3.00
2015.06.04 02:23:00.771,0.77279,0.77289,1.87,1.00
2015.06.04 02:23:00.872,0.77279,0.77289,1.87,1.00
2015.06.04 02:23:01.277,0.77279,0.77287,1.12,1.00
2015.06.04 02:23:01.827,0.77279,0.77288,1.87,1.00
2015.06.04 02:23:03.479,0.77277,0.77285,1.00,1.50
2015.06.04 02:23:03.530,0.77275,0.77284,1.50,1.00
2015.06.04 02:23:04.042,0.77274,0.77285,1.50,3.75
2015.06.04 02:23:07.340,0.77273,0.77284,2.25,1.50
2015.06.04 02:23:07.954,0.77274,0.77284,1.00,2.25
2015.06.04 02:23:08.495,0.77273,0.77283,1.50,1.00
2015.06.04 02:23:10.051,0.77275,0.77283,1.00,1.00
2015.06.04 02:23:10.253,0.77276,0.77286,2.25,1.50
2015.06.04 02:23:10.355,0.7728,0.77287,1.00,1.00
2015.06.04 02:23:10.557,0.77281,0.77289,1.00,1.87
2015.06.04 02:23:11.460,0.77282,0.77289,1.00,1.00
2015.06.04 02:23:11.966,0.77281,0.77289,1.50,1.00
2015.06.04 02:23:12.290,0.77281,0.77286,1.00,1.00
2015.06.04 02:23:12.341,0.77277,0.77287,3.75,1.00
2015.06.04 02:23:12.543,0.77277,0.77285,1.00,1.00
2015.06.04 02:23:12.594,0.77275,0.77285,1.50,1.00
2015.06.04 02:23:13.101,0.77276,0.77285,1.00,1.00
2015.06.04 02:23:13.613,0.77276,0.77286,1.50,1.00
2015.06.04 02:23:14.861,0.77276,0.77286,1.00,3.37
2015.06.04 02:23:15.064,0.77274,0.77283,1.50,1.00
2015.06.04 02:23:15.267,0.77277,0.77284,1.00,1.00
2015.06.04 02:23:15.318,0.77277,0.77286,1.00,1.00
2015.06.04 02:23:15.774,0.77279,0.77287,1.50,1.00
2015.06.04 02:23:16.288,0.7728,0.77288,1.00,1.00
2015.06.04 02:23:16.824,0.77279,0.77288,1.50,1.00
2015.06.04 02:23:17.329,0.7728,0.77288,1.50,1.00
2015.06.04 02:23:20.559,0.77282,0.77289,1.00,1.12
2015.06.04 02:23:22.247,0.77282,0.77288,1.50,1.00
2015.06.04 02:23:22.349,0.7728,0.77288,1.50,1.00
2015.06.04 02:23:22.703,0.77278,0.77288,1.00,1.50
2015.06.04 02:23:22.754,0.77277,0.77285,1.50,1.00
2015.06.04 02:23:23.057,0.77275,0.77283,1.00,1.00
2015.06.04 02:23:24.068,0.77276,0.77283,1.00,1.00
2015.06.04 02:23:24.281,0.77276,0.77285,1.00,1.00
2015.06.04 02:23:24.822,0.77276,0.77286,1.00,1.50
2015.06.04 02:23:25.565,0.77275,0.77286,1.50,1.00
2015.06.04 02:23:26.159,0.77276,0.77286,1.00,1.50
2015.06.04 02:23:27.907,0.77278,0.77286,1.00,1.00
2015.06.04 02:23:27.959,0.77278,0.77288,1.00,1.00
2015.06.04 02:23:28.010,0.7728,0.77288,1.00,1.00
2015.06.04 02:23:28.212,0.77278,0.77287,1.00,1.50
2015.06.04 02:23:28.718,0.77277,0.77286,1.00,1.00
2015.06.04 02:23:28.871,0.77275,0.77284,1.00,1.00
2015.06.04 02:23:29.377,0.77274,0.77283,1.00,1.00
2015.06.04 02:23:29.722,0.77273,0.7728,1.00,1.00
2015.06.04 02:23:29.924,0.77268,0.77277,1.12,1.50
2015.06.04 02:23:30.076,0.77268,0.77275,1.12,1.00
2015.06.04 02:23:30.640,0.77269,0.77276,1.00,1.00
2015.06.04 02:23:30.741,0.7727,0.77278,1.00,1.50
2015.06.04 02:23:30.843,0.7727,0.77275,1.00,1.00
2015.06.04 02:23:30.893,0.77266,0.77275,1.00,1.00
2015.06.04 02:23:31.046,0.77265,0.77273,1.00,1.00
2015.06.04 02:23:31.198,0.77265,0.77275,1.50,1.50
2015.06.04 02:23:31.400,0.77267,0.77275,1.00,1.00
2015.06.04 02:23:31.851,0.77265,0.77276,2.25,1.50
2015.06.04 02:23:33.039,0.77267,0.77276,1.00,3.00
2015.06.04 02:23:33.547,0.77268,0.77276,1.00,3.00
2015.06.04 02:23:35.792,0.77269,0.77276,1.00,3.00
2015.06.04 02:23:41.012,0.77265,0.77276,2.25,3.00
2015.06.04 02:23:41.164,0.77265,0.77273,1.50,1.00
2015.06.04 02:23:41.265,0.77263,0.77272,1.50,1.00
2015.06.04 02:23:41.771,0.77262,0.77269,1.00,1.00
2015.06.04 02:23:41.821,0.7726,0.77269,1.87,1.00
2015.06.04 02:23:43.659,0.77259,0.77269,1.00,1.50
2015.06.04 02:23:43.710,0.77258,0.77267,1.50,1.50
2015.06.04 02:23:43.923,0.77256,0.77266,1.00,2.25
2015.06.04 02:23:43.974,0.77255,0.77264,1.00,1.00
2015.06.04 02:23:46.084,0.77255,0.77265,1.00,1.50
2015.06.04 02:23:46.590,0.77256,0.77265,1.50,1.00
2015.06.04 02:23:47.901,0.77258,0.77265,1.00,1.00
2015.06.04 02:23:47.953,0.77258,0.77267,1.00,1.00
2015.06.04 02:23:48.458,0.77259,0.77268,1.00,1.00
2015.06.04 02:23:49.276,0.77259,0.77267,1.00,1.00
2015.06.04 02:23:49.428,0.77255,0.77266,1.50,1.50
2015.06.04 02:23:49.933,0.77254,0.77265,3.75,1.50
2015.06.04 02:23:50.463,0.77255,0.77264,1.00,1.00
2015.06.04 02:23:50.986,0.77254,0.77264,3.75,1.00
2015.06.04 02:23:52.218,0.77254,0.77263,2.25,1.00
2015.06.04 02:23:52.622,0.77251,0.77263,3.75,2.25
2015.06.04 02:23:52.875,0.77251,0.77261,2.25,1.00
2015.06.04 02:23:52.976,0.77251,0.77263,1.50,2.25
2015.06.04 02:23:53.735,0.77253,0.77263,1.00,2.25
2015.06.04 02:23:54.044,0.77252,0.77261,1.50,1.00
2015.06.04 02:23:54.651,0.77252,0.7726,1.50,1.00
2015.06.04 02:23:55.158,0.77251,0.7726,2.25,1.00
2015.06.04 02:23:55.508,0.77249,0.77253,1.00,1.00
2015.06.04 02:23:55.660,0.77244,0.77253,1.00,1.50
2015.06.04 02:23:55.812,0.77242,0.77252,1.00,1.00
2015.06.04 02:23:55.964,0.77241,0.7725,1.50,1.00
2015.06.04 02:23:57.176,0.77241,0.77251,1.50,1.50
2015.06.04 02:23:57.705,0.77242,0.77251,1.00,1.00
2015.06.04 02:23:58.626,0.77245,0.77252,1.50,1.50
2015.06.04 02:23:58.677,0.77246,0.77255,1.00,1.17
2015.06.04 02:23:58.829,0.77248,0.77256,1.87,1.00
2015.06.04 02:23:58.880,0.77248,0.77258,1.87,1.10
2015.06.04 02:23:59.100,0.77251,0.77262,1.00,2.25
2015.06.04 02:23:59.607,0.77251,0.77261,1.00,1.37
2015.06.04 02:24:00.112,0.7725,0.77261,1.50,1.37
2015.06.04 02:24:01.120,0.77249,0.77259,2.25,1.00
2015.06.04 02:24:01.272,0.77244,0.77255,2.25,2.25
2015.06.04 02:24:01.780,0.77244,0.77254,1.00,1.50
2015.06.04 02:24:02.542,0.77243,0.77254,2.25,2.25
2015.06.04 02:24:02.971,0.77243,0.77252,1.00,1.00
2015.06.04 02:24:03.281,0.77246,0.77254,1.00,1.00
2015.06.04 02:24:03.383,0.77244,0.77254,1.00,2.25
2015.06.04 02:24:03.931,0.77245,0.77255,1.00,1.50
2015.06.04 02:24:04.436,0.77245,0.77254,1.00,4.12
2015.06.04 02:24:04.941,0.77245,0.77253,1.00,1.00
2015.06.04 02:24:05.180,0.77242,0.77253,1.50,2.25
2015.06.04 02:24:05.924,0.77242,0.77252,1.50,1.00
2015.06.04 02:24:06.430,0.77243,0.77251,1.00,1.37
2015.06.04 02:24:08.417,0.77243,0.77251,1.00,1.00
2015.06.04 02:24:08.993,0.77242,0.77251,1.50,1.00
2015.06.04 02:24:10.090,0.77242,0.77252,1.50,1.10
2015.06.04 02:24:10.393,0.77248,0.77256,1.37,1.00
2015.06.04 02:24:10.444,0.77248,0.77258,1.37,2.25
2015.06.04 02:24:10.993,0.77247,0.77257,1.87,1.00
2015.06.04 02:24:11.246,0.7725,0.77258,1.00,1.00
2015.06.04 02:24:11.348,0.7725,0.77262,1.87,3.45
2015.06.04 02:24:11.400,0.7725,0.77262,2.62,2.40
2015.06.04 02:24:11.451,0.77252,0.77263,1.00,3.15
2015.06.04 02:24:11.755,0.77255,0.77264,1.00,3.45
2015.06.04 02:24:12.181,0.77257,0.77265,1.00,1.50
2015.06.04 02:24:12.232,0.77257,0.77267,1.00,1.57
2015.06.04 02:24:12.637,0.77259,0.77268,1.00,1.50
2015.06.04 02:24:12.839,0.77259,0.7727,1.50,1.50
2015.06.04 02:24:12.891,0.77261,0.7727,1.00,1.50
2015.06.04 02:24:13.753,0.7726,0.7727,1.00,1.00
2015.06.04 02:24:15.156,0.77259,0.77269,1.50,1.00
2015.06.04 02:24:15.308,0.77257,0.77268,2.25,1.00
2015.06.04 02:24:15.813,0.77258,0.77268,1.00,1.00
2015.06.04 02:24:16.319,0.77258,0.77269,1.00,1.57
2015.06.04 02:24:16.822,0.77257,0.77269,2.25,1.10
2015.06.04 02:24:16.997,0.77257,0.77267,2.25,1.00
2015.06.04 02:24:17.300,0.77255,0.77264,1.00,1.00
2015.06.04 02:24:17.814,0.77254,0.77263,1.00,1.00
2015.06.04 02:24:18.338,0.77253,0.77263,1.50,1.00
2015.06.04 02:24:18.844,0.77252,0.77263,3.00,1.00
2015.06.04 02:24:19.163,0.77254,0.77263,1.00,1.00
2015.06.04 02:24:19.993,0.77254,0.77264,1.00,1.00
2015.06.04 02:24:20.297,0.77255,0.77267,3.00,1.20
2015.06.04 02:24:20.449,0.77257,0.77267,1.50,1.00
2015.06.04 02:24:20.903,0.77259,0.77268,1.00,3.00
2015.06.04 02:24:21.335,0.77257,0.77268,2.25,1.50
2015.06.04 02:24:22.483,0.77258,0.77267,1.00,1.00
2015.06.04 02:24:24.111,0.77257,0.77267,1.50,1.00
2015.06.04 02:24:27.811,0.77257,0.77268,1.50,1.50
2015.06.04 02:24:28.448,0.77257,0.77267,1.50,1.00
2015.06.04 02:24:32.428,0.77257,0.77268,1.00,1.00
2015.06.04 02:24:34.706,0.77257,0.77267,1.50,1.00
2015.06.04 02:24:35.252,0.77257,0.77268,1.50,1.50
2015.06.04 02:24:48.679,0.77257,0.77266,1.00,1.00
2015.06.04 02:24:50.882,0.77257,0.77268,1.00,3.07
2015.06.04 02:24:51.490,0.77256,0.77267,1.00,1.50
2015.06.04 02:24:51.541,0.77255,0.77264,1.00,1.00
2015.06.04 02:24:51.745,0.77253,0.77264,2.25,1.50
2015.06.04 02:24:52.390,0.77252,0.77263,1.50,1.00
2015.06.04 02:24:52.895,0.77253,0.77262,1.00,1.50
2015.06.04 02:24:53.953,0.77252,0.77263,1.00,2.25
2015.06.04 02:24:56.422,0.77253,0.77263,1.00,2.25
2015.06.04 02:24:56.973,0.77252,0.77263,1.50,2.25
2015.06.04 02:24:59.086,0.77254,0.77263,1.37,1.50
2015.06.04 02:24:59.289,0.77256,0.77266,1.00,1.65
2015.06.04 02:24:59.642,0.77255,0.77263,1.00,1.00
2015.06.04 02:24:59.693,0.77253,0.77263,1.00,1.00
2015.06.04 02:25:03.634,0.77254,0.77263,1.00,1.10
2015.06.04 02:25:32.409,0.77254,0.77262,1.50,1.00
2015.06.04 02:25:33.355,0.7725,0.77259,1.00,1.00
2015.06.04 02:25:33.710,0.7725,0.77257,1.00,1.00
2015.06.04 02:25:34.063,0.7725,0.77259,1.00,1.50
2015.06.04 02:25:34.610,0.7725,0.77258,1.00,1.10
2015.06.04 02:25:35.159,0.7725,0.77257,1.00,1.00
2015.06.04 02:25:35.880,0.7725,0.77258,1.00,1.57
2015.06.04 02:25:35.982,0.77253,0.7726,1.00,1.95
2015.06.04 02:25:36.084,0.77253,0.77261,1.50,2.62
2015.06.04 02:25:36.585,0.77252,0.77261,1.00,2.25
2015.06.04 02:25:38.037,0.77251,0.77261,1.50,1.00
2015.06.04 02:25:39.492,0.77251,0.7726,1.00,1.00
2015.06.04 02:25:43.974,0.77251,0.77261,1.00,2.25
2015.06.04 02:25:47.512,0.7725,0.7726,3.00,1.50
2015.06.04 02:25:48.017,0.77249,0.77259,1.50,3.00
2015.06.04 02:25:48.913,0.77249,0.7726,2.25,1.00
2015.06.04 02:25:49.441,0.7725,0.77261,2.25,1.00
2015.06.04 02:25:49.592,0.77254,0.77262,1.00,1.00
2015.06.04 02:25:50.111,0.77255,0.77263,1.00,1.00
2015.06.04 02:25:50.415,0.77257,0.77264,1.00,1.00
2015.06.04 02:25:50.943,0.77258,0.77265,1.00,1.00
2015.06.04 02:25:52.507,0.77259,0.77268,1.00,1.65
2015.06.04 02:25:52.609,0.77261,0.77269,1.00,1.15
2015.06.04 02:25:52.710,0.77261,0.7727,3.00,1.00
2015.06.04 02:25:52.859,0.77263,0.7727,1.00,1.00
2015.06.04 02:25:53.062,0.77261,0.77271,1.50,1.00
2015.06.04 02:25:59.319,0.77261,0.7727,1.00,1.00
2015.06.04 02:25:59.370,0.77259,0.7727,3.00,1.00
2015.06.04 02:25:59.875,0.77259,0.77269,1.00,1.00
2015.06.04 02:26:00.126,0.77258,0.77267,2.25,1.50
2015.06.04 02:26:02.198,0.77256,0.77267,2.25,2.25
2015.06.04 02:26:04.921,0.77256,0.77266,2.25,1.00
2015.06.04 02:26:10.120,0.77256,0.77267,1.50,1.50
2015.06.04 02:26:10.670,0.77256,0.77266,2.25,1.00
2015.06.04 02:26:14.818,0.77258,0.77268,1.00,3.75
2015.06.04 02:26:22.035,0.77257,0.77268,1.50,2.25
2015.06.04 02:26:22.862,0.77257,0.77266,1.00,1.00
2015.06.04 02:26:23.484,0.77257,0.77268,1.00,1.50
2015.06.04 02:26:23.811,0.77263,0.77271,1.50,2.70
2015.06.04 02:26:24.328,0.77263,0.77272,1.50,1.37
2015.06.04 02:26:24.830,0.77262,0.77271,2.25,1.37
2015.06.04 02:26:25.130,0.77263,0.77272,1.00,1.00
2015.06.04 02:26:26.108,0.77263,0.77273,2.25,1.00
2015.06.04 02:26:28.112,0.77263,0.77272,1.00,1.00
2015.06.04 02:26:28.438,0.77261,0.77271,2.25,1.00
2015.06.04 02:26:30.888,0.77261,0.7727,1.00,1.00
2015.06.04 02:26:33.412,0.77261,0.77268,1.00,1.00
2015.06.04 02:26:33.463,0.77258,0.77266,1.50,1.00
2015.06.04 02:26:33.918,0.77256,0.77264,1.50,1.00
2015.06.04 02:26:33.969,0.77254,0.77264,1.00,1.00
2015.06.04 02:26:34.172,0.77253,0.77262,1.50,1.00
2015.06.04 02:26:36.084,0.77253,0.77261,1.00,1.00
2015.06.04 02:26:39.726,0.77251,0.77261,1.50,1.00
2015.06.04 02:26:40.284,0.77249,0.77258,2.25,1.00
2015.06.04 02:26:40.791,0.77248,0.77257,1.00,1.00
2015.06.04 02:26:41.297,0.77248,0.77258,1.00,1.50
2015.06.04 02:26:41.636,0.77251,0.7726,1.00,1.00
2015.06.04 02:26:42.891,0.77251,0.77259,1.00,1.00
2015.06.04 02:26:43.162,0.77248,0.77257,1.50,1.00
2015.06.04 02:26:43.690,0.77248,0.77258,1.00,1.10
2015.06.04 02:26:44.405,0.77248,0.77257,1.50,1.00
2015.06.04 02:26:45.406,0.77247,0.77257,1.00,1.10
2015.06.04 02:26:45.913,0.77246,0.77256,1.00,2.25
2015.06.04 02:26:46.415,0.77245,0.77255,3.00,1.00
2015.06.04 02:26:47.154,0.77246,0.77255,1.00,1.00
2015.06.04 02:26:47.685,0.77246,0.77256,1.00,3.00
2015.06.04 02:26:48.206,0.77245,0.77254,1.00,1.00
2015.06.04 02:26:48.256,0.77242,0.77253,3.00,1.00
2015.06.04 02:26:48.409,0.77244,0.77253,1.00,1.50
2015.06.04 02:26:51.202,0.77244,0.77252,1.00,1.00
2015.06.04 02:26:51.405,0.77242,0.77252,1.00,1.00
2015.06.04 02:26:51.506,0.7724,0.77251,1.50,1.00
2015.06.04 02:26:52.017,0.7724,0.7725,1.50,1.00
2015.06.04 02:26:52.523,0.7724,0.77251,1.00,1.50
2015.06.04 02:26:59.851,0.77241,0.77251,1.50,1.00
2015.06.04 02:27:00.357,0.77241,0.7725,3.00,1.00
2015.06.04 02:27:00.558,0.77242,0.77252,1.50,1.50
2015.06.04 02:27:01.303,0.77241,0.77252,1.50,1.50
2015.06.04 02:27:01.809,0.77241,0.77251,1.00,1.00
2015.06.04 02:27:03.063,0.77241,0.77252,1.50,1.50
2015.06.04 02:27:03.659,0.7724,0.77252,3.75,1.50
2015.06.04 02:27:04.207,0.77241,0.77251,1.00,1.00
2015.06.04 02:27:04.713,0.77241,0.77252,1.00,2.25
2015.06.04 02:27:05.289,0.77242,0.77251,1.00,1.00
2015.06.04 02:27:07.311,0.77241,0.77251,1.50,1.00
2015.06.04 02:27:07.820,0.77241,0.77252,1.00,2.25
2015.06.04 02:27:08.931,0.7724,0.77252,3.00,2.25
2015.06.04 02:27:09.492,0.7724,0.77251,1.00,2.25
2015.06.04 02:27:11.130,0.77241,0.7725,1.00,1.00
2015.06.04 02:27:14.277,0.77242,0.7725,1.00,1.00
2015.06.04 02:27:14.328,0.77243,0.77252,1.00,1.00
2015.06.04 02:27:14.429,0.77243,0.77254,1.00,2.32
2015.06.04 02:27:14.886,0.77243,0.77252,1.00,1.00
2015.06.04 02:27:15.242,0.7724,0.77251,1.00,1.00
2015.06.04 02:27:15.791,0.77241,0.77252,1.50,1.00
2015.06.04 02:27:17.688,0.77241,0.77253,1.50,1.50
2015.06.04 02:27:18.244,0.77242,0.77253,1.00,1.50
2015.06.04 02:27:18.777,0.77241,0.77253,2.25,2.25
2015.06.04 02:27:22.115,0.77243,0.77253,1.00,1.00
2015.06.04 02:27:22.571,0.77244,0.77255,1.00,1.50
2015.06.04 02:27:22.673,0.77244,0.77253,1.00,1.00
2015.06.04 02:27:23.062,0.77245,0.77255,1.00,2.25
2015.06.04 02:27:23.990,0.77245,0.77254,1.00,1.00
2015.06.04 02:27:24.041,0.77243,0.77254,2.25,1.50
2015.06.04 02:27:25.811,0.77243,0.77253,1.50,1.00
2015.06.04 02:27:27.517,0.77242,0.77253,2.25,3.00
2015.06.04 02:27:28.073,0.77243,0.77252,1.00,1.00
2015.06.04 02:27:28.356,0.77241,0.77252,1.00,1.00
2015.06.04 02:27:28.865,0.77241,0.77251,1.00,1.00
2015.06.04 02:27:29.371,0.77241,0.77252,1.50,1.00
2015.06.04 02:27:30.783,0.77242,0.77252,1.00,1.50
2015.06.04 02:27:31.315,0.77241,0.77253,1.50,2.32
2015.06.04 02:27:35.795,0.77241,0.77251,1.50,1.00
2015.06.04 02:27:36.310,0.77242,0.77251,1.00,1.00
2015.06.04 02:27:36.818,0.77242,0.7725,1.00,1.00
2015.06.04 02:27:37.142,0.7724,0.7725,1.50,1.87
2015.06.04 02:27:37.680,0.7724,0.77249,1.50,1.00
2015.06.04 02:27:37.782,0.7724,0.77246,1.00,1.00
2015.06.04 02:27:37.883,0.77235,0.77243,3.07,1.00
2015.06.04 02:27:38.390,0.77236,0.77243,1.00,1.00
2015.06.04 02:27:38.898,0.77235,0.77243,1.50,1.00
2015.06.04 02:27:39.537,0.77233,0.77243,3.00,1.00
2015.06.04 02:27:41.511,0.77233,0.77242,2.25,1.00
2015.06.04 02:27:42.040,0.77232,0.77241,1.50,1.00
2015.06.04 02:27:42.577,0.77233,0.77241,1.00,1.00
2015.06.04 02:27:44.029,0.77232,0.77241,1.00,1.00
2015.06.04 02:27:44.080,0.77234,0.77241,1.00,1.00
2015.06.04 02:27:44.647,0.77233,0.77241,1.00,1.00
2015.06.04 02:27:45.390,0.77232,0.77241,1.00,1.00
2015.06.04 02:27:53.724,0.77234,0.77241,1.00,1.00
2015.06.04 02:27:54.044,0.77236,0.77241,1.00,1.00
2015.06.04 02:27:54.677,0.77235,0.77241,1.00,1.00
2015.06.04 02:27:55.104,0.77233,0.77241,1.00,1.00
2015.06.04 02:27:55.858,0.77234,0.77241,1.00,1.00
2015.06.04 02:28:01.247,0.77234,0.77242,1.00,1.00
2015.06.04 02:28:01.827,0.77235,0.77242,1.00,1.00
2015.06.04 02:28:02.480,0.77235,0.77244,1.50,2.40
2015.06.04 02:28:04.806,0.77236,0.77244,1.00,2.40
2015.06.04 02:28:04.907,0.77239,0.77244,1.00,1.17
2015.06.04 02:28:05.238,0.77245,0.7725,1.00,1.00
2015.06.04 02:28:05.391,0.77243,0.77252,1.00,1.87
2015.06.04 02:28:05.907,0.77242,0.77252,1.50,1.87
2015.06.04 02:28:08.072,0.77242,0.77252,1.50,1.50
2015.06.04 02:28:08.615,0.77243,0.77251,1.00,1.00
2015.06.04 02:28:09.574,0.77243,0.77252,1.50,1.50
2015.06.04 02:28:13.580,0.77243,0.77251,1.00,1.00
2015.06.04 02:28:14.160,0.77243,0.77252,1.00,1.50
2015.06.04 02:28:14.835,0.77243,0.77251,1.00,1.00
2015.06.04 02:28:19.284,0.77243,0.77248,1.00,1.00
2015.06.04 02:28:19.385,0.77237,0.77247,1.87,1.50
2015.06.04 02:28:19.436,0.77237,0.77247,1.50,2.25
2015.06.04 02:28:19.639,0.77237,0.77244,1.50,1.50
2015.06.04 02:28:19.740,0.77234,0.77244,1.50,3.00
2015.06.04 02:28:22.895,0.77234,0.77243,1.00,1.00
2015.06.04 02:28:27.346,0.77236,0.77243,1.00,1.00
2015.06.04 02:28:27.851,0.77237,0.77244,1.00,1.00
2015.06.04 02:28:28.155,0.77239,0.77245,1.50,1.00
2015.06.04 02:28:28.459,0.77244,0.77249,1.00,1.00
2015.06.04 02:28:29.008,0.77244,0.77252,1.00,1.37
2015.06.04 02:28:29.682,0.77244,0.77252,1.00,1.00
2015.06.04 02:28:29.884,0.77246,0.77253,1.00,1.50
2015.06.04 02:28:30.138,0.77245,0.77255,1.50,3.37
2015.06.04 02:28:30.239,0.77248,0.77255,1.00,1.00
2015.06.04 02:28:30.290,0.77249,0.77258,1.00,1.57
2015.06.04 02:28:30.340,0.77251,0.77258,1.00,1.00
2015.06.04 02:28:30.442,0.77254,0.77262,1.00,1.00
2015.06.04 02:28:30.644,0.77253,0.77264,1.00,2.32
2015.06.04 02:28:30.847,0.77255,0.77263,1.00,1.00
2015.06.04 02:28:31.138,0.77255,0.77265,1.00,2.25
2015.06.04 02:28:31.645,0.77254,0.77264,1.50,1.37
2015.06.04 02:28:32.176,0.77254,0.77263,1.50,1.37
2015.06.04 02:28:32.731,0.77253,0.77262,1.00,1.37
2015.06.04 02:28:33.327,0.77252,0.77262,1.00,1.37
2015.06.04 02:28:33.579,0.77253,0.77263,1.50,1.50
2015.06.04 02:28:34.696,0.77251,0.77262,1.00,1.00
2015.06.04 02:28:34.898,0.7725,0.77261,2.25,2.62
2015.06.04 02:28:35.404,0.7725,0.7726,1.00,1.37
2015.06.04 02:28:35.956,0.77251,0.7726,1.00,1.37
2015.06.04 02:28:36.464,0.77251,0.77261,1.00,1.37
2015.06.04 02:28:36.880,0.77249,0.77259,3.75,1.12
2015.06.04 02:28:37.082,0.77249,0.77257,1.50,1.00
2015.06.04 02:28:37.386,0.77246,0.77253,1.00,1.00
2015.06.04 02:28:37.547,0.77247,0.77258,1.00,1.50
2015.06.04 02:28:37.698,0.77245,0.77254,1.57,1.87
2015.06.04 02:28:38.103,0.77244,0.77254,1.00,5.62
2015.06.04 02:28:38.609,0.77243,0.77254,1.00,5.62
2015.06.04 02:28:40.691,0.77242,0.77253,1.00,2.62
2015.06.04 02:28:43.809,0.77243,0.77253,1.00,2.62
2015.06.04 02:28:45.354,0.77243,0.77253,1.00,2.25
2015.06.04 02:28:48.710,0.77243,0.77252,1.00,1.00
2015.06.04 02:28:53.425,0.77243,0.77253,1.00,1.50
2015.06.04 02:28:56.387,0.77246,0.77254,1.00,2.25
2015.06.04 02:28:56.489,0.77247,0.77257,1.50,1.17
2015.06.04 02:28:56.749,0.77247,0.77254,1.00,1.00
2015.06.04 02:28:56.800,0.77245,0.77254,1.00,1.00
2015.06.04 02:28:56.902,0.77248,0.77255,1.00,1.00
2015.06.04 02:28:57.004,0.77249,0.77258,1.00,1.65
2015.06.04 02:28:57.105,0.77247,0.77257,2.25,2.25
2015.06.04 02:28:57.156,0.77247,0.77254,1.50,1.00
2015.06.04 02:28:57.258,0.77244,0.77254,1.20,1.50
2015.06.04 02:28:57.763,0.77244,0.77253,1.00,1.00
2015.06.04 02:28:57.915,0.77246,0.77254,1.00,1.00
2015.06.04 02:28:58.017,0.77247,0.77256,1.00,1.00
2015.06.04 02:29:01.895,0.77247,0.77257,1.00,1.50
2015.06.04 02:29:08.726,0.77248,0.77258,1.50,1.50
2015.06.04 02:29:10.165,0.77248,0.77259,1.00,1.50
2015.06.04 02:29:10.317,0.77251,0.7726,1.00,2.25
2015.06.04 02:29:12.856,0.77252,0.7726,1.00,1.00
2015.06.04 02:29:13.361,0.77253,0.7726,1.50,1.00
2015.06.04 02:29:13.569,0.77253,0.77263,1.50,2.25
2015.06.04 02:29:13.620,0.77256,0.77263,1.00,2.25
2015.06.04 02:29:13.873,0.77256,0.77265,1.00,2.62
2015.06.04 02:29:14.409,0.77256,0.77264,1.00,1.00
2015.06.04 02:29:14.919,0.77255,0.77263,1.00,1.00
2015.06.04 02:29:15.272,0.77252,0.77262,1.50,1.00
2015.06.04 02:29:15.777,0.77253,0.77262,1.00,1.00
2015.06.04 02:29:16.295,0.77253,0.77261,1.00,1.00
2015.06.04 02:29:21.115,0.77253,0.77262,1.50,1.00
2015.06.04 02:29:24.494,0.77253,0.77259,1.00,1.00
2015.06.04 02:29:26.318,0.77253,0.77261,1.00,1.00
2015.06.04 02:29:27.090,0.77254,0.77261,1.00,1.00
2015.06.04 02:29:28.958,0.77253,0.77261,1.00,1.00
2015.06.04 02:29:33.664,0.77253,0.7726,1.50,1.00
2015.06.04 02:29:39.004,0.77252,0.7726,1.50,1.00
2015.06.04 02:29:43.962,0.77253,0.7726,1.00,1.00
2015.06.04 02:29:44.557,0.77253,0.77259,1.00,1.00
2015.06.04 02:29:44.708,0.77249,0.77258,1.37,2.25
2015.06.04 02:29:45.469,0.77248,0.77257,1.37,1.00
2015.06.04 02:29:46.176,0.77248,0.77258,1.37,1.00
2015.06.04 02:29:50.828,0.77248,0.77258,1.37,1.00
2015.06.04 02:29:56.589,0.77248,0.77259,1.37,3.00
2015.06.04 02:29:57.095,0.77248,0.77258,1.37,1.00
2015.06.04 02:29:57.398,0.77251,0.7726,1.50,1.00
2015.06.04 02:29:57.702,0.77254,0.77259,1.00,1.00
2015.06.04 02:29:58.345,0.77254,0.7726,1.00,1.00
2015.06.04 02:29:58.909,0.77253,0.7726,1.50,1.00
2015.06.04 02:30:03.890,0.77254,0.7726,1.00,1.00
2015.06.04 02:30:05.252,0.77255,0.77264,1.00,1.00
2015.06.04 02:30:05.404,0.77258,0.77265,1.00,1.00
2015.06.04 02:30:05.910,0.77257,0.77265,1.50,1.00
2015.06.04 02:30:08.199,0.77258,0.77265,1.00,1.50
2015.06.04 02:30:08.705,0.77258,0.77266,1.00,1.00
2015.06.04 02:30:10.145,0.77259,0.77266,1.00,1.00
2015.06.04 02:30:10.449,0.77262,0.77269,2.25,1.00
2015.06.04 02:30:10.960,0.77263,0.77269,1.00,1.00
2015.06.04 02:30:11.415,0.77263,0.77274,1.00,1.17
2015.06.04 02:30:11.516,0.77266,0.77275,1.00,1.95
2015.06.04 02:30:11.567,0.77266,0.77275,1.00,1.20
2015.06.04 02:30:12.110,0.77266,0.77274,1.00,1.00
2015.06.04 02:30:15.140,0.77264,0.77274,2.25,2.25
2015.06.04 02:30:15.494,0.77263,0.77272,1.00,1.00
2015.06.04 02:30:15.545,0.77261,0.77271,1.50,1.00
2015.06.04 02:30:15.747,0.77259,0.7727,3.00,1.00
2015.06.04 02:30:16.252,0.77259,0.77269,2.25,1.50
2015.06.04 02:30:16.757,0.7726,0.77269,1.00,1.50
2015.06.04 02:30:17.262,0.77261,0.77269,1.00,1.50
2015.06.04 02:30:19.085,0.7726,0.77269,1.00,1.50
2015.06.04 02:30:26.835,0.7726,0.77271,1.50,2.70
2015.06.04 02:30:32.968,0.77261,0.77271,1.00,2.70
2015.06.04 02:30:33.920,0.77262,0.7727,1.50,1.00
2015.06.04 02:30:34.135,0.77264,0.77271,1.00,1.00
2015.06.04 02:30:34.186,0.77264,0.77273,1.00,1.10
2015.06.04 02:30:34.389,0.77264,0.77275,1.00,3.00
2015.06.04 02:30:37.041,0.77263,0.77275,2.25,3.75
2015.06.04 02:30:39.983,0.77264,0.77275,1.00,3.75
2015.06.04 02:30:40.539,0.77264,0.77274,1.00,1.00
2015.06.04 02:30:41.056,0.77263,0.77275,2.25,3.00
2015.06.04 02:30:42.087,0.77264,0.77275,1.00,3.75
2015.06.04 02:30:42.859,0.77263,0.77275,2.25,3.75
2015.06.04 02:30:43.363,0.77264,0.77274,1.00,1.50
2015.06.04 02:30:45.560,0.77263,0.77274,1.50,1.00
2015.06.04 02:30:45.611,0.77263,0.77272,1.50,1.00
2015.06.04 02:30:45.915,0.77263,0.77272,1.00,3.37
2015.06.04 02:30:46.067,0.7726,0.77272,2.25,3.37
2015.06.04 02:30:46.745,0.77261,0.77271,1.00,1.37
2015.06.04 02:30:48.012,0.7726,0.7727,2.25,1.12
2015.06.04 02:30:49.475,0.77261,0.7727,1.00,1.87
2015.06.04 02:30:50.208,0.7726,0.7727,1.00,1.87
2015.06.04 02:30:51.458,0.77261,0.7727,1.00,1.87
2015.06.04 02:30:51.998,0.7726,0.7727,1.00,1.87
2015.06.04 02:30:52.541,0.7726,0.77269,1.00,1.00
2015.06.04 02:30:53.046,0.77261,0.7727,1.00,1.50
2015.06.04 02:30:55.540,0.77261,0.7727,1.37,2.25
2015.06.04 02:30:57.070,0.77261,0.7727,1.50,1.50
2015.06.04 02:30:57.842,0.7726,0.7727,2.25,1.50
2015.06.04 02:30:58.760,0.77261,0.7727,1.00,1.50
2015.06.04 02:30:59.013,0.77259,0.77268,1.87,1.00
2015.06.04 02:30:59.114,0.77257,0.77268,1.00,1.50
2015.06.04 02:30:59.165,0.77256,0.77266,2.25,2.25
2015.06.04 02:30:59.574,0.77254,0.77264,2.25,1.00
2015.06.04 02:31:00.529,0.77257,0.77264,1.00,1.00
2015.06.04 02:31:00.833,0.77258,0.77266,1.37,1.00
2015.06.04 02:31:01.338,0.77258,0.77267,1.87,1.00
2015.06.04 02:31:01.905,0.77258,0.77268,1.87,2.32
2015.06.04 02:31:02.548,0.77258,0.77267,1.87,1.00
2015.06.04 02:31:03.257,0.7726,0.77267,1.00,1.00
2015.06.04 02:31:03.409,0.77263,0.77272,1.00,1.57
2015.06.04 02:31:03.612,0.77263,0.77274,1.87,1.57
2015.06.04 02:31:03.713,0.77266,0.77274,1.00,1.10
2015.06.04 02:31:04.247,0.77265,0.77274,1.00,1.00
2015.06.04 02:31:05.483,0.77263,0.77274,1.87,1.50
2015.06.04 02:31:09.223,0.77262,0.77273,1.37,1.00
2015.06.04 02:31:09.477,0.77262,0.77271,1.37,1.00
2015.06.04 02:31:10.277,0.77262,0.77273,1.87,1.50
2015.06.04 02:31:10.328,0.77265,0.77273,1.00,1.50
2015.06.04 02:31:10.631,0.77265,0.77275,1.50,1.00
2015.06.04 02:31:10.870,0.77264,0.77273,1.50,1.00
2015.06.04 02:31:11.375,0.77263,0.77273,1.50,1.00
2015.06.04 02:31:11.881,0.77262,0.77271,1.12,1.00
2015.06.04 02:31:12.185,0.7726,0.7727,2.25,1.00
2015.06.04 02:31:12.715,0.77259,0.77269,2.25,1.00
2015.06.04 02:31:15.211,0.77259,0.77271,2.25,1.50
2015.06.04 02:31:15.765,0.7726,0.77271,1.00,1.50
2015.06.04 02:31:16.297,0.77261,0.77271,1.00,1.50
2015.06.04 02:31:16.822,0.7726,0.77271,1.00,1.50
2015.06.04 02:31:22.919,0.7726,0.7727,1.50,1.00
2015.06.04 02:31:23.635,0.77261,0.7727,1.00,1.00
2015.06.04 02:31:23.736,0.77263,0.77271,1.00,1.00
2015.06.04 02:31:24.040,0.77263,0.77273,1.00,2.32
2015.06.04 02:31:24.496,0.77263,0.77275,4.12,3.07
2015.06.04 02:31:25.043,0.77264,0.77275,1.00,2.25
2015.06.04 02:31:29.265,0.77264,0.77274,1.00,1.00
2015.06.04 02:31:31.848,0.77267,0.77275,1.37,1.50
2015.06.04 02:31:32.252,0.77267,0.77277,1.37,1.00
2015.06.04 02:31:36.916,0.77272,0.77278,1.00,1.50
2015.06.04 02:31:37.119,0.77273,0.77282,3.37,1.00
2015.06.04 02:31:37.220,0.77275,0.77285,1.00,1.57
2015.06.04 02:31:37.721,0.77276,0.77285,1.00,1.50
2015.06.04 02:31:38.269,0.77275,0.77285,1.50,1.50
2015.06.04 02:31:39.065,0.77274,0.77285,1.50,1.50
2015.06.04 02:31:40.779,0.77274,0.77283,1.50,1.00
2015.06.04 02:31:41.285,0.77271,0.77282,2.25,1.00
2015.06.04 02:31:41.720,0.77271,0.7728,1.00,1.00
2015.06.04 02:31:41.821,0.77271,0.77282,1.00,2.25
2015.06.04 02:31:44.130,0.7727,0.77282,1.00,2.25
2015.06.04 02:31:46.732,0.77269,0.7728,1.50,1.00
2015.06.04 02:31:47.241,0.77269,0.77281,1.50,1.00
2015.06.04 02:31:54.142,0.7727,0.77281,1.00,1.50
2015.06.04 02:31:54.661,0.7727,0.7728,1.00,1.50
2015.06.04 02:31:55.211,0.77269,0.7728,2.25,1.50
2015.06.04 02:31:58.636,0.7727,0.7728,1.00,1.00
2015.06.04 02:32:03.963,0.77269,0.7728,2.25,1.00
2015.06.04 02:32:06.069,0.7727,0.7728,1.00,1.00
2015.06.04 02:32:06.594,0.77271,0.77279,1.00,1.00
2015.06.04 02:32:07.595,0.7727,0.77279,1.50,1.00
2015.06.04 02:32:08.155,0.7727,0.7728,1.50,1.00
2015.06.04 02:32:08.457,0.77272,0.7728,1.00,1.00
2015.06.04 02:32:08.988,0.77272,0.77279,1.00,1.00
2015.06.04 02:32:09.683,0.77271,0.77279,1.50,1.00
2015.06.04 02:32:10.757,0.77271,0.77281,1.50,1.00
2015.06.04 02:32:10.858,0.77271,0.77279,1.50,1.00
2015.06.04 02:32:12.803,0.77271,0.77281,1.50,1.00
2015.06.04 02:32:12.854,0.77271,0.77279,1.50,1.00
2015.06.04 02:32:14.790,0.77271,0.77281,1.50,1.00
2015.06.04 02:32:15.296,0.77271,0.7728,1.50,1.00
2015.06.04 02:32:16.464,0.77271,0.77281,1.50,1.00
2015.06.04 02:32:16.515,0.77273,0.77281,1.00,1.00
2015.06.04 02:32:17.022,0.77272,0.7728,1.00,1.00
2015.06.04 02:32:17.575,0.77271,0.7728,1.50,1.00
2015.06.04 02:32:18.100,0.77272,0.77279,1.00,1.00
2015.06.04 02:32:18.749,0.77271,0.77279,1.50,1.00
2015.06.04 02:32:19.638,0.77271,0.7728,1.50,1.50
2015.06.04 02:32:20.630,0.7727,0.7728,2.25,1.50
2015.06.04 02:32:22.585,0.7727,0.77274,1.00,1.00
2015.06.04 02:32:22.687,0.77265,0.77274,4.20,1.00
2015.06.04 02:32:22.889,0.77264,0.77273,1.65,1.00
2015.06.04 02:32:22.991,0.77264,0.77271,1.20,1.00
2015.06.04 02:32:23.453,0.77262,0.77271,1.95,1.00
2015.06.04 02:32:24.391,0.77262,0.7727,2.62,1.00
2015.06.04 02:32:24.694,0.77261,0.77268,1.37,1.00
2015.06.04 02:32:29.605,0.77261,0.77268,1.00,1.00
2015.06.04 02:32:29.859,0.77259,0.77268,1.87,1.00
2015.06.04 02:32:30.299,0.77259,0.77266,1.12,1.00
2015.06.04 02:32:31.684,0.77259,0.77268,1.12,1.00
2015.06.04 02:32:32.413,0.77259,0.77269,1.87,1.00
2015.06.04 02:32:35.003,0.7726,0.77269,1.00,1.00
2015.06.04 02:32:35.566,0.77261,0.77269,1.00,1.00
2015.06.04 02:32:35.920,0.77263,0.77271,1.00,2.25
2015.06.04 02:32:36.224,0.77263,0.77273,1.50,1.00
2015.06.04 02:32:39.235,0.77264,0.77273,1.00,1.00
2015.06.04 02:32:41.125,0.77263,0.77273,1.50,1.00
2015.06.04 02:32:42.457,0.77264,0.77273,1.00,1.00
2015.06.04 02:32:43.204,0.77263,0.77273,1.50,1.00
2015.06.04 02:32:55.678,0.77263,0.77271,1.00,1.00
2015.06.04 02:32:55.981,0.7726,0.77269,1.87,1.00
2015.06.04 02:32:56.134,0.7726,0.77271,1.37,2.25
2015.06.04 02:32:56.387,0.7726,0.77269,1.87,1.00
2015.06.04 02:32:56.901,0.7726,0.7727,1.87,1.00
2015.06.04 02:32:58.661,0.77262,0.77272,1.12,1.50
2015.06.04 02:33:01.853,0.77267,0.77274,1.87,3.00
2015.06.04 02:33:02.006,0.77267,0.77276,2.62,1.17
2015.06.04 02:33:02.158,0.77266,0.77276,1.87,1.00
2015.06.04 02:33:02.584,0.77268,0.77276,1.00,1.00
2015.06.04 02:33:02.686,0.77269,0.77278,1.00,1.00
2015.06.04 02:33:03.191,0.77271,0.7728,1.50,1.50
2015.06.04 02:33:03.730,0.7727,0.77279,1.00,1.00
2015.06.04 02:33:04.240,0.77269,0.7728,1.00,2.25
2015.06.04 02:33:05.345,0.77269,0.77279,1.00,1.00
2015.06.04 02:33:25.363,0.77269,0.77277,1.50,1.00
2015.06.04 02:33:25.464,0.77267,0.77277,2.25,1.00
2015.06.04 02:33:26.019,0.77267,0.77276,1.00,1.00
2015.06.04 02:33:26.272,0.77265,0.77276,2.25,1.00
2015.06.04 02:33:30.971,0.77266,0.77277,1.00,3.00
2015.06.04 02:33:32.038,0.77266,0.77276,1.50,1.00
2015.06.04 02:33:32.615,0.77266,0.77277,1.50,2.25
2015.06.04 02:33:33.118,0.77266,0.77276,1.50,1.00
2015.06.04 02:33:33.739,0.77266,0.77277,1.00,1.00
2015.06.04 02:33:34.271,0.77267,0.77277,1.00,1.00
2015.06.04 02:33:34.524,0.77267,0.77279,1.50,1.50
2015.06.04 02:33:35.232,0.77268,0.77279,1.00,1.50
2015.06.04 02:33:35.798,0.77267,0.7728,2.25,2.25
2015.06.04 02:33:37.430,0.77268,0.7728,1.00,1.50
2015.06.04 02:33:37.938,0.77268,0.77279,1.00,1.00
2015.06.04 02:33:39.421,0.77269,0.7728,1.00,1.50
2015.06.04 02:33:39.573,0.77271,0.77281,1.00,1.00
2015.06.04 02:33:40.098,0.77271,0.77281,2.62,1.00
2015.06.04 02:33:42.088,0.77273,0.77282,1.00,2.25
2015.06.04 02:33:48.437,0.77273,0.77281,1.00,1.00
2015.06.04 02:33:49.227,0.77273,0.77282,1.00,1.00
2015.06.04 02:33:49.953,0.77273,0.77281,1.00,1.00
2015.06.04 02:33:50.455,0.77273,0.77282,1.00,1.00
