2016.12.07 14:00:00.010,0.74499,0.74507,1.00,2.06
2016.12.07 14:00:00.064,0.74499,0.74507,1.00,1.25
2016.12.07 14:00:01.397,0.74497,0.74507,4.12,1.69
2016.12.07 14:00:01.653,0.745,0.74509,1.25,1.50
2016.12.07 14:00:01.959,0.74501,0.7451,1.37,1.00
2016.12.07 14:00:02.841,0.74501,0.74511,1.37,2.44
2016.12.07 14:00:03.557,0.74501,0.7451,1.37,1.00
2016.12.07 14:00:04.824,0.74501,0.74511,1.37,1.69
2016.12.07 14:00:05.483,0.74501,0.7451,1.37,1.00
2016.12.07 14:00:06.698,0.74501,0.7451,1.00,1.50
2016.12.07 14:00:07.198,0.745,0.74508,1.69,1.00
2016.12.07 14:00:07.249,0.74499,0.74508,1.00,1.50
2016.12.07 14:00:07.300,0.74498,0.74506,3.00,1.00
2016.12.07 14:00:07.402,0.74497,0.74505,1.50,1.00
2016.12.07 14:00:07.926,0.74496,0.74504,1.25,1.12
2016.12.07 14:00:09.690,0.74496,0.74505,1.69,1.12
2016.12.07 14:00:10.198,0.74497,0.74506,2.25,1.00
2016.12.07 14:00:10.704,0.74496,0.74505,3.19,1.00
2016.12.07 14:00:11.268,0.74496,0.74507,3.19,2.25
2016.12.07 14:00:14.696,0.74496,0.74504,2.44,1.00
2016.12.07 14:00:14.950,0.74493,0.74503,1.87,1.00
2016.12.07 14:00:15.454,0.74493,0.74502,1.00,1.00
2016.12.07 14:00:19.983,0.74493,0.74503,1.87,3.37
2016.12.07 14:00:20.489,0.74494,0.74503,1.50,1.00
2016.12.07 14:00:21.298,0.74494,0.74504,1.50,1.00
2016.12.07 14:00:21.831,0.74495,0.74504,1.50,1.00
2016.12.07 14:00:22.539,0.74497,0.74505,1.69,1.00
2016.12.07 14:00:33.635,0.74497,0.74506,2.44,1.00
2016.12.07 14:00:33.938,0.74497,0.74506,1.25,1.87
2016.12.07 14:00:38.807,0.74497,0.74506,1.25,1.50
2016.12.07 14:00:40.453,0.74496,0.74506,3.19,1.50
2016.12.07 14:00:41.222,0.74497,0.74506,1.00,1.50
2016.12.07 14:00:41.730,0.74496,0.74506,3.19,1.50
2016.12.07 14:00:42.260,0.74497,0.74506,1.00,1.50
2016.12.07 14:00:42.866,0.74496,0.74506,3.19,1.50
2016.12.07 14:00:43.489,0.74497,0.74506,1.00,1.50
2016.12.07 14:00:45.519,0.74496,0.74506,1.69,1.00
2016.12.07 14:00:46.025,0.74496,0.74505,1.69,1.12
2016.12.07 14:00:48.656,0.74494,0.74504,1.50,1.50
2016.12.07 14:00:48.758,0.74496,0.74504,1.00,1.12
2016.12.07 14:00:49.264,0.74497,0.74505,1.69,1.37
2016.12.07 14:00:49.820,0.74497,0.74505,1.25,1.00
2016.12.07 14:00:52.430,0.74497,0.74504,1.25,1.50
2016.12.07 14:00:53.996,0.74497,0.74505,1.25,2.25
2016.12.07 14:00:55.491,0.74493,0.74504,5.44,1.69
2016.12.07 14:00:55.997,0.74495,0.74504,1.00,1.69
2016.12.07 14:01:05.404,0.74496,0.74504,1.00,1.25
2016.12.07 14:01:08.679,0.74495,0.74504,1.00,1.25
2016.12.07 14:01:10.332,0.74497,0.74505,1.00,1.50
2016.12.07 14:01:10.638,0.74499,0.74508,1.00,2.25
2016.12.07 14:01:10.690,0.74498,0.74508,4.12,1.87
2016.12.07 14:01:11.148,0.74499,0.74509,3.37,1.69
2016.12.07 14:01:12.019,0.745,0.7451,2.62,1.12
2016.12.07 14:01:12.323,0.74502,0.7451,1.00,1.00
2016.12.07 14:01:14.648,0.74502,0.74511,1.00,1.12
2016.12.07 14:01:16.291,0.74501,0.7451,2.62,1.00
2016.12.07 14:01:16.796,0.745,0.7451,1.00,1.00
2016.12.07 14:01:17.685,0.745,0.74509,1.50,1.00
2016.12.07 14:01:18.192,0.74499,0.74508,1.25,2.25
2016.12.07 14:01:18.813,0.74499,0.74507,1.25,1.50
2016.12.07 14:01:19.774,0.74498,0.74508,1.50,4.12
2016.12.07 14:01:22.260,0.74497,0.74508,3.37,4.12
2016.12.07 14:01:22.767,0.74498,0.74507,1.50,1.12
2016.12.07 14:01:24.493,0.74497,0.74507,2.62,1.12
2016.12.07 14:01:24.797,0.74502,0.7451,1.00,1.12
2016.12.07 14:01:24.949,0.74503,0.74512,1.00,4.69
2016.12.07 14:01:25.947,0.74501,0.74511,1.87,1.00
2016.12.07 14:01:26.453,0.74501,0.74512,1.87,2.81
2016.12.07 14:01:30.139,0.74501,0.74511,1.87,1.00
2016.12.07 14:01:34.688,0.74503,0.74512,1.00,1.69
2016.12.07 14:01:34.841,0.74506,0.74513,1.00,1.87
2016.12.07 14:01:34.994,0.74507,0.74515,2.62,1.00
2016.12.07 14:01:35.045,0.7451,0.74516,1.35,1.12
2016.12.07 14:01:35.414,0.74512,0.74516,1.00,1.00
2016.12.07 14:01:35.769,0.74513,0.74523,2.25,1.00
2016.12.07 14:01:36.503,0.74513,0.74522,1.00,1.00
2016.12.07 14:01:38.890,0.74512,0.74521,3.19,1.00
2016.12.07 14:01:39.437,0.7451,0.74516,1.37,1.00
2016.12.07 14:01:39.539,0.74506,0.74516,1.69,2.25
2016.12.07 14:01:39.590,0.74506,0.74514,1.62,1.00
2016.12.07 14:01:39.692,0.74504,0.74513,1.12,1.00
2016.12.07 14:01:41.380,0.74503,0.74512,1.37,1.50
2016.12.07 14:01:41.742,0.74502,0.74512,1.31,1.87
2016.12.07 14:01:42.294,0.74501,0.74511,1.50,1.50
2016.12.07 14:01:48.461,0.74501,0.74511,1.12,3.37
2016.12.07 14:02:00.850,0.74501,0.74511,1.50,2.44
2016.12.07 14:02:02.324,0.74506,0.74511,1.00,1.69
2016.12.07 14:02:02.426,0.74504,0.74512,4.54,1.50
2016.12.07 14:02:02.477,0.74505,0.74514,1.50,1.50
2016.12.07 14:02:07.301,0.74505,0.74515,1.50,3.00
2016.12.07 14:02:09.837,0.74505,0.74514,1.00,1.50
2016.12.07 14:02:09.940,0.74503,0.74512,3.00,1.50
2016.12.07 14:02:10.304,0.74502,0.7451,1.37,1.00
2016.12.07 14:02:15.510,0.74501,0.7451,2.06,1.00
2016.12.07 14:02:25.204,0.745,0.74507,1.37,3.00
2016.12.07 14:02:25.306,0.74497,0.74505,1.69,3.00
2016.12.07 14:02:25.357,0.74494,0.74503,2.25,1.69
2016.12.07 14:02:25.519,0.74494,0.74503,1.00,4.69
2016.12.07 14:02:26.025,0.74493,0.74503,1.87,7.31
2016.12.07 14:02:26.279,0.74497,0.74504,3.00,2.25
2016.12.07 14:02:26.482,0.74496,0.74506,4.12,3.00
2016.12.07 14:02:26.634,0.74496,0.74504,1.37,1.00
2016.12.07 14:02:27.140,0.74495,0.74504,2.06,1.00
2016.12.07 14:02:27.697,0.74495,0.74504,2.81,1.00
2016.12.07 14:02:28.588,0.74495,0.74505,2.81,1.50
2016.12.07 14:02:29.089,0.74495,0.74504,2.81,1.00
2016.12.07 14:02:29.746,0.74497,0.74505,1.00,1.00
2016.12.07 14:02:29.952,0.74498,0.74507,1.00,1.87
2016.12.07 14:02:30.457,0.74498,0.74508,1.87,1.25
2016.12.07 14:02:31.316,0.74498,0.74507,2.62,1.00
2016.12.07 14:02:31.671,0.74501,0.74508,1.00,1.31
2016.12.07 14:02:34.073,0.74501,0.74509,1.00,1.50
2016.12.07 14:02:38.341,0.74499,0.74507,1.37,1.00
2016.12.07 14:02:38.442,0.74497,0.74507,1.50,2.25
2016.12.07 14:02:38.595,0.74496,0.74505,3.56,1.00
2016.12.07 14:02:39.130,0.74496,0.74507,4.69,2.62
2016.12.07 14:02:52.360,0.74499,0.74507,2.25,1.00
2016.12.07 14:02:52.462,0.745,0.74509,1.00,4.31
2016.12.07 14:02:53.344,0.745,0.7451,3.37,3.37
2016.12.07 14:02:53.917,0.74501,0.7451,1.50,1.12
2016.12.07 14:02:55.747,0.74501,0.7451,3.00,1.00
2016.12.07 14:02:56.758,0.74502,0.7451,1.37,1.00
2016.12.07 14:02:57.302,0.74501,0.7451,1.87,1.00
2016.12.07 14:03:01.845,0.74506,0.74513,1.00,2.62
2016.12.07 14:03:01.896,0.74504,0.74513,2.81,1.50
2016.12.07 14:03:02.099,0.74506,0.74514,1.00,1.12
2016.12.07 14:03:02.604,0.74505,0.74514,2.25,1.87
2016.12.07 14:03:04.300,0.74506,0.74514,1.00,1.12
2016.12.07 14:03:04.807,0.74505,0.74515,5.10,1.00
2016.12.07 14:03:05.111,0.74509,0.74518,1.00,1.25
2016.12.07 14:03:05.657,0.7451,0.74518,1.00,1.25
2016.12.07 14:03:07.472,0.74509,0.74518,1.50,1.69
2016.12.07 14:03:07.973,0.7451,0.74518,1.00,1.25
2016.12.07 14:03:08.681,0.74509,0.74518,1.00,1.25
2016.12.07 14:03:09.832,0.74508,0.74515,1.69,1.00
2016.12.07 14:03:10.338,0.74508,0.74515,1.25,1.87
2016.12.07 14:03:13.481,0.74508,0.74516,1.25,1.00
2016.12.07 14:03:13.988,0.74508,0.74517,1.25,1.50
2016.12.07 14:03:14.541,0.74508,0.74516,1.69,1.00
2016.12.07 14:03:15.491,0.74506,0.74516,1.00,1.00
2016.12.07 14:03:16.250,0.74507,0.74514,1.00,1.00
2016.12.07 14:03:16.781,0.74507,0.74514,1.00,1.50
2016.12.07 14:03:22.706,0.74507,0.74514,1.00,1.00
2016.12.07 14:03:24.997,0.74506,0.74514,2.25,1.00
2016.12.07 14:03:25.504,0.74506,0.74513,1.50,1.00
2016.12.07 14:03:26.367,0.74505,0.74513,1.50,1.00
2016.12.07 14:03:26.874,0.74506,0.74513,1.50,1.00
2016.12.07 14:03:30.942,0.74505,0.74513,1.00,1.50
2016.12.07 14:03:35.143,0.74506,0.74513,1.00,1.00
2016.12.07 14:03:36.990,0.74506,0.74514,2.25,1.00
2016.12.07 14:03:37.041,0.74506,0.74516,2.25,3.00
2016.12.07 14:03:38.952,0.74509,0.74517,3.00,1.00
2016.12.07 14:03:39.053,0.7451,0.74519,1.72,1.00
2016.12.07 14:03:39.559,0.74511,0.74519,1.00,1.00
2016.12.07 14:03:40.448,0.7451,0.74519,3.00,1.50
2016.12.07 14:03:40.752,0.74508,0.74519,4.50,3.00
2016.12.07 14:03:41.258,0.74509,0.74519,1.00,2.25
2016.12.07 14:03:42.416,0.7451,0.74519,1.50,1.50
2016.12.07 14:03:42.937,0.7451,0.7452,1.50,2.81
2016.12.07 14:03:44.089,0.74509,0.74517,1.00,1.50
2016.12.07 14:03:44.595,0.74508,0.74516,2.25,1.00
2016.12.07 14:03:45.673,0.74507,0.74515,2.06,1.00
2016.12.07 14:03:46.223,0.74507,0.74516,1.25,1.50
2016.12.07 14:03:47.886,0.74509,0.74517,2.25,1.50
2016.12.07 14:03:48.389,0.7451,0.74518,1.50,1.00
2016.12.07 14:03:49.400,0.74511,0.74518,1.00,1.00
2016.12.07 14:03:53.791,0.7451,0.74518,3.00,1.00
2016.12.07 14:03:54.298,0.74509,0.74517,1.00,1.50
2016.12.07 14:03:54.955,0.74508,0.74517,2.62,1.50
2016.12.07 14:04:05.284,0.74508,0.74516,2.06,1.50
2016.12.07 14:04:05.625,0.74505,0.74512,1.87,1.00
2016.12.07 14:04:05.932,0.74504,0.74508,1.00,1.00
2016.12.07 14:04:05.984,0.74502,0.74508,1.25,1.00
2016.12.07 14:04:07.491,0.74502,0.7451,1.25,1.00
2016.12.07 14:04:12.227,0.74502,0.74509,1.25,1.00
2016.12.07 14:04:13.835,0.74502,0.74509,2.06,1.00
2016.12.07 14:04:17.511,0.74502,0.74509,1.25,1.00
2016.12.07 14:04:18.335,0.74504,0.74509,1.00,1.00
2016.12.07 14:04:18.437,0.74504,0.74514,1.54,3.37
2016.12.07 14:04:18.945,0.74504,0.74512,1.25,1.00
2016.12.07 14:04:19.747,0.74505,0.74512,1.50,1.00
2016.12.07 14:04:20.277,0.74505,0.74512,1.50,1.00
2016.12.07 14:04:20.792,0.74504,0.74513,2.06,1.00
2016.12.07 14:04:21.341,0.74504,0.74513,2.06,1.00
2016.12.07 14:04:21.995,0.74504,0.74511,2.06,1.00
2016.12.07 14:04:22.615,0.74504,0.74512,3.56,1.00
2016.12.07 14:04:24.897,0.74504,0.74512,2.81,1.00
2016.12.07 14:04:25.404,0.74505,0.74513,1.37,1.00
2016.12.07 14:04:25.859,0.74504,0.74512,1.69,1.00
2016.12.07 14:04:25.961,0.74504,0.7451,1.69,1.00
2016.12.07 14:04:26.484,0.74503,0.74509,1.87,1.00
2016.12.07 14:04:28.576,0.74502,0.74509,3.94,1.00
2016.12.07 14:04:34.648,0.74502,0.74511,1.69,2.25
2016.12.07 14:04:43.023,0.74502,0.7451,1.31,1.00
2016.12.07 14:04:50.992,0.74502,0.74512,3.37,1.87
2016.12.07 14:04:51.500,0.74503,0.74512,1.87,1.00
2016.12.07 14:04:53.963,0.74503,0.74513,3.00,1.12
2016.12.07 14:04:54.470,0.74504,0.74513,2.25,1.00
2016.12.07 14:04:54.832,0.74506,0.74513,1.00,1.00
2016.12.07 14:04:57.684,0.74507,0.74513,1.00,1.00
2016.12.07 14:04:58.190,0.74508,0.74513,1.00,1.00
2016.12.07 14:04:58.400,0.74506,0.74513,1.00,1.00
2016.12.07 14:05:00.041,0.74506,0.74515,1.00,3.37
2016.12.07 14:05:02.411,0.74505,0.74515,1.31,3.37
2016.12.07 14:05:02.927,0.74505,0.74514,1.25,1.12
2016.12.07 14:05:03.686,0.74505,0.74515,1.25,6.37
2016.12.07 14:05:07.949,0.7451,0.74515,1.00,2.25
2016.12.07 14:05:08.000,0.7451,0.74517,2.25,3.56
2016.12.07 14:05:08.529,0.74511,0.74517,1.12,1.25
2016.12.07 14:05:09.930,0.74511,0.74519,2.62,1.69
2016.12.07 14:05:14.850,0.74511,0.74521,2.62,2.44
2016.12.07 14:05:15.356,0.74511,0.7452,2.62,1.25
2016.12.07 14:05:18.091,0.74512,0.7452,1.00,1.25
2016.12.07 14:05:18.609,0.74511,0.7452,1.12,1.25
2016.12.07 14:05:20.432,0.7451,0.74519,3.00,1.00
2016.12.07 14:05:20.952,0.7451,0.7452,3.00,1.69
2016.12.07 14:05:21.739,0.7451,0.74519,2.62,1.25
2016.12.07 14:05:23.394,0.7451,0.7452,2.81,1.87
2016.12.07 14:05:28.454,0.74512,0.7452,1.00,1.25
2016.12.07 14:05:31.425,0.74513,0.7452,1.00,1.25
2016.12.07 14:05:31.931,0.74513,0.7452,2.25,1.25
2016.12.07 14:05:32.539,0.74515,0.74523,1.00,2.06
2016.12.07 14:05:33.061,0.74514,0.74522,1.00,1.00
2016.12.07 14:05:33.872,0.74513,0.74523,3.00,1.69
2016.12.07 14:05:34.842,0.74513,0.74522,3.75,1.00
2016.12.07 14:05:35.709,0.74512,0.74523,2.81,3.94
2016.12.07 14:05:36.317,0.74512,0.74522,2.81,1.00
2016.12.07 14:05:36.823,0.74513,0.74523,3.00,2.44
2016.12.07 14:05:42.736,0.74516,0.74523,1.00,1.69
2016.12.07 14:05:42.938,0.74518,0.74526,1.00,3.19
2016.12.07 14:05:49.178,0.74519,0.74526,1.00,1.69
2016.12.07 14:05:49.693,0.74517,0.74526,3.37,1.69
2016.12.07 14:05:50.200,0.74516,0.74526,3.00,2.44
2016.12.07 14:05:54.345,0.74516,0.74525,1.37,1.00
2016.12.07 14:05:54.397,0.74515,0.74524,2.25,1.25
2016.12.07 14:05:56.291,0.74517,0.74524,1.00,1.25
2016.12.07 14:05:56.797,0.74518,0.74524,1.00,1.25
2016.12.07 14:06:01.441,0.74517,0.74524,1.12,1.25
2016.12.07 14:06:02.151,0.74518,0.74524,2.25,1.25
2016.12.07 14:06:02.297,0.7452,0.74527,1.12,1.00
2016.12.07 14:06:02.810,0.74522,0.74528,2.25,1.25
2016.12.07 14:06:06.991,0.74522,0.74532,2.62,1.69
2016.12.07 14:06:07.497,0.74521,0.74531,2.25,1.00
2016.12.07 14:06:08.002,0.74521,0.7453,1.87,1.00
2016.12.07 14:06:08.691,0.74521,0.7453,2.25,2.25
2016.12.07 14:06:09.195,0.74521,0.74529,1.50,1.25
2016.12.07 14:06:21.359,0.74521,0.74525,1.00,2.44
2016.12.07 14:06:21.461,0.74516,0.74525,2.25,2.44
2016.12.07 14:06:21.614,0.74514,0.74523,1.12,1.25
2016.12.07 14:06:21.766,0.74512,0.74521,3.37,1.00
2016.12.07 14:06:22.274,0.74512,0.74522,4.50,1.00
2016.12.07 14:06:24.735,0.74513,0.74521,2.25,1.00
2016.12.07 14:06:34.598,0.74512,0.74522,1.87,1.00
2016.12.07 14:06:36.302,0.74516,0.74524,1.50,2.25
2016.12.07 14:06:36.656,0.74515,0.74524,1.00,1.00
2016.12.07 14:06:38.043,0.74515,0.74522,1.00,1.00
2016.12.07 14:06:47.443,0.74513,0.74522,1.50,1.69
2016.12.07 14:06:48.495,0.74514,0.74522,1.50,1.25
2016.12.07 14:06:50.940,0.74512,0.74521,2.62,1.00
2016.12.07 14:06:50.991,0.74512,0.74521,2.25,1.00
2016.12.07 14:06:52.081,0.74512,0.74522,2.25,1.69
2016.12.07 14:06:52.637,0.74512,0.74521,1.00,1.00
2016.12.07 14:07:02.952,0.74512,0.74519,1.50,1.00
2016.12.07 14:07:03.357,0.74512,0.74516,1.00,1.69
2016.12.07 14:07:03.513,0.74506,0.74513,1.87,1.25
2016.12.07 14:07:03.564,0.74505,0.74513,1.12,1.25
2016.12.07 14:07:04.071,0.74503,0.74513,2.25,1.69
2016.12.07 14:07:07.037,0.74504,0.74513,2.62,1.69
2016.12.07 14:07:07.088,0.74507,0.74515,2.25,2.25
2016.12.07 14:07:07.647,0.74505,0.74514,2.44,1.00
2016.12.07 14:07:07.698,0.74505,0.74514,1.69,1.00
2016.12.07 14:07:08.205,0.74505,0.74513,1.69,1.00
2016.12.07 14:07:11.987,0.74505,0.74513,2.06,1.00
2016.12.07 14:07:12.467,0.74505,0.74515,2.81,1.50
2016.12.07 14:07:16.309,0.74504,0.74514,3.56,1.00
2016.12.07 14:07:16.361,0.74505,0.74514,1.00,1.00
2016.12.07 14:07:17.292,0.74504,0.74514,2.44,1.00
2016.12.07 14:07:19.249,0.74505,0.74514,1.00,1.25
2016.12.07 14:07:19.351,0.74504,0.74514,4.12,1.25
2016.12.07 14:07:20.528,0.74504,0.74514,2.62,1.69
2016.12.07 14:07:20.629,0.74504,0.74514,1.12,1.69
2016.12.07 14:07:21.143,0.74505,0.74514,1.00,1.69
2016.12.07 14:07:21.845,0.74504,0.74514,1.50,1.69
2016.12.07 14:07:22.379,0.74505,0.74514,1.00,1.69
2016.12.07 14:07:22.889,0.74504,0.74514,1.00,1.69
2016.12.07 14:07:25.546,0.74504,0.74512,1.00,1.00
2016.12.07 14:07:25.597,0.74504,0.74514,1.00,2.44
2016.12.07 14:07:25.750,0.74504,0.74514,3.75,2.44
2016.12.07 14:07:26.054,0.74507,0.74517,1.50,2.44
2016.12.07 14:07:26.156,0.74509,0.74517,1.87,1.25
2016.12.07 14:07:26.865,0.7451,0.7452,1.12,1.00
2016.12.07 14:07:28.984,0.7451,0.7452,3.00,1.00
2016.12.07 14:07:41.981,0.7451,0.74517,1.37,1.69
2016.12.07 14:07:42.032,0.74508,0.74517,1.00,1.69
2016.12.07 14:07:42.235,0.74505,0.74516,5.06,2.25
2016.12.07 14:07:42.488,0.74507,0.74516,1.00,1.00
2016.12.07 14:07:46.151,0.74508,0.74517,1.12,1.25
2016.12.07 14:07:46.825,0.74509,0.74517,1.00,1.25
2016.12.07 14:07:47.343,0.74508,0.74517,4.50,1.25
2016.12.07 14:07:47.992,0.74509,0.74517,1.00,1.25
2016.12.07 14:07:48.497,0.74508,0.74517,1.50,1.69
2016.12.07 14:07:49.214,0.74508,0.74517,1.87,1.69
2016.12.07 14:07:49.517,0.74511,0.74517,1.37,1.25
2016.12.07 14:07:50.023,0.74509,0.74517,1.87,1.25
2016.12.07 14:07:53.856,0.74509,0.7452,3.75,1.00
2016.12.07 14:08:03.485,0.74509,0.74518,2.25,2.44
2016.12.07 14:08:03.588,0.74509,0.74517,1.00,1.50
2016.12.07 14:08:03.776,0.74507,0.74513,1.87,1.25
2016.12.07 14:08:03.827,0.74507,0.74515,1.87,1.69
2016.12.07 14:08:04.338,0.74505,0.74515,1.37,1.00
2016.12.07 14:08:05.325,0.74505,0.74512,1.87,1.00
2016.12.07 14:08:05.842,0.74504,0.74512,3.37,1.00
2016.12.07 14:08:07.995,0.74505,0.74514,1.12,1.00
2016.12.07 14:08:08.350,0.74503,0.74513,3.00,1.00
2016.12.07 14:08:09.877,0.74504,0.74513,1.00,1.00
2016.12.07 14:08:11.380,0.74505,0.74513,1.00,1.00
2016.12.07 14:08:11.887,0.74505,0.74514,1.00,1.50
2016.12.07 14:08:14.630,0.74507,0.74515,1.50,1.69
2016.12.07 14:08:15.175,0.74506,0.74514,1.69,1.00
2016.12.07 14:08:15.428,0.74505,0.74514,1.00,1.00
2016.12.07 14:08:15.635,0.74504,0.74512,3.37,1.00
2016.12.07 14:08:16.141,0.74504,0.74513,4.12,1.00
2016.12.07 14:08:17.529,0.74505,0.74515,1.00,1.12
2016.12.07 14:08:17.984,0.74505,0.74515,1.87,1.87
2016.12.07 14:08:21.831,0.74505,0.74515,1.37,1.12
2016.12.07 14:08:22.700,0.74505,0.74513,1.37,1.00
2016.12.07 14:08:30.936,0.74504,0.74513,1.50,1.00
2016.12.07 14:08:32.969,0.74503,0.74513,1.50,1.00
2016.12.07 14:08:33.475,0.74503,0.74513,3.75,1.00
2016.12.07 14:08:39.648,0.74504,0.74513,2.62,1.00
2016.12.07 14:08:39.699,0.74508,0.74516,1.00,3.94
2016.12.07 14:08:40.003,0.74511,0.74519,1.00,1.00
2016.12.07 14:08:40.510,0.7451,0.74519,1.50,1.00
2016.12.07 14:08:47.814,0.7451,0.7452,1.00,2.44
2016.12.07 14:08:48.321,0.7451,0.74519,1.50,1.00
2016.12.07 14:09:01.543,0.7451,0.74518,1.00,1.00
2016.12.07 14:09:01.848,0.74504,0.74514,4.50,1.12
2016.12.07 14:09:02.001,0.74507,0.74515,1.00,1.12
2016.12.07 14:09:02.052,0.74508,0.74517,1.50,2.81
2016.12.07 14:09:02.585,0.74507,0.74516,1.87,1.12
2016.12.07 14:09:02.947,0.74506,0.74514,1.37,1.00
2016.12.07 14:09:03.150,0.74504,0.74513,5.25,1.00
2016.12.07 14:09:03.662,0.74504,0.74514,4.87,1.00
2016.12.07 14:09:04.165,0.74506,0.74514,1.00,1.00
2016.12.07 14:09:04.671,0.74506,0.74513,1.00,1.00
2016.12.07 14:09:05.027,0.74503,0.74514,5.44,1.50
2016.12.07 14:09:07.940,0.74503,0.74512,3.19,1.00
2016.12.07 14:09:08.452,0.74503,0.74512,1.00,1.69
2016.12.07 14:09:10.055,0.74503,0.74511,1.00,1.00
2016.12.07 14:09:11.051,0.74503,0.74512,1.00,1.69
2016.12.07 14:09:11.607,0.74504,0.74512,1.50,1.25
2016.12.07 14:09:14.223,0.74503,0.74511,1.37,1.00
2016.12.07 14:09:15.696,0.74502,0.74512,1.87,2.44
2016.12.07 14:09:16.427,0.74502,0.74511,3.37,1.00
2016.12.07 14:09:19.461,0.74502,0.7451,1.87,1.00
2016.12.07 14:09:19.562,0.74502,0.7451,1.50,1.00
2016.12.07 14:09:20.819,0.74502,0.74511,3.00,1.00
2016.12.07 14:09:37.603,0.74503,0.74512,1.00,3.56
2016.12.07 14:09:38.920,0.74503,0.74512,2.25,1.69
2016.12.07 14:09:45.625,0.74502,0.74512,1.37,1.69
2016.12.07 14:09:53.504,0.74502,0.7451,1.37,1.00
2016.12.07 14:09:59.858,0.74502,0.74511,1.87,1.00
2016.12.07 14:10:00.264,0.74502,0.74513,1.87,3.19
2016.12.07 14:10:07.060,0.74502,0.74513,1.87,3.19
2016.12.07 14:10:07.606,0.74502,0.74513,1.87,2.44
2016.12.07 14:10:08.414,0.74502,0.74512,1.87,1.25
2016.12.07 14:10:12.510,0.74502,0.74511,2.62,1.00
2016.12.07 14:10:15.363,0.74503,0.74512,1.12,1.69
2016.12.07 14:10:16.994,0.74502,0.74511,3.37,1.00
2016.12.07 14:10:19.994,0.74502,0.74512,1.37,2.81
2016.12.07 14:10:20.571,0.74502,0.74511,1.37,1.00
2016.12.07 14:10:21.394,0.745,0.74511,6.41,1.00
2016.12.07 14:10:31.165,0.74501,0.74511,2.25,1.87
2016.12.07 14:10:31.688,0.745,0.74511,4.31,2.62
2016.12.07 14:10:32.042,0.745,0.74509,4.31,1.00
2016.12.07 14:10:40.795,0.74501,0.7451,1.50,1.00
2016.12.07 14:10:45.710,0.74501,0.7451,1.00,1.12
2016.12.07 14:10:56.919,0.74501,0.7451,1.50,1.12
2016.12.07 14:11:02.750,0.745,0.74509,3.19,1.00
2016.12.07 14:11:03.293,0.74501,0.7451,1.50,1.00
2016.12.07 14:11:09.119,0.74501,0.74512,1.50,8.25
2016.12.07 14:11:09.625,0.74501,0.74512,1.50,7.87
2016.12.07 14:11:10.392,0.74501,0.74512,1.50,5.25
2016.12.07 14:11:16.953,0.74503,0.74512,1.00,5.62
2016.12.07 14:11:17.106,0.74504,0.74513,1.00,5.81
2016.12.07 14:11:17.815,0.74502,0.74513,3.37,3.56
2016.12.07 14:11:17.865,0.74505,0.74513,1.00,2.81
2016.12.07 14:11:18.170,0.74508,0.74517,2.62,1.00
2016.12.07 14:11:18.221,0.7451,0.74518,1.00,2.06
2016.12.07 14:11:18.373,0.74511,0.7452,1.12,1.25
2016.12.07 14:11:18.789,0.74513,0.7452,1.00,1.25
2016.12.07 14:11:19.245,0.74515,0.74524,1.00,3.37
2016.12.07 14:11:19.549,0.74521,0.74528,1.00,1.25
2016.12.07 14:11:20.009,0.74518,0.74528,1.87,2.81
2016.12.07 14:11:20.263,0.74517,0.74528,1.00,5.81
2016.12.07 14:11:20.314,0.74519,0.74528,1.00,5.06
2016.12.07 14:11:20.568,0.74516,0.74527,3.94,3.75
2016.12.07 14:11:20.619,0.74516,0.74525,2.25,1.25
2016.12.07 14:11:20.926,0.74518,0.74525,2.25,1.25
2016.12.07 14:11:21.371,0.74516,0.74525,1.00,3.56
2016.12.07 14:11:23.092,0.74516,0.74525,1.00,4.31
2016.12.07 14:11:23.299,0.74519,0.74525,1.00,1.25
2016.12.07 14:11:23.603,0.74522,0.74526,1.00,1.25
2016.12.07 14:11:23.806,0.7452,0.74525,1.00,1.25
2016.12.07 14:11:23.857,0.7452,0.74528,1.00,1.00
2016.12.07 14:11:24.362,0.7452,0.74529,1.12,2.25
2016.12.07 14:11:24.882,0.74519,0.74528,1.50,3.00
2016.12.07 14:11:25.392,0.74519,0.74527,1.50,2.25
2016.12.07 14:11:27.656,0.74519,0.74526,1.00,2.25
2016.12.07 14:11:28.162,0.74518,0.74526,1.87,2.25
2016.12.07 14:11:28.669,0.74516,0.74526,2.44,2.25
2016.12.07 14:11:29.491,0.74516,0.74526,1.00,4.69
2016.12.07 14:11:30.141,0.74516,0.74524,1.00,2.25
2016.12.07 14:11:32.148,0.74517,0.74524,1.00,2.25
2016.12.07 14:11:32.301,0.7452,0.74524,1.00,2.25
2016.12.07 14:11:32.453,0.74518,0.74524,2.25,2.25
2016.12.07 14:11:32.605,0.7452,0.74525,1.00,2.25
2016.12.07 14:11:34.142,0.7452,0.74526,1.00,3.19
2016.12.07 14:11:34.648,0.74519,0.74526,1.50,3.19
2016.12.07 14:11:34.903,0.7452,0.74529,1.12,1.00
2016.12.07 14:11:35.357,0.7452,0.74527,1.50,2.25
2016.12.07 14:11:35.411,0.74517,0.74527,3.75,2.25
2016.12.07 14:11:35.918,0.74519,0.74528,1.00,3.00
2016.12.07 14:11:36.273,0.7452,0.74526,1.00,2.25
2016.12.07 14:11:37.181,0.7452,0.74528,1.00,2.62
2016.12.07 14:11:37.434,0.74518,0.74527,2.25,1.00
2016.12.07 14:11:37.939,0.74518,0.74528,2.25,3.75
2016.12.07 14:11:38.499,0.74519,0.74528,1.00,4.50
2016.12.07 14:11:39.061,0.74518,0.74528,2.25,3.75
2016.12.07 14:11:39.364,0.7452,0.74529,1.12,1.12
2016.12.07 14:11:39.870,0.7452,0.74528,1.12,1.00
2016.12.07 14:11:40.224,0.74521,0.7453,1.00,4.31
2016.12.07 14:11:41.246,0.74522,0.7453,1.00,1.69
2016.12.07 14:11:41.702,0.7452,0.7453,1.50,1.25
2016.12.07 14:11:42.208,0.7452,0.74529,1.50,1.00
2016.12.07 14:11:42.718,0.74521,0.7453,1.00,1.25
2016.12.07 14:11:43.427,0.74521,0.7453,3.00,1.25
2016.12.07 14:11:45.854,0.74523,0.74532,1.50,2.06
2016.12.07 14:11:46.607,0.74526,0.74534,1.00,1.12
2016.12.07 14:11:46.913,0.74528,0.74536,1.12,1.25
2016.12.07 14:11:47.218,0.74531,0.74539,1.00,3.56
2016.12.07 14:11:47.421,0.74529,0.74539,1.12,3.94
2016.12.07 14:11:47.922,0.74529,0.74539,1.00,2.44
2016.12.07 14:11:48.883,0.74531,0.74539,1.00,1.25
2016.12.07 14:11:49.453,0.74532,0.74539,1.00,1.25
2016.12.07 14:11:50.517,0.74533,0.74542,1.00,3.37
2016.12.07 14:11:50.619,0.74537,0.74544,1.00,1.00
2016.12.07 14:11:50.772,0.74537,0.74547,3.00,1.25
2016.12.07 14:11:50.873,0.74541,0.74549,1.00,1.69
2016.12.07 14:11:51.964,0.74542,0.74549,1.00,1.25
2016.12.07 14:11:53.898,0.74542,0.74551,1.87,1.50
2016.12.07 14:11:54.444,0.74543,0.74552,1.00,2.44
2016.12.07 14:11:54.951,0.74541,0.74552,3.00,2.06
2016.12.07 14:11:55.824,0.74543,0.74552,1.00,1.25
2016.12.07 14:11:56.331,0.74544,0.74552,1.50,1.25
2016.12.07 14:11:57.342,0.74543,0.74552,1.00,2.44
2016.12.07 14:11:59.110,0.74542,0.74552,1.12,1.69
2016.12.07 14:12:01.152,0.74542,0.74551,1.00,1.00
2016.12.07 14:12:01.658,0.74541,0.74551,1.00,1.00
2016.12.07 14:12:01.709,0.74541,0.74548,1.00,1.00
2016.12.07 14:12:01.811,0.74539,0.74549,1.12,3.19
2016.12.07 14:12:02.014,0.74537,0.74548,2.44,1.00
2016.12.07 14:12:03.452,0.74538,0.74549,1.00,3.94
2016.12.07 14:12:03.605,0.74538,0.74547,1.00,1.00
2016.12.07 14:12:04.768,0.74538,0.74546,1.00,1.00
2016.12.07 14:12:05.276,0.74538,0.74547,1.00,2.06
2016.12.07 14:12:05.579,0.7454,0.74549,1.50,1.00
2016.12.07 14:12:05.934,0.74537,0.74548,1.87,1.00
2016.12.07 14:12:06.076,0.74537,0.74546,1.87,1.00
2016.12.07 14:12:06.379,0.74536,0.74546,1.12,1.69
2016.12.07 14:12:06.885,0.74535,0.74546,2.25,3.19
2016.12.07 14:12:07.391,0.74536,0.74546,1.00,2.06
2016.12.07 14:12:08.603,0.74538,0.74546,1.00,2.06
2016.12.07 14:12:09.007,0.74536,0.74545,1.50,1.00
2016.12.07 14:12:09.511,0.74535,0.74545,1.00,1.87
2016.12.07 14:12:09.967,0.74534,0.74543,1.12,1.25
2016.12.07 14:12:11.135,0.74534,0.74542,1.12,1.00
2016.12.07 14:12:14.479,0.74532,0.74541,1.12,1.00
2016.12.07 14:12:14.580,0.74531,0.74541,2.62,1.00
2016.12.07 14:12:15.113,0.74531,0.74542,4.12,2.25
2016.12.07 14:12:16.024,0.74532,0.74542,1.12,1.00
2016.12.07 14:12:16.659,0.74532,0.74543,1.87,2.44
2016.12.07 14:12:21.354,0.74532,0.74542,1.87,1.12
2016.12.07 14:12:21.405,0.74532,0.74542,1.12,1.50
2016.12.07 14:12:26.850,0.74532,0.74543,1.50,4.31
2016.12.07 14:12:27.389,0.74533,0.74543,1.00,3.19
2016.12.07 14:12:28.453,0.74533,0.74542,1.50,1.25
2016.12.07 14:12:33.663,0.74532,0.74542,1.50,1.25
2016.12.07 14:12:37.816,0.74532,0.74541,1.12,1.00
2016.12.07 14:12:38.321,0.74533,0.74541,1.00,1.50
2016.12.07 14:12:38.898,0.74532,0.74541,1.87,1.50
2016.12.07 14:12:41.828,0.74531,0.74542,2.62,2.44
2016.12.07 14:12:55.770,0.74533,0.74542,1.00,1.00
2016.12.07 14:12:56.894,0.74534,0.74543,1.00,2.06
2016.12.07 14:12:57.422,0.74534,0.74543,4.50,1.25
2016.12.07 14:12:59.958,0.74535,0.74546,1.12,5.25
2016.12.07 14:13:00.481,0.74535,0.74546,1.12,3.00
2016.12.07 14:13:01.850,0.74534,0.7454,1.37,1.00
2016.12.07 14:13:02.003,0.74533,0.74541,1.12,1.00
2016.12.07 14:13:02.510,0.74533,0.74542,1.12,1.00
2016.12.07 14:13:03.857,0.74536,0.74543,2.25,1.12
2016.12.07 14:13:04.162,0.74542,0.74548,1.00,1.69
2016.12.07 14:13:06.159,0.74542,0.74551,1.50,1.00
2016.12.07 14:13:07.154,0.74543,0.74551,1.00,1.00
2016.12.07 14:13:11.175,0.74543,0.7455,1.00,1.00
2016.12.07 14:13:12.287,0.74543,0.74552,1.00,2.81
2016.12.07 14:13:12.681,0.74541,0.74547,1.50,1.25
2016.12.07 14:13:12.782,0.74539,0.74547,2.25,1.25
2016.12.07 14:13:13.288,0.74539,0.74547,1.50,1.25
2016.12.07 14:13:13.539,0.74539,0.74547,2.62,1.25
2016.12.07 14:13:15.563,0.74539,0.74545,1.12,1.00
2016.12.07 14:13:15.614,0.74538,0.74545,1.37,1.00
2016.12.07 14:13:15.665,0.74536,0.74544,1.00,1.00
2016.12.07 14:13:15.769,0.74534,0.74543,1.00,1.00
2016.12.07 14:13:16.275,0.74533,0.74544,3.75,1.69
2016.12.07 14:13:17.830,0.74536,0.74544,1.00,1.25
2016.12.07 14:13:20.229,0.74537,0.74544,1.00,1.25
2016.12.07 14:13:21.010,0.74536,0.74544,1.12,1.25
2016.12.07 14:13:21.317,0.74538,0.74547,1.00,2.06
2016.12.07 14:13:21.822,0.74537,0.74547,2.62,1.69
2016.12.07 14:13:22.025,0.74537,0.74545,1.50,1.00
2016.12.07 14:13:22.177,0.74536,0.74545,3.00,1.00
2016.12.07 14:13:24.365,0.74535,0.74545,1.69,1.00
2016.12.07 14:13:24.871,0.74535,0.74544,3.19,1.00
2016.12.07 14:13:26.248,0.74536,0.74545,1.00,1.00
2016.12.07 14:13:26.965,0.74539,0.74547,1.00,2.44
2016.12.07 14:13:36.344,0.74539,0.74545,1.50,1.00
2016.12.07 14:13:36.498,0.74536,0.74544,1.87,1.00
2016.12.07 14:13:36.701,0.74535,0.74544,1.00,1.00
2016.12.07 14:13:37.202,0.74535,0.74545,2.62,1.25
2016.12.07 14:13:37.708,0.74537,0.74545,1.00,1.25
2016.12.07 14:13:38.602,0.74536,0.74545,1.87,1.25
2016.12.07 14:13:42.754,0.74539,0.74545,1.00,1.25
2016.12.07 14:13:42.805,0.74539,0.74548,1.12,2.25
2016.12.07 14:13:43.109,0.7454,0.74549,1.00,1.50
2016.12.07 14:13:43.625,0.7454,0.7455,1.50,1.25
2016.12.07 14:13:44.436,0.7454,0.74549,1.12,1.00
2016.12.07 14:13:59.198,0.74539,0.74549,1.12,1.12
2016.12.07 14:14:01.952,0.74539,0.74549,1.00,2.81
2016.12.07 14:14:02.054,0.74537,0.74547,1.25,1.00
2016.12.07 14:14:02.155,0.74535,0.74546,1.87,1.00
2016.12.07 14:14:02.358,0.74535,0.74544,3.00,1.00
2016.12.07 14:14:02.981,0.74534,0.74543,2.62,1.00
2016.12.07 14:14:03.488,0.74534,0.74543,2.62,1.00
2016.12.07 14:14:04.146,0.74534,0.74542,3.00,1.25
2016.12.07 14:14:04.695,0.74535,0.74542,1.00,1.25
2016.12.07 14:14:05.997,0.74533,0.74542,6.00,1.25
2016.12.07 14:14:10.151,0.74534,0.74542,3.75,1.25
2016.12.07 14:14:10.656,0.74534,0.74542,2.62,1.25
2016.12.07 14:14:11.290,0.74535,0.74542,2.62,1.25
2016.12.07 14:14:11.342,0.74535,0.74545,2.62,1.00
2016.12.07 14:14:14.242,0.74535,0.74544,1.00,1.00
2016.12.07 14:14:14.758,0.74534,0.74545,4.31,1.50
2016.12.07 14:14:15.274,0.74534,0.74545,3.56,3.75
2016.12.07 14:14:15.780,0.74534,0.74544,2.81,1.50
2016.12.07 14:14:18.848,0.74534,0.74545,4.31,3.75
2016.12.07 14:14:24.896,0.74534,0.74544,2.81,1.00
2016.12.07 14:14:32.829,0.74534,0.74544,1.75,3.00
2016.12.07 14:14:38.998,0.74534,0.74542,1.37,1.25
2016.12.07 14:14:39.504,0.74534,0.74542,1.00,1.69
2016.12.07 14:14:40.378,0.74532,0.74541,1.87,1.00
2016.12.07 14:14:40.884,0.74532,0.74542,1.87,1.69
2016.12.07 14:14:46.344,0.74534,0.74542,1.00,1.25
2016.12.07 14:14:46.648,0.74541,0.74546,1.00,1.25
2016.12.07 14:14:47.198,0.7454,0.74546,4.50,1.25
2016.12.07 14:14:54.350,0.74541,0.74551,2.62,1.69
2016.12.07 14:14:59.424,0.7454,0.7455,4.50,1.00
2016.12.07 14:15:03.346,0.74541,0.7455,2.25,1.37
2016.12.07 14:15:03.864,0.74541,0.7455,2.25,1.00
2016.12.07 14:15:08.462,0.74541,0.7455,1.50,1.00
2016.12.07 14:15:14.446,0.74541,0.74551,1.00,5.44
2016.12.07 14:15:15.457,0.74541,0.74551,1.37,2.81
2016.12.07 14:15:16.019,0.74542,0.74551,1.37,2.06
2016.12.07 14:15:16.122,0.74548,0.74553,1.00,1.12
2016.12.07 14:15:16.224,0.74546,0.74555,2.62,1.69
2016.12.07 14:15:16.326,0.74546,0.74553,1.50,1.00
2016.12.07 14:15:16.834,0.74544,0.74553,2.06,1.00
2016.12.07 14:15:16.937,0.74543,0.74552,1.37,1.25
2016.12.07 14:15:18.806,0.74543,0.74551,1.37,1.00
2016.12.07 14:15:19.321,0.74541,0.74551,1.87,1.00
2016.12.07 14:15:24.094,0.7454,0.74551,5.25,1.87
2016.12.07 14:15:24.595,0.7454,0.74551,4.50,2.25
2016.12.07 14:15:28.153,0.74542,0.74551,1.00,1.87
2016.12.07 14:15:29.011,0.74541,0.7455,1.00,1.00
2016.12.07 14:15:29.315,0.74541,0.74548,1.00,1.25
2016.12.07 14:15:36.844,0.7454,0.74548,1.50,1.25
2016.12.07 14:15:37.640,0.7454,0.74548,1.50,1.25
2016.12.07 14:15:38.185,0.7454,0.74548,1.00,1.25
2016.12.07 14:15:46.773,0.7454,0.74548,1.37,1.25
2016.12.07 14:15:47.431,0.7454,0.74549,1.37,1.25
2016.12.07 14:16:01.212,0.74539,0.74545,1.87,1.25
2016.12.07 14:16:01.366,0.74537,0.74544,1.37,1.00
2016.12.07 14:16:01.417,0.74533,0.74542,1.12,1.69
2016.12.07 14:16:01.468,0.74532,0.74542,3.19,1.69
2016.12.07 14:16:08.100,0.74534,0.74542,1.00,1.25
2016.12.07 14:16:08.624,0.74535,0.74542,1.12,1.25
2016.12.07 14:16:19.006,0.74533,0.74542,1.50,1.69
2016.12.07 14:16:23.026,0.74533,0.74541,1.50,2.25
2016.12.07 14:16:23.532,0.74533,0.74542,3.00,2.25
2016.12.07 14:16:26.247,0.74533,0.74542,4.12,2.25
2016.12.07 14:16:28.895,0.74535,0.74543,1.00,3.56
2016.12.07 14:16:29.401,0.74534,0.74543,1.50,3.56
2016.12.07 14:16:35.102,0.74535,0.74543,1.00,1.25
2016.12.07 14:16:36.070,0.74539,0.74546,1.00,1.50
2016.12.07 14:16:36.172,0.74539,0.74547,1.00,1.25
2016.12.07 14:16:36.330,0.74541,0.74547,1.00,1.25
2016.12.07 14:16:37.384,0.74542,0.74547,1.00,1.25
2016.12.07 14:16:40.716,0.74541,0.74547,1.00,1.25
2016.12.07 14:16:43.642,0.74542,0.74547,1.00,1.25
2016.12.07 14:16:46.575,0.74543,0.74547,1.00,1.25
2016.12.07 14:16:51.138,0.74542,0.74547,1.00,1.25
2016.12.07 14:17:03.592,0.74542,0.74552,1.00,4.87
2016.12.07 14:17:07.692,0.74542,0.74551,1.00,2.25
2016.12.07 14:17:09.242,0.74542,0.74549,1.00,1.69
2016.12.07 14:17:09.568,0.74537,0.74545,1.75,1.25
2016.12.07 14:17:10.075,0.74539,0.74547,1.69,1.87
2016.12.07 14:17:10.227,0.7454,0.74549,1.00,1.00
2016.12.07 14:17:10.278,0.74541,0.74549,1.37,2.25
2016.12.07 14:17:10.788,0.74539,0.74549,3.37,1.50
2016.12.07 14:17:11.852,0.74541,0.7455,1.12,1.69
2016.12.07 14:17:12.156,0.74543,0.7455,1.37,1.69
2016.12.07 14:17:15.543,0.74543,0.74548,1.37,1.00
2016.12.07 14:17:15.645,0.74542,0.74549,1.00,1.00
2016.12.07 14:17:16.151,0.74542,0.7455,1.00,2.44
2016.12.07 14:17:17.945,0.74542,0.74549,1.00,1.00
2016.12.07 14:17:18.460,0.7454,0.74548,1.37,1.00
2016.12.07 14:17:18.961,0.7454,0.74549,1.37,1.00
2016.12.07 14:17:19.468,0.7454,0.74548,1.37,1.00
2016.12.07 14:17:20.471,0.7454,0.74549,2.62,1.12
2016.12.07 14:17:20.726,0.74541,0.7455,1.12,1.69
2016.12.07 14:17:24.512,0.74541,0.74549,1.12,1.00
2016.12.07 14:17:24.564,0.74541,0.74549,1.00,1.50
2016.12.07 14:17:25.070,0.74539,0.74548,1.87,1.00
2016.12.07 14:17:28.176,0.74539,0.74546,1.37,1.00
2016.12.07 14:17:28.328,0.74536,0.74545,3.75,1.00
2016.12.07 14:17:28.683,0.74536,0.74543,1.00,1.00
2016.12.07 14:17:29.220,0.74534,0.74543,3.75,1.00
2016.12.07 14:17:34.284,0.74534,0.74541,1.37,1.25
2016.12.07 14:17:39.755,0.74532,0.74541,1.12,1.25
2016.12.07 14:18:00.838,0.74534,0.74541,1.50,1.25
2016.12.07 14:18:01.143,0.74536,0.74541,1.00,1.25
2016.12.07 14:18:01.320,0.74536,0.74544,1.00,1.25
2016.12.07 14:18:03.627,0.74535,0.74544,1.12,1.25
2016.12.07 14:18:04.183,0.74536,0.74544,1.00,1.25
2016.12.07 14:18:04.734,0.74536,0.74545,1.50,1.00
2016.12.07 14:18:05.397,0.74535,0.74545,1.31,3.37
2016.12.07 14:18:05.904,0.74535,0.74544,1.31,1.00
2016.12.07 14:18:06.513,0.74534,0.74543,1.50,1.25
2016.12.07 14:18:09.858,0.74536,0.74543,1.00,1.25
2016.12.07 14:18:10.364,0.74536,0.74543,1.87,1.25
2016.12.07 14:18:10.557,0.74536,0.74546,3.19,1.00
2016.12.07 14:18:10.962,0.7454,0.74547,1.12,1.12
2016.12.07 14:18:11.064,0.7454,0.74549,1.12,1.00
2016.12.07 14:18:11.572,0.74539,0.74548,1.25,1.00
2016.12.07 14:18:12.328,0.74539,0.74549,1.25,1.50
2016.12.07 14:18:12.833,0.7454,0.7455,1.50,2.44
2016.12.07 14:18:13.360,0.74541,0.7455,1.87,1.25
2016.12.07 14:18:16.999,0.74541,0.74549,1.37,1.00
2016.12.07 14:18:17.152,0.74539,0.74549,1.31,1.87
2016.12.07 14:18:17.658,0.74539,0.74548,1.25,2.62
2016.12.07 14:18:18.165,0.74539,0.74547,1.25,1.00
2016.12.07 14:18:18.695,0.74539,0.74548,1.25,1.50
2016.12.07 14:18:19.216,0.74539,0.74549,1.25,3.75
2016.12.07 14:18:20.904,0.74539,0.74548,1.25,1.00
2016.12.07 14:18:21.460,0.74537,0.74548,3.37,2.44
2016.12.07 14:18:21.512,0.74537,0.74546,1.12,1.50
2016.12.07 14:18:21.818,0.74535,0.74544,3.56,1.00
2016.12.07 14:18:24.024,0.74535,0.74545,2.44,1.00
2016.12.07 14:18:25.443,0.74535,0.74544,1.25,1.00
2016.12.07 14:18:30.899,0.74535,0.74544,1.50,1.25
2016.12.07 14:18:31.558,0.74534,0.74544,1.87,1.25
2016.12.07 14:18:32.106,0.74534,0.74543,3.37,1.00
2016.12.07 14:18:36.446,0.74535,0.74544,1.69,1.50
2016.12.07 14:18:36.599,0.74535,0.74546,4.69,1.12
2016.12.07 14:18:37.112,0.74536,0.74547,1.00,4.12
2016.12.07 14:18:41.795,0.74537,0.74547,1.00,3.37
2016.12.07 14:18:42.149,0.74541,0.74548,1.00,1.87
2016.12.07 14:18:42.347,0.74542,0.7455,1.00,2.06
2016.12.07 14:18:42.956,0.74542,0.74551,1.69,1.50
2016.12.07 14:18:43.983,0.74542,0.74551,1.50,1.69
2016.12.07 14:18:47.369,0.74542,0.74551,1.12,2.44
2016.12.07 14:18:53.064,0.74542,0.74553,1.12,3.75
2016.12.07 14:18:58.138,0.74542,0.74552,1.00,1.00
2016.12.07 14:18:58.683,0.74542,0.74553,1.00,5.62
2016.12.07 14:18:59.191,0.74541,0.74552,3.56,1.00
2016.12.07 14:19:02.991,0.74543,0.74553,1.50,3.37
2016.12.07 14:19:03.497,0.74543,0.74552,1.50,1.00
2016.12.07 14:19:05.205,0.74542,0.74552,2.62,1.00
2016.12.07 14:19:06.106,0.74542,0.74552,3.00,1.00
2016.12.07 14:19:06.613,0.74542,0.74552,1.00,1.00
2016.12.07 14:19:10.714,0.74541,0.74552,3.19,1.00
2016.12.07 14:19:11.419,0.74542,0.74552,1.25,1.00
2016.12.07 14:19:15.536,0.74541,0.74547,1.00,1.00
2016.12.07 14:19:15.891,0.7454,0.7455,2.25,3.19
2016.12.07 14:19:16.506,0.74539,0.74549,6.19,1.00
2016.12.07 14:19:17.029,0.7454,0.7455,1.12,1.69
2016.12.07 14:19:22.390,0.7454,0.7455,1.75,1.69
2016.12.07 14:19:31.837,0.74541,0.7455,2.25,1.25
2016.12.07 14:19:33.421,0.74542,0.7455,1.00,1.25
2016.12.07 14:19:33.623,0.74542,0.74552,1.25,1.87
2016.12.07 14:19:40.943,0.74542,0.74551,1.25,1.00
2016.12.07 14:19:41.449,0.74542,0.7455,1.25,1.00
2016.12.07 14:19:41.653,0.74542,0.74552,1.25,3.75
2016.12.07 14:19:42.744,0.74542,0.74551,1.25,1.00
2016.12.07 14:19:43.531,0.74542,0.74552,1.25,1.87
2016.12.07 14:19:44.343,0.74542,0.74551,1.25,1.00
2016.12.07 14:19:44.862,0.74542,0.74552,1.25,1.87
2016.12.07 14:19:45.384,0.74542,0.74551,1.25,1.00
2016.12.07 14:19:46.009,0.74542,0.74552,1.25,1.12
2016.12.07 14:19:46.567,0.74542,0.74551,1.25,1.00
2016.12.07 14:19:47.075,0.74542,0.7455,1.25,1.00
2016.12.07 14:19:51.299,0.74541,0.7455,1.87,1.25
2016.12.07 14:19:56.738,0.74541,0.74552,5.81,1.00
2016.12.07 14:19:56.993,0.74546,0.74553,1.50,2.25
2016.12.07 14:19:57.302,0.74548,0.74558,1.37,2.44
2016.12.07 14:19:57.702,0.74549,0.74556,1.00,1.25
2016.12.07 14:19:58.006,0.74547,0.74555,1.00,1.00
2016.12.07 14:19:58.209,0.74545,0.74555,1.31,1.00
2016.12.07 14:19:58.867,0.74545,0.74554,1.31,1.00
2016.12.07 14:20:00.298,0.74545,0.74555,1.31,1.00
2016.12.07 14:20:00.400,0.74548,0.74557,1.00,3.37
2016.12.07 14:20:00.998,0.74548,0.74558,2.25,2.62
2016.12.07 14:20:01.303,0.74546,0.74555,1.69,1.00
2016.12.07 14:20:02.267,0.74546,0.74556,1.69,1.00
2016.12.07 14:20:06.163,0.74548,0.74556,1.00,1.00
2016.12.07 14:20:07.248,0.74547,0.74556,1.87,1.00
2016.12.07 14:20:08.056,0.74548,0.74556,1.00,1.00
2016.12.07 14:20:08.259,0.74549,0.74559,1.31,1.00
2016.12.07 14:20:10.050,0.74549,0.74557,1.25,1.00
2016.12.07 14:20:11.041,0.74547,0.74557,1.12,1.00
2016.12.07 14:20:11.498,0.74547,0.74555,1.50,1.00
2016.12.07 14:20:12.004,0.74546,0.74555,1.50,1.00
2016.12.07 14:20:12.622,0.74545,0.74553,1.25,1.12
2016.12.07 14:20:14.232,0.74544,0.74553,1.00,1.00
2016.12.07 14:20:14.536,0.74543,0.74551,1.50,1.00
2016.12.07 14:20:14.789,0.74542,0.74553,3.75,1.00
2016.12.07 14:20:15.315,0.74543,0.74553,1.00,1.00
2016.12.07 14:20:15.817,0.74542,0.74553,3.00,2.62
2016.12.07 14:20:15.919,0.74544,0.74553,1.00,1.12
2016.12.07 14:20:16.427,0.74543,0.74552,1.00,1.50
2016.12.07 14:20:17.293,0.74542,0.74552,2.25,1.50
2016.12.07 14:20:19.941,0.74541,0.74552,1.25,3.37
2016.12.07 14:20:26.239,0.74542,0.74552,1.00,1.87
2016.12.07 14:20:30.670,0.74541,0.74552,4.69,1.12
2016.12.07 14:20:31.152,0.74543,0.74552,1.00,1.12
2016.12.07 14:20:31.254,0.74541,0.74552,5.81,1.50
2016.12.07 14:20:32.415,0.74542,0.74552,1.25,1.12
2016.12.07 14:20:33.326,0.74543,0.74553,1.50,3.19
2016.12.07 14:20:33.681,0.74545,0.74552,1.00,1.00
2016.12.07 14:20:34.187,0.74544,0.74553,1.00,1.25
2016.12.07 14:20:35.252,0.74545,0.74553,2.25,1.25
2016.12.07 14:20:36.911,0.74546,0.74554,1.25,1.00
2016.12.07 14:20:37.563,0.74548,0.74557,1.50,1.69
2016.12.07 14:20:38.093,0.74549,0.74557,1.00,1.25
2016.12.07 14:20:38.643,0.74549,0.74558,1.50,1.00
2016.12.07 14:20:39.149,0.74548,0.74557,2.81,1.00
2016.12.07 14:20:45.138,0.7455,0.74557,1.00,1.00
2016.12.07 14:20:45.189,0.7455,0.74559,1.00,1.50
2016.12.07 14:20:45.341,0.74548,0.74558,3.19,1.87
2016.12.07 14:20:46.270,0.74548,0.74556,1.25,1.00
2016.12.07 14:20:46.778,0.74547,0.74556,1.50,1.00
2016.12.07 14:20:47.082,0.74543,0.74552,1.50,1.00
2016.12.07 14:20:47.740,0.74542,0.74552,3.75,1.00
2016.12.07 14:20:48.484,0.74544,0.74554,1.00,3.94
2016.12.07 14:20:53.729,0.74543,0.74553,3.00,1.87
2016.12.07 14:20:54.240,0.74544,0.74553,1.00,2.62
2016.12.07 14:20:54.838,0.74544,0.74554,2.25,2.06
2016.12.07 14:20:58.322,0.74543,0.74554,3.75,2.06
2016.12.07 14:20:59.020,0.74544,0.74554,1.00,1.25
2016.12.07 14:21:00.793,0.74543,0.74554,3.75,2.06
2016.12.07 14:21:01.308,0.74544,0.74554,1.00,1.25
2016.12.07 14:21:01.814,0.74543,0.74554,3.75,2.06
2016.12.07 14:21:02.337,0.74544,0.74553,1.00,1.00
2016.12.07 14:21:03.418,0.74543,0.74553,1.12,1.00
2016.12.07 14:21:03.724,0.74542,0.74551,1.37,1.00
2016.12.07 14:21:04.230,0.74542,0.74552,1.37,1.87
2016.12.07 14:21:04.738,0.74542,0.74551,1.37,1.25
2016.12.07 14:21:18.791,0.74543,0.74552,1.12,3.37
2016.12.07 14:21:19.436,0.74542,0.74551,1.87,1.00
2016.12.07 14:21:25.030,0.7454,0.74551,2.25,3.19
2016.12.07 14:21:25.081,0.7454,0.74551,1.12,3.19
2016.12.07 14:21:25.233,0.74539,0.74547,3.00,1.00
2016.12.07 14:21:25.588,0.74539,0.74549,1.25,4.12
2016.12.07 14:21:26.105,0.7454,0.7455,1.87,3.56
2016.12.07 14:21:26.762,0.7454,0.7455,1.87,4.31
2016.12.07 14:21:27.282,0.7454,0.7455,3.37,3.19
2016.12.07 14:21:27.826,0.74538,0.74547,3.37,2.25
2016.12.07 14:21:27.877,0.74536,0.74547,1.87,1.50
2016.12.07 14:21:28.080,0.74539,0.74547,1.00,1.00
2016.12.07 14:21:28.204,0.74539,0.7455,3.19,2.81
2016.12.07 14:21:28.255,0.74541,0.7455,1.00,1.69
2016.12.07 14:21:28.762,0.7454,0.74548,1.00,1.00
2016.12.07 14:21:29.270,0.74541,0.7455,1.00,2.44
2016.12.07 14:21:30.146,0.74542,0.7455,1.00,2.81
2016.12.07 14:21:30.943,0.74541,0.7455,1.00,2.44
2016.12.07 14:21:32.832,0.74541,0.7455,1.87,2.44
2016.12.07 14:21:43.144,0.74543,0.7455,1.00,1.25
2016.12.07 14:21:43.798,0.74542,0.7455,3.00,1.69
2016.12.07 14:21:44.304,0.7454,0.7455,4.12,3.94
2016.12.07 14:21:44.991,0.74542,0.7455,1.12,1.69
2016.12.07 14:21:49.706,0.74543,0.7455,2.62,1.69
2016.12.07 14:21:50.161,0.74541,0.7455,3.75,2.81
2016.12.07 14:21:50.314,0.7454,0.74546,2.62,1.00
2016.12.07 14:21:50.598,0.74538,0.74546,2.62,1.00
2016.12.07 14:21:51.410,0.74537,0.74546,2.62,1.12
2016.12.07 14:21:51.943,0.74538,0.74546,2.62,1.12
2016.12.07 14:21:52.467,0.74537,0.74546,3.75,1.00
2016.12.07 14:21:52.720,0.74537,0.74544,3.00,1.00
2016.12.07 14:21:53.226,0.74537,0.74545,2.62,1.50
2016.12.07 14:21:53.732,0.74536,0.74545,3.56,1.00
2016.12.07 14:21:54.347,0.74537,0.74545,2.62,1.00
2016.12.07 14:21:54.853,0.74536,0.74545,4.31,1.50
2016.12.07 14:21:55.872,0.74536,0.74546,2.44,3.37
2016.12.07 14:21:56.176,0.7454,0.74549,1.00,1.00
2016.12.07 14:21:56.683,0.7454,0.7455,3.00,1.69
2016.12.07 14:21:57.689,0.7454,0.7455,1.87,2.44
2016.12.07 14:21:58.203,0.74541,0.7455,1.00,2.44
2016.12.07 14:21:59.772,0.7454,0.7455,3.37,3.94
2016.12.07 14:22:00.834,0.74539,0.7455,4.31,5.44
2016.12.07 14:22:01.291,0.74539,0.74548,1.25,1.12
2016.12.07 14:22:01.784,0.74537,0.74545,1.00,1.00
2016.12.07 14:22:02.291,0.74537,0.74544,1.00,1.00
2016.12.07 14:22:02.798,0.74536,0.74544,1.00,1.00
2016.12.07 14:22:03.399,0.74535,0.74544,3.94,1.00
2016.12.07 14:22:03.802,0.74537,0.74544,1.00,1.00
2016.12.07 14:22:04.308,0.74537,0.74545,1.00,1.00
2016.12.07 14:22:04.713,0.74535,0.74545,3.19,1.00
2016.12.07 14:22:05.219,0.74536,0.74545,1.00,1.00
2016.12.07 14:22:05.762,0.74535,0.74545,2.44,1.00
2016.12.07 14:22:06.622,0.74536,0.74545,1.00,2.25
2016.12.07 14:22:07.128,0.74535,0.74545,1.69,1.00
2016.12.07 14:22:08.750,0.74535,0.74544,1.69,1.00
2016.12.07 14:22:09.832,0.74535,0.74542,1.69,1.00
2016.12.07 14:22:10.003,0.74535,0.74544,1.25,1.00
2016.12.07 14:22:11.699,0.74535,0.74543,1.69,1.00
2016.12.07 14:22:16.088,0.74536,0.74543,1.00,1.00
2016.12.07 14:22:16.648,0.74535,0.74544,1.69,1.12
2016.12.07 14:22:17.155,0.74535,0.74543,1.25,1.00
2016.12.07 14:22:18.065,0.74535,0.74542,1.25,1.00
2016.12.07 14:22:19.543,0.74533,0.74542,3.00,1.00
2016.12.07 14:22:20.232,0.74532,0.74542,1.69,1.00
2016.12.07 14:22:21.398,0.74532,0.7454,1.25,1.00
2016.12.07 14:22:22.249,0.74533,0.74541,1.00,1.00
2016.12.07 14:22:22.756,0.74532,0.74542,1.69,1.00
2016.12.07 14:22:24.241,0.74532,0.74541,2.06,1.00
2016.12.07 14:22:25.018,0.74533,0.74541,1.00,1.00
2016.12.07 14:22:25.330,0.74519,0.74526,1.00,1.37
2016.12.07 14:22:25.432,0.74519,0.74528,3.75,1.00
2016.12.07 14:22:25.533,0.7452,0.74529,1.50,1.50
2016.12.07 14:22:26.043,0.74521,0.7453,1.00,2.25
2016.12.07 14:22:27.118,0.7452,0.74529,2.25,1.00
2016.12.07 14:22:27.640,0.7452,0.74529,2.62,1.00
2016.12.07 14:22:30.095,0.74521,0.74528,1.12,1.00
2016.12.07 14:22:31.108,0.74521,0.74529,1.12,2.25
2016.12.07 14:22:33.115,0.74521,0.74527,1.12,1.00
2016.12.07 14:22:33.622,0.74522,0.7453,1.00,1.00
2016.12.07 14:22:34.130,0.74522,0.74531,1.00,1.69
2016.12.07 14:22:35.120,0.74522,0.7453,1.00,1.00
2016.12.07 14:22:35.626,0.74522,0.74531,1.00,3.19
2016.12.07 14:22:36.143,0.74522,0.7453,1.00,1.00
2016.12.07 14:22:36.688,0.74522,0.74531,1.00,3.19
2016.12.07 14:22:37.148,0.74522,0.74529,1.00,1.00
2016.12.07 14:22:37.655,0.74522,0.74531,1.00,2.44
2016.12.07 14:22:39.394,0.74523,0.74531,1.00,1.69
2016.12.07 14:22:39.900,0.74522,0.74531,1.12,1.69
2016.12.07 14:22:40.449,0.74523,0.74531,1.00,1.25
2016.12.07 14:22:41.130,0.74522,0.74531,2.25,1.69
2016.12.07 14:22:41.803,0.7452,0.74531,8.81,3.94
2016.12.07 14:22:42.312,0.74521,0.7453,1.00,1.12
2016.12.07 14:22:42.464,0.7452,0.74528,1.87,1.25
2016.12.07 14:22:43.021,0.74521,0.74528,1.00,1.25
2016.12.07 14:22:44.316,0.74521,0.7453,1.00,1.00
2016.12.07 14:22:46.637,0.74521,0.74529,1.00,1.00
2016.12.07 14:22:47.555,0.74521,0.7453,1.00,1.00
2016.12.07 14:22:48.943,0.74521,0.74531,2.25,1.00
2016.12.07 14:22:49.452,0.74521,0.7453,1.00,1.50
2016.12.07 14:22:49.955,0.74521,0.74531,1.00,5.25
2016.12.07 14:22:50.714,0.74521,0.7453,1.00,1.00
2016.12.07 14:22:51.255,0.74521,0.74531,1.00,3.00
2016.12.07 14:22:51.919,0.74521,0.7453,1.00,1.00
2016.12.07 14:22:52.425,0.74521,0.74531,2.25,3.00
2016.12.07 14:22:52.931,0.74521,0.7453,2.25,1.50
2016.12.07 14:22:54.589,0.74521,0.74531,2.25,3.00
2016.12.07 14:22:55.101,0.74521,0.7453,2.25,1.00
2016.12.07 14:22:55.643,0.74521,0.74531,2.25,3.00
2016.12.07 14:22:56.168,0.74521,0.7453,2.25,1.00
2016.12.07 14:22:56.689,0.74521,0.74531,2.25,3.00
2016.12.07 14:22:57.500,0.74521,0.7453,1.50,1.00
2016.12.07 14:22:58.142,0.74521,0.74531,1.50,3.00
2016.12.07 14:22:58.652,0.74521,0.7453,1.50,1.00
2016.12.07 14:22:59.155,0.74521,0.74531,1.00,3.00
2016.12.07 14:23:00.333,0.74521,0.7453,1.00,1.00
2016.12.07 14:23:01.239,0.74521,0.74531,1.00,1.00
2016.12.07 14:23:05.348,0.74521,0.7453,1.00,1.50
2016.12.07 14:23:05.854,0.74521,0.74531,1.00,4.69
2016.12.07 14:23:06.387,0.74521,0.7453,1.00,1.50
2016.12.07 14:23:08.508,0.74521,0.74531,1.00,5.81
2016.12.07 14:23:09.291,0.74521,0.7453,1.00,1.50
2016.12.07 14:23:09.947,0.74521,0.74529,1.00,1.00
2016.12.07 14:23:10.550,0.74521,0.7453,1.00,1.00
2016.12.07 14:23:11.090,0.74521,0.74531,1.00,5.06
2016.12.07 14:23:11.595,0.74521,0.7453,1.00,1.00
2016.12.07 14:23:12.140,0.74521,0.74531,1.00,5.06
2016.12.07 14:23:13.370,0.74521,0.7453,1.00,1.00
2016.12.07 14:23:13.876,0.74521,0.74531,1.00,5.06
2016.12.07 14:23:14.410,0.74521,0.7453,1.00,1.00
2016.12.07 14:23:16.097,0.74521,0.74531,2.25,1.31
2016.12.07 14:23:16.986,0.74521,0.7453,1.87,1.00
2016.12.07 14:23:17.997,0.74521,0.74531,2.62,3.19
2016.12.07 14:23:19.779,0.74517,0.74521,4.87,1.69
2016.12.07 14:23:19.881,0.74506,0.74513,1.87,2.44
2016.12.07 14:23:20.035,0.74504,0.74509,2.62,1.67
2016.12.07 14:23:20.089,0.745,0.74508,1.12,1.37
2016.12.07 14:23:20.140,0.74502,0.7451,1.25,2.05
2016.12.07 14:23:20.191,0.74502,0.7451,1.25,4.50
2016.12.07 14:23:20.848,0.74503,0.74509,1.00,3.75
2016.12.07 14:23:21.703,0.74503,0.7451,1.00,4.69
2016.12.07 14:23:22.209,0.74504,0.7451,1.00,4.69
2016.12.07 14:23:22.412,0.74505,0.74512,1.00,3.75
2016.12.07 14:23:22.564,0.74503,0.74512,1.50,3.75
2016.12.07 14:23:22.817,0.74505,0.74512,1.00,3.75
2016.12.07 14:23:23.710,0.74505,0.74514,1.00,1.87
2016.12.07 14:23:24.367,0.74508,0.74514,1.00,1.87
2016.12.07 14:23:24.570,0.74512,0.74519,1.00,1.31
2016.12.07 14:23:25.025,0.74512,0.74521,1.00,3.37
2016.12.07 14:23:25.703,0.74512,0.7452,1.00,1.00
2016.12.07 14:23:26.209,0.74513,0.74521,1.00,1.50
2016.12.07 14:23:27.526,0.74512,0.7452,1.00,1.00
2016.12.07 14:23:28.083,0.74512,0.74519,1.50,1.00
2016.12.07 14:23:29.216,0.74513,0.74519,1.00,1.00
2016.12.07 14:23:31.640,0.74512,0.74519,1.50,1.00
2016.12.07 14:23:32.146,0.74512,0.7452,1.00,1.00
2016.12.07 14:23:33.914,0.74512,0.74521,1.00,1.00
2016.12.07 14:23:34.421,0.74513,0.74521,1.00,1.00
2016.12.07 14:23:35.810,0.74514,0.74522,1.00,1.31
2016.12.07 14:23:35.861,0.74516,0.74523,1.00,1.50
2016.12.07 14:23:35.913,0.74516,0.74525,1.00,1.12
2016.12.07 14:23:36.419,0.74515,0.74525,3.37,1.00
2016.12.07 14:23:36.798,0.74517,0.74525,1.00,1.00
2016.12.07 14:23:38.959,0.74517,0.74526,1.00,1.23
2016.12.07 14:23:39.263,0.74522,0.74531,1.00,2.81
2016.12.07 14:23:39.792,0.74522,0.74531,1.00,1.69
2016.12.07 14:23:40.097,0.74524,0.74531,1.00,1.69
2016.12.07 14:23:47.047,0.74523,0.74531,1.00,3.19
2016.12.07 14:23:49.898,0.74522,0.74531,1.00,3.56
2016.12.07 14:23:50.202,0.7452,0.74531,2.44,4.69
2016.12.07 14:23:50.734,0.74521,0.74531,1.00,4.69
2016.12.07 14:23:51.102,0.74521,0.74531,1.00,3.94
2016.12.07 14:23:51.631,0.74522,0.74531,1.00,3.19
2016.12.07 14:23:52.036,0.74525,0.74531,1.00,3.19
2016.12.07 14:23:52.188,0.74522,0.74531,1.12,1.25
2016.12.07 14:23:53.200,0.74522,0.7453,1.12,1.50
2016.12.07 14:23:53.857,0.74521,0.7453,1.50,1.50
2016.12.07 14:23:53.908,0.7452,0.74528,3.00,1.00
2016.12.07 14:23:54.213,0.7452,0.74526,1.50,1.50
2016.12.07 14:23:54.264,0.74516,0.74526,1.69,1.50
2016.12.07 14:23:54.416,0.74515,0.74524,1.50,1.00
2016.12.07 14:23:54.943,0.74518,0.74526,1.00,1.69
2016.12.07 14:23:55.197,0.74516,0.74526,2.25,1.25
2016.12.07 14:23:55.501,0.74521,0.74527,1.00,1.12
2016.12.07 14:23:55.653,0.74521,0.7453,1.00,1.31
2016.12.07 14:23:57.385,0.7452,0.7453,1.50,3.19
2016.12.07 14:23:57.436,0.74522,0.7453,1.00,1.25
2016.12.07 14:23:58.866,0.74522,0.7453,1.00,1.62
2016.12.07 14:23:59.068,0.74519,0.7453,4.12,2.06
2016.12.07 14:23:59.578,0.74519,0.7453,4.12,2.81
2016.12.07 14:24:00.086,0.74519,0.74529,2.25,1.87
2016.12.07 14:24:00.594,0.7452,0.74529,1.00,1.12
2016.12.07 14:24:01.102,0.74519,0.74529,1.87,1.12
2016.12.07 14:24:01.846,0.74519,0.74529,1.50,2.62
2016.12.07 14:24:02.503,0.74519,0.74529,1.50,1.12
2016.12.07 14:24:03.021,0.74519,0.74529,1.50,1.87
2016.12.07 14:24:03.542,0.74519,0.74529,1.50,1.00
2016.12.07 14:24:06.190,0.7452,0.74529,2.25,1.12
2016.12.07 14:24:15.509,0.74518,0.74524,1.31,1.00
2016.12.07 14:24:15.663,0.74513,0.74522,1.25,1.12
2016.12.07 14:24:16.018,0.74512,0.7452,1.00,1.00
2016.12.07 14:24:16.373,0.74514,0.74521,1.00,2.06
2016.12.07 14:24:16.880,0.74513,0.74521,1.00,2.06
2016.12.07 14:24:17.715,0.74512,0.74521,1.00,2.06
2016.12.07 14:24:22.323,0.74513,0.74521,1.00,3.94
2016.12.07 14:24:22.840,0.74512,0.74521,1.50,3.94
2016.12.07 14:24:23.699,0.74512,0.7452,1.00,1.00
2016.12.07 14:24:24.306,0.74511,0.7452,1.12,2.25
2016.12.07 14:24:24.812,0.7451,0.74519,3.75,1.12
2016.12.07 14:24:25.521,0.74512,0.74519,1.00,1.00
2016.12.07 14:24:26.027,0.74511,0.74519,1.12,1.00
2016.12.07 14:24:30.295,0.74512,0.74519,1.00,1.00
2016.12.07 14:24:30.346,0.74512,0.74521,1.00,1.87
2016.12.07 14:24:30.499,0.74514,0.74521,1.00,1.87
2016.12.07 14:24:31.005,0.74514,0.74521,1.00,1.00
2016.12.07 14:24:31.516,0.74515,0.74522,1.00,1.25
2016.12.07 14:24:31.567,0.74513,0.74522,2.25,1.69
2016.12.07 14:24:32.074,0.74514,0.74522,1.00,1.31
2016.12.07 14:24:33.436,0.74515,0.74522,1.00,1.25
2016.12.07 14:24:33.588,0.74513,0.74522,2.25,1.25
2016.12.07 14:24:34.090,0.74514,0.74522,1.00,1.25
2016.12.07 14:24:39.842,0.74515,0.74523,1.00,1.87
2016.12.07 14:24:40.348,0.74514,0.74523,1.00,1.00
2016.12.07 14:24:41.626,0.74515,0.74523,1.00,1.87
2016.12.07 14:24:42.132,0.74514,0.74523,1.50,1.87
2016.12.07 14:24:42.639,0.74513,0.74523,1.87,2.25
2016.12.07 14:24:43.181,0.74513,0.74523,1.00,1.12
2016.12.07 14:24:44.226,0.74514,0.74523,1.00,1.12
2016.12.07 14:24:45.250,0.74514,0.74523,1.00,1.87
2016.12.07 14:24:45.790,0.74514,0.74523,1.00,1.00
2016.12.07 14:24:46.455,0.74513,0.74523,1.00,1.00
2016.12.07 14:24:46.977,0.74514,0.74523,1.00,1.00
2016.12.07 14:24:48.250,0.74513,0.74523,2.62,1.00
2016.12.07 14:24:48.351,0.74516,0.74523,1.00,1.00
2016.12.07 14:24:48.898,0.74515,0.74523,1.50,1.00
2016.12.07 14:24:50.502,0.74514,0.74523,1.00,1.00
2016.12.07 14:24:53.743,0.74515,0.74523,1.00,1.00
2016.12.07 14:25:00.490,0.74518,0.74524,1.50,1.00
2016.12.07 14:25:00.592,0.74519,0.74527,1.50,1.87
2016.12.07 14:25:00.694,0.74519,0.74528,1.00,3.56
2016.12.07 14:25:14.632,0.74518,0.74526,2.62,1.00
2016.12.07 14:25:14.785,0.74514,0.74524,3.00,2.25
2016.12.07 14:25:15.302,0.74514,0.74524,2.25,3.37
2016.12.07 14:25:16.465,0.74515,0.74524,1.50,2.25
2016.12.07 14:25:16.990,0.74515,0.74524,1.00,1.87
2016.12.07 14:25:19.860,0.74514,0.74524,1.50,3.37
2016.12.07 14:25:20.365,0.74513,0.74524,1.12,1.50
2016.12.07 14:25:21.209,0.74514,0.74524,1.00,1.50
2016.12.07 14:25:21.714,0.74515,0.74524,1.00,1.50
2016.12.07 14:25:22.760,0.74514,0.74524,1.00,1.50
2016.12.07 14:25:28.749,0.74513,0.74524,1.12,4.12
2016.12.07 14:25:28.851,0.74515,0.74524,1.00,4.12
2016.12.07 14:25:29.103,0.74513,0.74524,1.12,4.12
2016.12.07 14:25:29.705,0.74514,0.74524,1.00,1.50
2016.12.07 14:25:30.797,0.74515,0.74524,1.00,1.50
2016.12.07 14:25:31.047,0.74513,0.74524,1.87,1.50
2016.12.07 14:25:31.727,0.74513,0.74523,2.62,1.50
2016.12.07 14:25:32.233,0.74514,0.74523,1.00,1.50
2016.12.07 14:25:32.790,0.74513,0.74523,2.62,1.50
2016.12.07 14:25:33.991,0.74512,0.74521,1.31,2.25
2016.12.07 14:25:34.499,0.74511,0.74521,1.12,3.19
2016.12.07 14:25:40.456,0.74513,0.74521,1.00,1.25
2016.12.07 14:25:40.558,0.74514,0.74523,1.50,1.50
2016.12.07 14:25:40.660,0.74517,0.74524,1.00,2.81
2016.12.07 14:25:40.863,0.74515,0.74525,1.00,1.87
2016.12.07 14:25:42.102,0.74516,0.74525,1.00,3.00
2016.12.07 14:25:42.623,0.74515,0.74525,1.00,2.25
2016.12.07 14:25:44.670,0.74514,0.74525,2.44,1.12
2016.12.07 14:25:46.825,0.74516,0.74525,1.00,1.12
2016.12.07 14:25:47.282,0.74518,0.74525,1.00,1.12
2016.12.07 14:25:47.385,0.74519,0.74527,2.25,1.25
2016.12.07 14:25:47.993,0.74519,0.7453,3.56,5.44
2016.12.07 14:25:48.971,0.74519,0.74529,3.56,1.00
2016.12.07 14:25:49.174,0.74519,0.74527,1.31,2.25
2016.12.07 14:25:49.276,0.74515,0.74525,2.25,1.00
2016.12.07 14:25:49.328,0.74514,0.74523,1.50,1.69
2016.12.07 14:25:49.660,0.74513,0.74523,3.19,1.25
2016.12.07 14:25:50.190,0.74514,0.74523,1.00,1.25
2016.12.07 14:25:50.696,0.74515,0.74523,1.00,1.31
2016.12.07 14:25:51.203,0.74514,0.74523,2.62,1.25
2016.12.07 14:25:51.455,0.74515,0.74525,1.00,5.62
2016.12.07 14:25:54.376,0.74517,0.74525,2.25,1.00
2016.12.07 14:25:54.579,0.74517,0.74527,2.25,1.25
2016.12.07 14:25:54.630,0.74515,0.74526,4.87,1.50
2016.12.07 14:25:55.136,0.74514,0.74526,2.81,5.25
2016.12.07 14:25:55.644,0.74515,0.74525,1.00,1.00
2016.12.07 14:25:56.491,0.74514,0.74525,1.31,1.12
2016.12.07 14:25:56.996,0.74514,0.74526,2.06,5.25
2016.12.07 14:26:00.591,0.74515,0.74526,1.00,6.75
2016.12.07 14:26:01.095,0.74514,0.74526,1.69,5.25
2016.12.07 14:26:02.957,0.74514,0.74525,1.69,1.87
2016.12.07 14:26:03.109,0.74516,0.74524,1.00,1.50
2016.12.07 14:26:03.841,0.74515,0.74524,1.00,2.62
2016.12.07 14:26:04.349,0.74516,0.74525,1.00,1.12
2016.12.07 14:26:04.854,0.74515,0.74525,1.50,1.12
2016.12.07 14:26:06.761,0.74514,0.74523,2.06,1.00
2016.12.07 14:26:07.368,0.74512,0.74523,3.19,2.25
2016.12.07 14:26:07.874,0.74513,0.74523,1.50,1.87
2016.12.07 14:26:10.493,0.74512,0.74523,5.06,2.25
2016.12.07 14:26:11.052,0.74512,0.74523,1.69,3.37
2016.12.07 14:26:21.615,0.74512,0.74523,3.94,3.00
2016.12.07 14:26:27.096,0.74512,0.74522,2.44,3.00
2016.12.07 14:26:27.624,0.74512,0.74521,2.44,1.50
2016.12.07 14:26:28.130,0.74512,0.74522,2.44,2.25
2016.12.07 14:26:29.215,0.74512,0.74522,3.19,3.00
2016.12.07 14:26:34.784,0.7451,0.7452,1.12,3.56
2016.12.07 14:26:34.835,0.7451,0.7452,1.12,5.44
2016.12.07 14:26:35.342,0.74511,0.7452,1.87,2.44
2016.12.07 14:26:38.857,0.74512,0.74521,1.69,1.00
2016.12.07 14:26:38.958,0.74513,0.74523,1.00,1.69
2016.12.07 14:26:40.005,0.74513,0.74522,1.00,1.00
2016.12.07 14:26:40.511,0.74512,0.74523,1.69,3.94
2016.12.07 14:26:40.915,0.74512,0.74521,1.69,1.00
2016.12.07 14:26:41.220,0.7451,0.74519,1.87,1.62
2016.12.07 14:26:41.725,0.74511,0.74519,2.85,1.25
2016.12.07 14:26:45.098,0.74512,0.74519,1.00,1.25
2016.12.07 14:26:45.300,0.74509,0.74518,1.50,1.00
2016.12.07 14:26:45.503,0.74508,0.74518,3.94,3.00
2016.12.07 14:26:45.995,0.74512,0.74519,1.00,1.69
2016.12.07 14:26:46.504,0.74513,0.74519,1.00,1.25
2016.12.07 14:26:51.923,0.7451,0.74519,1.87,1.25
2016.12.07 14:26:52.024,0.74509,0.74518,1.12,3.75
2016.12.07 14:26:52.126,0.74508,0.74516,1.25,1.00
2016.12.07 14:26:52.228,0.74504,0.74514,1.87,1.87
2016.12.07 14:26:52.770,0.74505,0.74515,1.00,2.44
2016.12.07 14:26:55.781,0.74505,0.74515,1.00,1.69
2016.12.07 14:26:57.267,0.74506,0.74515,1.00,1.69
2016.12.07 14:26:57.571,0.74508,0.74517,1.00,4.12
2016.12.07 14:26:58.076,0.74509,0.74518,1.00,3.75
2016.12.07 14:26:59.241,0.74511,0.74519,1.00,3.19
2016.12.07 14:26:59.467,0.74511,0.74521,1.00,1.00
2016.12.07 14:26:59.874,0.74511,0.7452,1.00,1.50
2016.12.07 14:27:00.393,0.74509,0.74519,1.50,1.31
2016.12.07 14:27:00.930,0.74512,0.74519,1.00,1.31
2016.12.07 14:27:02.596,0.74512,0.7452,1.00,1.00
2016.12.07 14:27:03.715,0.74512,0.74521,1.00,3.94
2016.12.07 14:27:04.255,0.74512,0.7452,1.00,1.00
2016.12.07 14:27:05.220,0.74512,0.74519,1.00,1.00
2016.12.07 14:27:05.726,0.74511,0.74519,1.00,1.00
2016.12.07 14:27:06.232,0.7451,0.74519,2.06,1.00
2016.12.07 14:27:06.895,0.7451,0.7452,1.69,2.25
2016.12.07 14:27:08.583,0.7451,0.74518,1.00,1.25
2016.12.07 14:27:09.038,0.7451,0.74516,1.12,1.25
2016.12.07 14:27:09.140,0.74507,0.74516,2.62,2.44
2016.12.07 14:27:09.292,0.74506,0.74516,1.00,3.94
2016.12.07 14:27:10.761,0.74506,0.74515,1.00,1.00
2016.12.07 14:27:11.268,0.74505,0.74514,1.25,1.00
2016.12.07 14:27:12.343,0.74505,0.74515,1.25,1.00
2016.12.07 14:27:12.849,0.74505,0.74516,1.69,5.81
2016.12.07 14:27:13.645,0.74507,0.74516,1.00,5.06
2016.12.07 14:27:13.951,0.74509,0.74516,1.00,1.25
2016.12.07 14:27:14.306,0.7451,0.74519,1.12,1.62
2016.12.07 14:27:14.509,0.74512,0.74519,1.00,1.25
2016.12.07 14:27:15.316,0.74511,0.74519,1.00,1.25
2016.12.07 14:27:15.620,0.74513,0.74522,1.00,5.44
2016.12.07 14:27:16.505,0.7451,0.74518,1.87,2.25
2016.12.07 14:27:16.608,0.74509,0.74518,1.69,1.50
2016.12.07 14:27:17.118,0.74509,0.74518,1.69,2.25
2016.12.07 14:27:17.725,0.74509,0.74518,1.69,1.50
2016.12.07 14:27:18.255,0.74509,0.74519,1.69,3.37
2016.12.07 14:27:19.292,0.74509,0.74517,1.25,2.25
2016.12.07 14:27:19.749,0.74505,0.74515,2.06,1.50
2016.12.07 14:27:20.255,0.74505,0.74514,1.69,1.12
2016.12.07 14:27:24.094,0.74506,0.74516,1.00,8.25
2016.12.07 14:27:24.612,0.74505,0.74514,1.69,1.50
2016.12.07 14:27:25.117,0.74506,0.74516,1.00,4.12
2016.12.07 14:27:25.706,0.74507,0.74515,1.00,2.25
2016.12.07 14:27:25.757,0.74505,0.74515,1.69,1.50
2016.12.07 14:27:26.468,0.74505,0.74514,1.69,1.00
2016.12.07 14:27:28.152,0.74507,0.74517,1.50,4.50
2016.12.07 14:27:28.456,0.74511,0.7452,1.00,3.37
2016.12.07 14:27:29.215,0.74511,0.74519,1.00,1.00
2016.12.07 14:27:29.747,0.74511,0.7452,1.00,1.50
2016.12.07 14:27:30.304,0.74511,0.74521,1.00,6.75
2016.12.07 14:27:31.330,0.74511,0.7452,1.00,1.00
2016.12.07 14:27:32.038,0.74511,0.74521,1.00,6.37
2016.12.07 14:27:32.548,0.74511,0.7452,1.00,1.50
2016.12.07 14:27:33.069,0.74511,0.74519,1.00,1.00
2016.12.07 14:27:33.596,0.74511,0.7452,1.00,3.00
2016.12.07 14:27:34.103,0.7451,0.7452,1.00,1.50
2016.12.07 14:27:34.408,0.74509,0.74515,1.25,1.00
2016.12.07 14:27:34.459,0.74505,0.74515,2.06,1.50
2016.12.07 14:27:35.010,0.74505,0.74514,2.44,1.00
2016.12.07 14:27:40.768,0.74506,0.74515,1.00,1.37
2016.12.07 14:27:41.274,0.74505,0.74515,1.69,1.50
2016.12.07 14:27:49.794,0.74507,0.74516,1.00,1.75
2016.12.07 14:27:49.947,0.74508,0.74518,1.00,6.56
2016.12.07 14:27:50.467,0.74508,0.74514,1.00,1.25
2016.12.07 14:27:51.748,0.74507,0.74514,1.00,1.25
2016.12.07 14:27:51.951,0.74509,0.74518,1.00,1.00
2016.12.07 14:27:52.457,0.7451,0.74519,1.00,1.25
2016.12.07 14:27:56.583,0.7451,0.74521,1.69,3.19
2016.12.07 14:27:58.946,0.74512,0.74521,1.00,2.44
2016.12.07 14:27:59.452,0.74513,0.74521,1.00,1.25
2016.12.07 14:28:03.811,0.74514,0.74521,1.00,1.25
2016.12.07 14:28:04.390,0.74513,0.74521,1.00,1.25
2016.12.07 14:28:04.896,0.74512,0.74521,1.50,1.25
2016.12.07 14:28:08.382,0.74513,0.74521,1.00,1.25
2016.12.07 14:28:08.895,0.74512,0.74521,3.00,1.25
2016.12.07 14:28:09.574,0.74513,0.74521,1.00,1.25
2016.12.07 14:28:10.124,0.74512,0.74521,3.00,1.25
2016.12.07 14:28:10.690,0.74513,0.74521,1.00,1.25
2016.12.07 14:28:11.237,0.74512,0.74521,3.75,1.25
2016.12.07 14:28:11.820,0.74513,0.74522,1.25,1.50
2016.12.07 14:28:12.730,0.74512,0.74521,1.00,3.19
2016.12.07 14:28:14.705,0.74511,0.74521,1.12,1.69
2016.12.07 14:28:15.569,0.74512,0.74521,1.50,1.25
2016.12.07 14:28:16.479,0.74511,0.74521,5.25,1.25
2016.12.07 14:28:17.041,0.74512,0.74521,1.50,1.25
2016.12.07 14:28:18.907,0.74513,0.74521,1.00,1.25
2016.12.07 14:28:30.407,0.74513,0.74522,1.00,1.31
2016.12.07 14:28:39.435,0.74516,0.74524,1.00,1.37
2016.12.07 14:28:39.537,0.74515,0.74525,3.19,1.00
2016.12.07 14:28:39.790,0.74514,0.74523,2.25,1.25
2016.12.07 14:28:40.296,0.74513,0.74523,3.56,3.19
2016.12.07 14:28:48.943,0.74513,0.74523,1.31,4.31
2016.12.07 14:28:54.040,0.74513,0.74523,1.25,2.06
2016.12.07 14:28:57.415,0.74513,0.74524,1.50,4.31
2016.12.07 14:28:58.637,0.74513,0.74523,1.00,1.50
2016.12.07 14:29:01.299,0.74515,0.74523,1.00,3.37
2016.12.07 14:29:04.513,0.74515,0.74524,1.00,5.81
2016.12.07 14:29:04.817,0.74515,0.74522,1.00,1.00
2016.12.07 14:29:04.969,0.74513,0.74521,1.12,1.00
2016.12.07 14:29:05.491,0.74514,0.74523,1.00,1.50
2016.12.07 14:29:06.339,0.74517,0.74523,1.00,1.00
2016.12.07 14:29:06.491,0.74517,0.74525,1.00,1.50
2016.12.07 14:29:06.744,0.74515,0.74523,1.00,1.00
2016.12.07 14:29:08.562,0.74516,0.74524,1.00,2.44
2016.12.07 14:29:08.665,0.74517,0.74525,1.00,1.00
2016.12.07 14:29:08.867,0.74518,0.74527,1.00,1.31
2016.12.07 14:29:09.122,0.74517,0.74525,1.12,1.00
2016.12.07 14:29:09.629,0.74517,0.74525,1.00,1.87
2016.12.07 14:29:11.253,0.74516,0.74525,1.00,2.62
2016.12.07 14:29:11.773,0.74516,0.74525,1.00,1.87
2016.12.07 14:29:12.482,0.74516,0.74526,1.00,1.12
2016.12.07 14:29:12.785,0.74516,0.74523,1.00,1.25
2016.12.07 14:29:12.988,0.74517,0.74527,1.12,3.19
2016.12.07 14:29:13.238,0.74516,0.74524,1.87,1.25
2016.12.07 14:29:14.750,0.74518,0.74524,1.00,1.25
2016.12.07 14:29:15.253,0.74516,0.74524,1.50,1.25
2016.12.07 14:29:15.415,0.74517,0.74527,1.12,3.00
2016.12.07 14:29:15.517,0.74519,0.74527,1.00,1.87
2016.12.07 14:29:15.619,0.74517,0.74527,1.12,4.50
2016.12.07 14:29:16.342,0.74518,0.74527,1.00,1.87
2016.12.07 14:29:17.000,0.74519,0.74527,1.00,1.87
2016.12.07 14:29:18.963,0.74516,0.74525,1.69,1.00
2016.12.07 14:29:19.468,0.74515,0.74526,1.50,2.06
2016.12.07 14:29:19.774,0.74517,0.74526,1.00,1.25
2016.12.07 14:29:19.926,0.74515,0.74526,1.87,1.69
2016.12.07 14:29:20.938,0.74518,0.74526,1.00,1.25
2016.12.07 14:29:21.443,0.74517,0.74526,1.00,1.25
2016.12.07 14:29:21.949,0.74516,0.74527,2.81,2.62
2016.12.07 14:29:22.479,0.74518,0.74529,1.00,2.44
2016.12.07 14:29:22.581,0.74519,0.7453,1.25,2.62
2016.12.07 14:29:22.783,0.7452,0.7453,2.62,1.00
2016.12.07 14:29:23.289,0.74521,0.74531,1.50,1.50
2016.12.07 14:29:24.510,0.74521,0.7453,1.87,1.00
2016.12.07 14:29:25.385,0.74521,0.74531,1.00,1.00
2016.12.07 14:29:25.741,0.74521,0.74529,1.00,1.00
2016.12.07 14:29:26.096,0.74521,0.74531,1.00,1.00
2016.12.07 14:29:27.588,0.74519,0.74527,2.62,1.00
2016.12.07 14:29:27.748,0.74517,0.74525,1.25,1.00
2016.12.07 14:29:27.904,0.74514,0.74524,2.25,1.00
2016.12.07 14:29:27.955,0.74514,0.74522,1.00,1.12
2016.12.07 14:29:28.159,0.7451,0.74519,2.81,1.00
2016.12.07 14:29:28.210,0.7451,0.74517,2.06,1.00
2016.12.07 14:29:28.503,0.74507,0.74517,2.44,1.12
2016.12.07 14:29:28.706,0.74508,0.74514,1.00,1.00
2016.12.07 14:29:28.757,0.74508,0.74516,1.00,1.12
2016.12.07 14:29:29.162,0.74508,0.74518,1.00,1.50
2016.12.07 14:29:29.214,0.74508,0.74515,1.00,1.00
2016.12.07 14:29:29.719,0.74508,0.74516,1.00,1.00
2016.12.07 14:29:31.047,0.74507,0.74517,4.69,1.00
2016.12.07 14:29:31.353,0.74511,0.7452,1.00,1.12
2016.12.07 14:29:31.946,0.7451,0.7452,1.50,1.12
2016.12.07 14:29:32.629,0.74512,0.7452,1.25,1.12
2016.12.07 14:29:32.789,0.7451,0.7452,1.50,1.12
2016.12.07 14:29:34.145,0.74515,0.74522,1.00,3.37
2016.12.07 14:29:34.550,0.74513,0.74521,1.00,1.00
2016.12.07 14:29:35.068,0.74512,0.7452,1.25,1.00
2016.12.07 14:29:38.892,0.74512,0.74521,1.25,2.25
2016.12.07 14:29:39.402,0.74512,0.7452,1.69,1.00
2016.12.07 14:29:40.510,0.74512,0.74519,1.69,1.00
2016.12.07 14:29:40.562,0.7451,0.74516,1.00,1.00
2016.12.07 14:29:40.664,0.74508,0.74516,3.00,1.00
2016.12.07 14:29:40.917,0.74508,0.74518,1.00,1.87
2016.12.07 14:29:41.019,0.74507,0.74515,1.00,1.00
2016.12.07 14:29:41.223,0.74505,0.74515,2.06,1.00
2016.12.07 14:29:41.786,0.74505,0.74514,1.31,1.00
2016.12.07 14:29:42.192,0.74505,0.74512,1.25,1.00
2016.12.07 14:29:47.055,0.74506,0.74516,1.00,2.06
2016.12.07 14:29:47.106,0.74508,0.74516,1.00,2.06
2016.12.07 14:29:47.410,0.7451,0.74518,1.00,2.06
2016.12.07 14:29:47.922,0.74509,0.74518,1.00,2.06
2016.12.07 14:29:48.226,0.74505,0.74514,3.19,1.00
2016.12.07 14:29:48.738,0.74505,0.74514,1.69,1.50
2016.12.07 14:29:49.296,0.74505,0.74514,1.69,1.00
2016.12.07 14:29:50.612,0.74506,0.74514,1.00,2.25
2016.12.07 14:29:51.078,0.74505,0.74512,1.25,1.00
2016.12.07 14:29:51.232,0.74503,0.74511,1.50,1.00
2016.12.07 14:29:51.689,0.74504,0.74513,1.00,1.69
2016.12.07 14:29:51.841,0.74506,0.74513,1.00,1.69
2016.12.07 14:29:52.097,0.74504,0.74513,1.00,1.69
2016.12.07 14:29:52.400,0.74507,0.74513,1.00,1.00
2016.12.07 14:29:52.451,0.74506,0.74515,1.00,1.50
2016.12.07 14:29:52.502,0.74508,0.74515,1.00,1.50
2016.12.07 14:29:53.026,0.74507,0.74515,1.00,1.00
2016.12.07 14:29:53.541,0.74506,0.74515,1.00,1.00
2016.12.07 14:29:54.174,0.74507,0.74515,1.00,1.00
2016.12.07 14:29:54.690,0.74506,0.74515,1.00,1.00
2016.12.07 14:29:55.346,0.74508,0.74517,1.00,4.31
2016.12.07 14:29:55.448,0.74509,0.74519,1.50,3.94
2016.12.07 14:29:57.333,0.74511,0.74518,1.00,1.00
2016.12.07 14:29:57.437,0.74509,0.74519,1.00,1.69
2016.12.07 14:29:57.539,0.74508,0.74513,3.00,1.00
2016.12.07 14:29:57.641,0.74505,0.74515,1.12,1.87
2016.12.07 14:29:57.691,0.74505,0.74515,1.00,1.37
2016.12.07 14:29:57.996,0.74503,0.74511,1.87,1.50
2016.12.07 14:29:58.102,0.74501,0.74511,4.69,1.87
2016.12.07 14:29:58.619,0.74502,0.7451,1.00,1.12
2016.12.07 14:29:59.125,0.74501,0.7451,2.44,1.50
2016.12.07 14:29:59.683,0.74502,0.7451,1.00,1.50
2016.12.07 14:30:00.244,0.74498,0.74505,4.87,1.00
2016.12.07 14:30:00.295,0.74497,0.74505,2.44,1.00
2016.12.07 14:30:00.502,0.74495,0.74504,1.69,1.00
2016.12.07 14:30:00.806,0.74497,0.74506,1.00,3.19
2016.12.07 14:30:01.009,0.74499,0.74509,1.69,1.87
2016.12.07 14:30:01.759,0.74499,0.74506,1.25,1.00
2016.12.07 14:30:02.268,0.74499,0.74507,1.25,1.12
2016.12.07 14:30:04.307,0.74497,0.74506,1.50,1.00
2016.12.07 14:30:04.409,0.74496,0.74504,1.69,1.00
2016.12.07 14:30:04.815,0.74498,0.74506,1.50,1.00
2016.12.07 14:30:06.746,0.74499,0.74507,1.50,2.06
2016.12.07 14:30:07.049,0.74501,0.74507,1.00,1.25
2016.12.07 14:30:09.437,0.74501,0.74509,1.50,1.00
2016.12.07 14:30:09.488,0.74501,0.74511,1.00,1.69
2016.12.07 14:30:09.539,0.74503,0.74511,1.00,1.69
2016.12.07 14:30:10.652,0.74503,0.7451,1.00,1.00
2016.12.07 14:30:11.176,0.74502,0.7451,1.00,1.00
2016.12.07 14:30:11.681,0.74502,0.74511,1.00,1.25
2016.12.07 14:30:12.187,0.74503,0.74511,1.00,1.25
2016.12.07 14:30:12.564,0.74505,0.74511,1.00,1.25
2016.12.07 14:30:13.368,0.74505,0.74513,1.00,1.87
2016.12.07 14:30:14.057,0.74505,0.74514,1.00,1.37
2016.12.07 14:30:14.361,0.74509,0.74518,1.00,1.50
2016.12.07 14:30:15.019,0.74509,0.74519,1.00,3.19
2016.12.07 14:30:15.322,0.74511,0.74519,1.00,1.25
2016.12.07 14:30:15.727,0.74509,0.74518,1.12,1.00
2016.12.07 14:30:15.913,0.74507,0.74515,1.00,1.00
2016.12.07 14:30:15.964,0.74505,0.74514,1.00,1.00
2016.12.07 14:30:16.490,0.74504,0.74514,1.00,1.12
2016.12.07 14:30:17.149,0.74508,0.74515,1.00,3.94
2016.12.07 14:30:17.650,0.74507,0.74517,1.69,2.62
2016.12.07 14:30:23.299,0.74507,0.74514,1.25,1.00
2016.12.07 14:30:23.603,0.74502,0.74508,1.87,1.00
2016.12.07 14:30:24.110,0.74501,0.74509,1.50,1.00
2016.12.07 14:30:32.851,0.745,0.74509,2.81,1.00
2016.12.07 14:30:33.156,0.74503,0.74511,1.00,1.25
2016.12.07 14:30:33.662,0.74502,0.74511,1.00,4.31
2016.12.07 14:30:34.064,0.74498,0.74508,1.50,3.75
2016.12.07 14:30:34.369,0.74497,0.74505,1.00,1.87
2016.12.07 14:30:34.572,0.74498,0.74506,1.00,1.12
2016.12.07 14:30:34.623,0.745,0.74506,1.00,1.12
2016.12.07 14:30:35.129,0.745,0.74507,1.00,1.00
2016.12.07 14:30:35.831,0.745,0.74506,1.00,1.00
2016.12.07 14:30:36.437,0.74501,0.74506,1.00,1.00
2016.12.07 14:30:37.449,0.74501,0.74508,1.00,1.00
2016.12.07 14:30:38.708,0.74502,0.74508,1.00,1.00
2016.12.07 14:30:39.317,0.74502,0.74507,1.00,1.50
2016.12.07 14:30:39.368,0.74499,0.74506,1.00,1.50
2016.12.07 14:30:39.419,0.74497,0.74506,1.50,1.50
2016.12.07 14:30:39.580,0.74497,0.74506,1.00,3.37
2016.12.07 14:30:40.088,0.74496,0.74506,1.69,3.37
2016.12.07 14:30:40.666,0.74498,0.74507,1.00,1.00
2016.12.07 14:30:41.122,0.745,0.74508,1.00,3.75
2016.12.07 14:30:43.449,0.74501,0.74509,1.00,8.06
2016.12.07 14:30:43.956,0.74501,0.74509,1.00,6.94
2016.12.07 14:30:44.057,0.74499,0.74509,1.00,5.81
2016.12.07 14:30:46.054,0.74499,0.74509,1.00,5.44
2016.12.07 14:30:46.105,0.74501,0.74509,1.00,4.31
2016.12.07 14:30:47.123,0.745,0.74508,1.00,1.00
2016.12.07 14:30:48.780,0.745,0.74509,1.00,3.56
2016.12.07 14:30:49.084,0.74503,0.74509,1.00,1.25
2016.12.07 14:30:49.185,0.74503,0.74511,1.00,1.50
2016.12.07 14:30:52.472,0.74505,0.74512,1.00,1.25
2016.12.07 14:30:52.624,0.74505,0.74514,3.75,1.00
2016.12.07 14:30:53.092,0.74508,0.74515,1.00,1.37
2016.12.07 14:30:53.652,0.74508,0.74516,1.69,1.87
2016.12.07 14:30:53.857,0.74505,0.74515,1.00,1.75
2016.12.07 14:30:54.361,0.74504,0.74515,2.44,1.87
2016.12.07 14:30:57.032,0.74507,0.74515,1.00,2.25
2016.12.07 14:30:57.185,0.74506,0.74515,1.00,1.00
2016.12.07 14:30:57.721,0.74507,0.74515,1.00,1.12
2016.12.07 14:31:00.807,0.74506,0.74515,1.00,1.12
2016.12.07 14:31:00.858,0.74505,0.74513,1.50,1.00
2016.12.07 14:31:00.908,0.74505,0.74515,2.25,1.12
2016.12.07 14:31:00.960,0.74505,0.74513,2.25,1.00
2016.12.07 14:31:01.485,0.74504,0.74512,1.25,1.00
2016.12.07 14:31:02.739,0.74502,0.74511,3.94,1.00
2016.12.07 14:31:04.950,0.74504,0.74511,2.44,1.00
2016.12.07 14:31:05.002,0.74505,0.74513,1.50,1.12
2016.12.07 14:31:05.411,0.74504,0.74511,1.25,1.00
2016.12.07 14:31:05.968,0.74504,0.74512,1.50,1.00
2016.12.07 14:31:06.942,0.74505,0.74513,1.00,1.25
2016.12.07 14:31:07.450,0.74505,0.74514,1.00,1.12
2016.12.07 14:31:07.981,0.74506,0.74514,1.00,1.12
2016.12.07 14:31:10.280,0.74505,0.74512,1.00,1.00
2016.12.07 14:31:10.381,0.74503,0.74512,1.00,1.00
2016.12.07 14:31:12.291,0.74504,0.74512,1.00,1.00
2016.12.07 14:31:14.270,0.74505,0.74512,1.00,2.25
2016.12.07 14:31:15.840,0.74506,0.74514,1.00,1.87
2016.12.07 14:31:16.385,0.74507,0.74515,1.00,2.06
2016.12.07 14:31:19.781,0.74505,0.74515,1.00,2.06
2016.12.07 14:31:19.883,0.74505,0.74513,1.00,1.00
2016.12.07 14:31:19.934,0.74503,0.74513,1.00,1.00
2016.12.07 14:31:27.844,0.74504,0.74513,1.00,1.00
2016.12.07 14:31:28.373,0.74504,0.74514,1.00,1.50
2016.12.07 14:31:34.896,0.74504,0.74513,1.00,1.50
2016.12.07 14:31:35.402,0.74503,0.74513,1.00,2.62
2016.12.07 14:31:37.539,0.74505,0.74514,1.00,1.87
2016.12.07 14:31:38.045,0.74506,0.74515,1.00,1.69
2016.12.07 14:31:39.106,0.74508,0.74515,1.00,1.69
2016.12.07 14:31:39.621,0.74507,0.74515,1.69,1.50
2016.12.07 14:31:42.254,0.74511,0.74516,1.00,1.37
2016.12.07 14:31:42.404,0.7451,0.74518,1.00,1.25
2016.12.07 14:31:42.506,0.74511,0.74521,1.00,5.25
2016.12.07 14:31:42.961,0.74513,0.74522,1.00,3.94
2016.12.07 14:31:46.940,0.74513,0.74521,1.00,1.00
2016.12.07 14:31:47.143,0.74508,0.74517,1.50,1.87
2016.12.07 14:31:47.711,0.74506,0.74516,2.44,2.62
2016.12.07 14:31:48.723,0.74507,0.74516,1.50,1.00
2016.12.07 14:31:48.977,0.74507,0.74515,1.00,1.37
2016.12.07 14:31:50.185,0.74507,0.74517,1.00,3.37
2016.12.07 14:31:50.236,0.74507,0.74517,1.00,2.62
2016.12.07 14:31:52.462,0.74508,0.74517,1.00,1.12
2016.12.07 14:31:52.513,0.74511,0.74517,1.00,1.50
2016.12.07 14:31:52.685,0.74511,0.74519,1.00,1.69
2016.12.07 14:31:53.192,0.74512,0.74519,1.00,1.25
2016.12.07 14:31:54.208,0.74512,0.7452,1.00,1.00
2016.12.07 14:31:54.713,0.74511,0.7452,1.00,1.00
2016.12.07 14:31:55.218,0.7451,0.7452,1.00,1.00
2016.12.07 14:31:57.142,0.74511,0.74521,1.00,4.50
2016.12.07 14:31:57.649,0.74511,0.7452,1.00,1.00
2016.12.07 14:31:58.358,0.74511,0.74521,1.00,4.12
2016.12.07 14:32:00.537,0.74512,0.74521,1.00,1.12
2016.12.07 14:32:01.044,0.74512,0.74522,1.00,2.81
2016.12.07 14:32:03.209,0.74512,0.74521,1.00,1.00
2016.12.07 14:32:03.716,0.74512,0.7452,1.00,1.00
2016.12.07 14:32:04.274,0.74512,0.74521,1.00,1.87
2016.12.07 14:32:04.803,0.74512,0.74521,1.00,2.62
2016.12.07 14:32:05.693,0.74512,0.74521,1.00,1.87
2016.12.07 14:32:06.241,0.74512,0.7452,1.00,1.00
2016.12.07 14:32:06.694,0.7451,0.7452,1.00,2.62
2016.12.07 14:32:07.812,0.74511,0.7452,1.00,3.37
2016.12.07 14:32:11.949,0.74511,0.74521,1.00,2.62
2016.12.07 14:32:12.457,0.74512,0.74521,1.12,3.37
2016.12.07 14:32:13.014,0.74513,0.74521,1.00,1.00
2016.12.07 14:32:13.528,0.74513,0.74522,1.12,1.25
2016.12.07 14:32:15.499,0.74512,0.74522,1.00,2.44
2016.12.07 14:32:15.600,0.74513,0.7452,1.00,1.00
2016.12.07 14:32:15.651,0.74511,0.74521,1.12,2.25
2016.12.07 14:32:16.007,0.74511,0.74519,1.00,1.00
2016.12.07 14:32:16.618,0.74508,0.74516,1.50,1.00
2016.12.07 14:32:16.974,0.74507,0.74515,1.00,1.12
2016.12.07 14:32:22.248,0.74506,0.74516,1.00,3.37
2016.12.07 14:32:27.626,0.74506,0.74514,1.00,1.00
2016.12.07 14:32:28.133,0.74505,0.74513,1.00,1.12
2016.12.07 14:32:28.641,0.74504,0.74513,1.25,1.12
2016.12.07 14:32:30.754,0.74503,0.74513,1.00,1.12
2016.12.07 14:32:31.663,0.74504,0.74513,1.00,1.87
2016.12.07 14:32:32.322,0.74504,0.74514,1.00,2.06
2016.12.07 14:32:34.382,0.74504,0.74513,1.00,1.50
2016.12.07 14:32:34.894,0.74504,0.74514,1.00,2.06
2016.12.07 14:32:36.006,0.74506,0.74513,1.00,1.50
2016.12.07 14:32:37.670,0.74504,0.74513,1.00,1.50
2016.12.07 14:32:38.116,0.74507,0.74513,1.00,1.50
2016.12.07 14:32:38.978,0.74507,0.74514,1.00,2.81
2016.12.07 14:32:39.029,0.74505,0.74513,1.00,1.50
2016.12.07 14:32:39.615,0.74504,0.74512,1.00,1.87
2016.12.07 14:32:40.122,0.74503,0.74511,1.00,1.50
2016.12.07 14:32:40.781,0.74502,0.74511,1.00,2.62
2016.12.07 14:32:41.646,0.74504,0.74511,1.00,2.62
2016.12.07 14:32:42.810,0.74503,0.74511,1.00,1.87
2016.12.07 14:32:43.329,0.74504,0.74511,1.00,1.87
2016.12.07 14:32:45.699,0.74504,0.7451,1.00,1.00
2016.12.07 14:32:45.750,0.74502,0.7451,1.00,1.00
2016.12.07 14:32:46.307,0.74503,0.74512,1.00,4.87
2016.12.07 14:32:50.372,0.74502,0.74511,1.69,1.50
2016.12.07 14:32:51.650,0.74504,0.74511,1.00,1.50
2016.12.07 14:32:57.893,0.74502,0.74511,1.69,2.25
2016.12.07 14:32:58.297,0.74502,0.74508,1.25,1.00
2016.12.07 14:33:01.059,0.74502,0.74509,1.25,1.00
2016.12.07 14:33:01.161,0.74499,0.74509,3.37,1.00
2016.12.07 14:33:01.211,0.74499,0.74507,3.00,1.00
2016.12.07 14:33:10.395,0.74499,0.74505,1.00,1.00
2016.12.07 14:33:10.547,0.74496,0.74504,1.00,1.00
2016.12.07 14:33:10.699,0.74495,0.74502,1.69,1.00
2016.12.07 14:33:11.205,0.74496,0.74502,1.00,1.00
2016.12.07 14:33:11.645,0.74496,0.74504,1.00,1.12
2016.12.07 14:33:12.175,0.74495,0.74504,1.69,1.12
2016.12.07 14:33:16.198,0.74496,0.74505,1.00,1.37
2016.12.07 14:33:16.706,0.74496,0.74506,1.00,7.12
2016.12.07 14:33:16.815,0.74498,0.74506,1.00,5.62
2016.12.07 14:33:16.866,0.745,0.74508,1.00,1.12
2016.12.07 14:33:17.423,0.74501,0.74509,1.00,1.69
2016.12.07 14:33:17.930,0.745,0.74508,1.00,1.87
2016.12.07 14:33:18.837,0.74502,0.74508,1.00,1.87
2016.12.07 14:33:18.888,0.745,0.74508,1.00,1.87
2016.12.07 14:33:20.824,0.74501,0.74509,1.00,3.19
2016.12.07 14:33:23.846,0.74503,0.74509,1.00,3.19
2016.12.07 14:33:25.559,0.74503,0.74509,1.00,1.25
2016.12.07 14:33:25.812,0.74501,0.74509,1.00,1.25
2016.12.07 14:33:27.271,0.74504,0.74509,1.00,1.25
2016.12.07 14:33:27.322,0.74502,0.74509,1.00,2.44
2016.12.07 14:33:29.695,0.74502,0.74508,1.00,1.50
2016.12.07 14:33:29.749,0.745,0.74508,1.00,1.50
2016.12.07 14:33:32.902,0.74501,0.74508,1.00,1.87
2016.12.07 14:33:34.262,0.74501,0.74509,1.00,1.25
2016.12.07 14:33:34.768,0.74501,0.7451,1.00,2.44
2016.12.07 14:33:35.299,0.74502,0.7451,1.00,2.44
2016.12.07 14:33:38.699,0.74503,0.7451,1.00,1.25
2016.12.07 14:33:38.902,0.74505,0.7451,1.00,1.25
2016.12.07 14:33:39.308,0.74505,0.74513,1.00,3.37
2016.12.07 14:33:41.645,0.74506,0.74513,1.00,1.37
2016.12.07 14:33:41.747,0.74506,0.74515,1.00,1.37
2016.12.07 14:33:42.254,0.74505,0.74515,1.00,5.25
2016.12.07 14:33:46.109,0.74506,0.74514,1.00,1.00
2016.12.07 14:33:47.113,0.74507,0.74515,1.00,2.25
2016.12.07 14:33:51.205,0.74508,0.74516,1.00,1.50
2016.12.07 14:33:52.115,0.74506,0.74515,1.00,2.25
2016.12.07 14:33:55.325,0.74506,0.74514,1.00,1.00
2016.12.07 14:33:55.834,0.74506,0.74515,1.00,2.25
2016.12.07 14:33:56.367,0.74506,0.74514,1.00,1.50
2016.12.07 14:33:58.600,0.74506,0.74513,1.00,1.00
2016.12.07 14:33:59.106,0.74506,0.74514,1.00,2.44
2016.12.07 14:34:00.091,0.74505,0.74514,1.00,3.94
2016.12.07 14:34:01.665,0.74506,0.74514,1.00,1.25
2016.12.07 14:34:04.054,0.74504,0.74512,1.00,1.50
2016.12.07 14:34:04.562,0.74504,0.74514,1.00,3.94
2016.12.07 14:34:04.866,0.74508,0.74516,1.00,2.81
2016.12.07 14:34:04.917,0.74508,0.74516,1.00,2.81
2016.12.07 14:34:05.826,0.74508,0.74516,1.00,1.69
2016.12.07 14:34:19.091,0.74512,0.74517,1.00,1.00
2016.12.07 14:34:19.342,0.74513,0.7452,1.00,1.31
2016.12.07 14:34:20.286,0.74514,0.7452,1.00,1.25
2016.12.07 14:34:20.438,0.74514,0.74523,1.00,5.81
2016.12.07 14:34:22.940,0.74515,0.74523,1.00,2.44
2016.12.07 14:34:24.254,0.74517,0.74523,1.00,1.00
2016.12.07 14:34:24.623,0.74518,0.74525,1.00,1.00
2016.12.07 14:34:38.013,0.74517,0.74526,1.00,3.19
2016.12.07 14:34:38.267,0.74516,0.74525,1.00,1.75
2016.12.07 14:34:38.875,0.74514,0.74523,1.00,1.50
2016.12.07 14:34:40.244,0.74513,0.74522,1.00,1.00
2016.12.07 14:34:41.844,0.74513,0.74521,1.00,1.00
2016.12.07 14:34:41.997,0.74511,0.7452,1.00,2.25
2016.12.07 14:34:43.337,0.7451,0.74517,1.00,1.00
2016.12.07 14:34:43.439,0.74508,0.74517,1.69,3.00
2016.12.07 14:34:43.974,0.74508,0.74517,1.69,1.87
2016.12.07 14:34:45.957,0.7451,0.74518,1.00,1.00
2016.12.07 14:34:46.262,0.74513,0.7452,1.00,2.62
2016.12.07 14:34:47.383,0.74511,0.7452,1.00,1.87
2016.12.07 14:34:54.033,0.74513,0.7452,1.00,1.87
2016.12.07 14:34:57.172,0.74509,0.74516,1.37,1.50
2016.12.07 14:34:57.273,0.74508,0.74516,1.69,1.50
2016.12.07 14:35:00.025,0.74507,0.74516,1.00,1.87
2016.12.07 14:35:11.054,0.74507,0.74516,1.00,2.62
2016.12.07 14:35:14.418,0.74508,0.74516,1.00,2.62
2016.12.07 14:35:14.469,0.74508,0.74516,1.00,2.25
2016.12.07 14:35:14.997,0.74506,0.74516,6.00,1.12
2016.12.07 14:35:20.110,0.74506,0.74515,2.25,1.00
2016.12.07 14:35:20.212,0.74505,0.74513,3.94,1.00
2016.12.07 14:35:20.718,0.74505,0.74512,1.25,1.00
2016.12.07 14:35:23.453,0.74504,0.74512,1.69,1.00
2016.12.07 14:35:24.225,0.74502,0.74512,4.69,1.00
2016.12.07 14:35:25.150,0.74502,0.74512,3.94,1.12
2016.12.07 14:35:26.751,0.74502,0.74511,2.06,1.00
2016.12.07 14:35:27.106,0.745,0.74509,1.87,1.00
2016.12.07 14:35:27.258,0.74497,0.74505,1.00,1.00
2016.12.07 14:35:27.764,0.74496,0.74505,2.81,1.00
2016.12.07 14:35:28.560,0.74497,0.74505,1.00,1.00
2016.12.07 14:35:29.076,0.74496,0.74505,2.81,1.00
2016.12.07 14:35:29.581,0.74497,0.74505,1.00,1.00
2016.12.07 14:35:30.226,0.74496,0.74505,2.81,1.00
2016.12.07 14:35:31.050,0.74496,0.74504,2.81,1.00
2016.12.07 14:35:34.798,0.74497,0.74504,1.00,1.12
2016.12.07 14:35:35.305,0.74496,0.74504,3.19,1.12
2016.12.07 14:35:37.006,0.74499,0.74506,1.00,1.50
2016.12.07 14:35:37.107,0.74498,0.74508,3.19,1.00
2016.12.07 14:35:37.629,0.74498,0.74507,3.94,1.00
2016.12.07 14:35:38.650,0.74499,0.74508,1.87,1.00
2016.12.07 14:35:40.097,0.74499,0.74508,2.62,1.00
2016.12.07 14:35:40.906,0.74499,0.74508,1.12,1.50
2016.12.07 14:35:40.957,0.74498,0.74506,1.31,1.00
2016.12.07 14:35:41.261,0.74497,0.74504,1.50,1.00
2016.12.07 14:35:41.817,0.74497,0.74505,3.00,1.00
2016.12.07 14:35:42.398,0.74497,0.74506,3.75,1.12
2016.12.07 14:35:47.380,0.74497,0.74506,1.00,1.50
2016.12.07 14:35:47.893,0.74496,0.74504,1.50,1.00
2016.12.07 14:35:59.950,0.74497,0.74504,1.00,1.00
2016.12.07 14:36:00.456,0.74496,0.74504,1.87,1.00
2016.12.07 14:36:02.536,0.74498,0.74505,1.00,1.12
2016.12.07 14:36:08.644,0.74497,0.74506,1.00,2.62
2016.12.07 14:36:10.371,0.74498,0.74506,1.00,2.62
2016.12.07 14:36:10.895,0.74497,0.74506,1.50,2.62
2016.12.07 14:36:12.667,0.74497,0.74507,1.00,3.56
2016.12.07 14:36:13.172,0.74498,0.74507,1.50,2.81
2016.12.07 14:36:17.922,0.74499,0.74507,1.00,1.31
2016.12.07 14:36:18.478,0.745,0.74508,1.00,2.25
2016.12.07 14:36:18.765,0.74503,0.74511,1.00,2.25
2016.12.07 14:36:19.271,0.74504,0.74512,1.00,1.50
2016.12.07 14:36:20.527,0.74504,0.74513,1.00,4.12
2016.12.07 14:36:20.982,0.74506,0.74513,1.00,4.50
2016.12.07 14:36:21.489,0.74507,0.74514,1.00,3.56
2016.12.07 14:36:25.547,0.74504,0.74512,1.00,2.25
2016.12.07 14:36:25.599,0.74502,0.74509,1.50,1.00
2016.12.07 14:36:25.905,0.74505,0.74513,1.00,2.25
2016.12.07 14:36:26.454,0.74506,0.74513,1.00,2.25
2016.12.07 14:36:37.243,0.74506,0.74514,1.00,2.81
2016.12.07 14:36:38.182,0.74507,0.74514,1.00,2.81
2016.12.07 14:36:40.722,0.74508,0.74515,1.00,1.37
2016.12.07 14:36:45.149,0.74507,0.74516,1.00,3.37
2016.12.07 14:36:47.445,0.74507,0.74516,1.00,1.87
2016.12.07 14:36:53.353,0.74508,0.74515,1.00,1.00
2016.12.07 14:36:53.902,0.74508,0.74516,1.00,2.62
2016.12.07 14:36:55.452,0.74507,0.74516,1.00,2.62
2016.12.07 14:37:02.091,0.74508,0.74516,1.00,1.12
2016.12.07 14:37:07.544,0.74508,0.74515,1.00,1.00
2016.12.07 14:37:11.997,0.74509,0.74517,1.00,4.69
2016.12.07 14:37:12.048,0.74513,0.74517,1.00,1.69
2016.12.07 14:37:12.149,0.74513,0.74521,1.00,4.69
2016.12.07 14:37:12.251,0.74514,0.74521,1.00,1.31
2016.12.07 14:37:16.359,0.74502,0.74509,2.62,1.00
2016.12.07 14:37:16.565,0.74498,0.74503,3.00,1.30
2016.12.07 14:37:16.617,0.74499,0.74506,1.00,1.87
2016.12.07 14:37:16.669,0.74498,0.74506,1.00,1.50
2016.12.07 14:37:16.770,0.74497,0.74504,2.44,1.37
2016.12.07 14:37:17.074,0.74499,0.74505,1.25,1.87
2016.12.07 14:37:17.583,0.74497,0.74505,1.00,1.87
2016.12.07 14:37:17.634,0.74495,0.74504,1.50,1.12
2016.12.07 14:37:17.974,0.74496,0.74505,1.00,1.87
2016.12.07 14:37:18.380,0.74498,0.74505,1.00,1.87
2016.12.07 14:37:20.192,0.745,0.74506,1.00,1.12
2016.12.07 14:37:20.295,0.74504,0.7451,1.00,1.62
2016.12.07 14:37:20.804,0.74504,0.7451,1.00,1.25
2016.12.07 14:37:21.246,0.74501,0.74509,1.00,1.00
2016.12.07 14:37:21.754,0.74502,0.7451,1.00,1.25
2016.12.07 14:37:22.058,0.74504,0.7451,1.00,1.25
2016.12.07 14:37:22.160,0.74505,0.74512,1.00,1.12
2016.12.07 14:37:22.667,0.74506,0.74513,1.00,1.69
2016.12.07 14:37:23.410,0.74505,0.74512,1.00,1.00
2016.12.07 14:37:23.563,0.74504,0.7451,1.00,1.00
2016.12.07 14:37:23.613,0.74502,0.7451,1.00,1.69
2016.12.07 14:37:24.133,0.74501,0.7451,1.00,2.81
2016.12.07 14:37:25.180,0.74499,0.74507,1.87,1.00
2016.12.07 14:37:25.687,0.74502,0.74508,1.00,1.00
2016.12.07 14:37:25.788,0.74502,0.7451,1.00,1.31
2016.12.07 14:37:25.943,0.74504,0.7451,1.00,1.25
2016.12.07 14:37:28.383,0.74504,0.74512,1.00,1.00
2016.12.07 14:37:29.395,0.74504,0.74514,1.00,6.19
2016.12.07 14:37:30.408,0.74506,0.74514,1.00,4.31
2016.12.07 14:37:56.174,0.74509,0.74514,1.00,1.00
2016.12.07 14:37:56.275,0.74509,0.74516,1.00,2.06
2016.12.07 14:37:56.529,0.74507,0.74516,1.00,1.91
2016.12.07 14:37:57.054,0.74507,0.74516,1.00,2.66
2016.12.07 14:37:57.575,0.74507,0.74515,1.00,1.50
2016.12.07 14:38:00.248,0.74507,0.74514,1.00,2.25
2016.12.07 14:38:00.299,0.74505,0.74514,1.69,1.87
2016.12.07 14:38:02.654,0.74507,0.74514,1.00,1.87
2016.12.07 14:38:03.163,0.74508,0.74515,1.00,4.12
2016.12.07 14:38:03.214,0.74508,0.74515,1.00,3.75
2016.12.07 14:38:04.125,0.74509,0.74516,1.00,1.69
2016.12.07 14:38:04.632,0.74508,0.74516,1.00,3.41
2016.12.07 14:38:06.597,0.74509,0.74516,1.00,2.81
2016.12.07 14:38:06.799,0.74507,0.74516,1.00,1.69
2016.12.07 14:38:07.052,0.74509,0.74516,1.00,2.44
2016.12.07 14:38:07.569,0.74509,0.74516,1.00,1.31
2016.12.07 14:38:08.074,0.74508,0.74516,1.00,3.56
2016.12.07 14:38:09.174,0.74507,0.74516,1.00,5.29
2016.12.07 14:38:09.680,0.74507,0.74515,1.00,1.00
2016.12.07 14:38:10.623,0.74506,0.74515,1.50,1.00
2016.12.07 14:38:10.927,0.74505,0.74514,1.69,4.12
2016.12.07 14:38:18.696,0.74506,0.74514,1.00,1.00
2016.12.07 14:38:19.203,0.74507,0.74515,1.00,1.50
2016.12.07 14:38:19.709,0.74507,0.74514,1.00,1.12
2016.12.07 14:38:21.585,0.74506,0.74513,1.00,1.50
2016.12.07 14:38:27.344,0.74505,0.74512,1.00,1.00
2016.12.07 14:38:27.884,0.74505,0.74513,1.00,2.25
2016.12.07 14:38:30.236,0.74504,0.74513,1.00,3.75
2016.12.07 14:38:38.288,0.74503,0.74513,1.00,6.37
2016.12.07 14:38:38.541,0.74501,0.74507,2.06,1.00
2016.12.07 14:38:38.644,0.74499,0.74507,1.12,1.50
2016.12.07 14:38:38.745,0.74497,0.74506,1.00,1.37
2016.12.07 14:38:45.504,0.74501,0.74506,1.00,1.37
2016.12.07 14:38:45.656,0.74502,0.74508,1.00,1.25
2016.12.07 14:38:46.163,0.74501,0.74508,1.00,1.25
2016.12.07 14:38:46.568,0.74502,0.74511,1.00,3.19
2016.12.07 14:38:46.771,0.74504,0.74511,1.00,1.31
2016.12.07 14:38:52.552,0.74505,0.74511,1.00,1.25
2016.12.07 14:38:52.755,0.74503,0.74511,1.00,1.25
2016.12.07 14:38:53.260,0.74504,0.74511,1.00,1.69
2016.12.07 14:39:08.464,0.74504,0.74512,1.00,5.44
2016.12.07 14:39:09.325,0.74505,0.74512,1.00,5.44
2016.12.07 14:39:09.868,0.74504,0.74512,1.00,2.25
2016.12.07 14:39:10.445,0.74504,0.74514,1.00,5.06
2016.12.07 14:39:15.500,0.74504,0.74513,1.00,1.50
2016.12.07 14:39:19.504,0.74504,0.74514,1.00,6.19
2016.12.07 14:39:20.426,0.74506,0.74513,1.00,1.00
2016.12.07 14:39:21.145,0.74505,0.74514,1.00,5.06
2016.12.07 14:39:28.848,0.74506,0.74515,1.00,3.94
2016.12.07 14:39:29.158,0.7451,0.74518,1.00,2.06
2016.12.07 14:39:29.361,0.74512,0.74521,1.00,2.25
2016.12.07 14:39:30.555,0.74513,0.74521,1.00,1.00
2016.12.07 14:39:30.657,0.74515,0.74522,1.00,4.69
2016.12.07 14:39:30.961,0.74506,0.74514,2.81,1.00
2016.12.07 14:39:31.012,0.74506,0.74514,1.25,1.00
2016.12.07 14:39:31.520,0.74505,0.74514,1.00,1.50
2016.12.07 14:39:32.026,0.74504,0.74514,3.37,3.00
2016.12.07 14:39:34.032,0.74504,0.74512,2.25,1.00
2016.12.07 14:39:37.142,0.74505,0.74513,1.00,1.00
2016.12.07 14:39:38.744,0.74505,0.74514,1.00,2.25
2016.12.07 14:39:40.341,0.74508,0.74514,1.00,1.00
2016.12.07 14:39:40.494,0.74505,0.74515,2.25,5.06
2016.12.07 14:39:40.545,0.74505,0.74514,2.25,1.12
2016.12.07 14:39:40.798,0.74505,0.74514,1.00,1.50
2016.12.07 14:39:41.344,0.74506,0.74514,1.00,1.00
2016.12.07 14:39:41.906,0.74506,0.74513,1.00,1.50
2016.12.07 14:39:43.619,0.74506,0.74513,1.00,2.25
2016.12.07 14:39:50.845,0.74505,0.74513,1.00,1.50
2016.12.07 14:39:55.643,0.74506,0.74513,1.00,2.25
2016.12.07 14:40:00.128,0.74504,0.7451,1.50,1.00
2016.12.07 14:40:00.634,0.74503,0.7451,2.25,1.00
2016.12.07 14:40:01.147,0.74503,0.74511,1.00,1.00
2016.12.07 14:40:01.907,0.74504,0.7451,1.50,1.00
2016.12.07 14:40:02.461,0.74502,0.7451,4.69,1.00
2016.12.07 14:40:02.815,0.74502,0.74512,4.69,1.12
2016.12.07 14:40:04.280,0.74504,0.74511,1.00,1.00
2016.12.07 14:40:04.740,0.74502,0.74511,3.56,1.00
2016.12.07 14:40:05.246,0.74502,0.7451,3.56,1.00
2016.12.07 14:40:06.974,0.74503,0.7451,1.50,1.00
2016.12.07 14:40:09.545,0.74502,0.7451,2.06,1.00
2016.12.07 14:40:13.168,0.74503,0.7451,1.00,1.00
2016.12.07 14:40:13.424,0.74503,0.74512,1.00,1.12
2016.12.07 14:40:13.935,0.74503,0.74511,1.00,1.00
2016.12.07 14:40:15.268,0.74503,0.74512,2.25,1.12
2016.12.07 14:40:16.079,0.74503,0.74511,3.00,1.00
2016.12.07 14:40:16.961,0.74503,0.74512,2.25,1.12
2016.12.07 14:40:17.163,0.74505,0.74513,1.00,1.50
2016.12.07 14:40:17.923,0.74504,0.74513,1.00,1.50
2016.12.07 14:40:19.339,0.74505,0.74514,1.00,3.75
2016.12.07 14:40:20.075,0.74503,0.74511,2.25,1.00
2016.12.07 14:40:22.637,0.74503,0.74512,1.00,1.12
2016.12.07 14:40:26.766,0.74502,0.7451,2.62,1.00
2016.12.07 14:40:28.234,0.74503,0.74511,1.50,1.00
2016.12.07 14:40:31.634,0.74501,0.74511,2.62,1.00
2016.12.07 14:40:33.280,0.74501,0.74511,3.75,1.00
2016.12.07 14:40:34.157,0.74501,0.7451,3.00,1.00
2016.12.07 14:40:36.587,0.74501,0.7451,1.00,1.00
2016.12.07 14:40:38.744,0.745,0.74505,1.87,1.00
2016.12.07 14:40:39.030,0.74494,0.74501,2.25,1.00
2016.12.07 14:40:39.182,0.74492,0.745,3.94,1.00
2016.12.07 14:40:40.345,0.74494,0.74501,1.00,1.12
2016.12.07 14:40:40.967,0.74494,0.74502,3.00,1.00
2016.12.07 14:40:41.574,0.74494,0.74503,2.25,1.12
2016.12.07 14:40:42.563,0.74493,0.74502,3.37,1.00
2016.12.07 14:40:43.069,0.74493,0.74501,2.62,1.00
2016.12.07 14:40:48.370,0.74493,0.745,1.50,1.00
2016.12.07 14:40:51.216,0.74492,0.745,4.69,1.00
2016.12.07 14:40:53.529,0.74492,0.74502,5.81,1.50
2016.12.07 14:40:54.036,0.74493,0.74503,3.75,1.12
2016.12.07 14:40:56.898,0.74494,0.74503,1.50,1.12
2016.12.07 14:41:02.740,0.74496,0.74503,1.00,1.12
2016.12.07 14:41:02.842,0.74496,0.74506,2.44,1.12
2016.12.07 14:41:02.893,0.74496,0.74504,1.69,1.00
2016.12.07 14:41:05.227,0.74498,0.74507,1.00,3.00
2016.12.07 14:41:05.437,0.745,0.74509,2.44,1.00
2016.12.07 14:41:05.941,0.745,0.7451,5.06,1.00
2016.12.07 14:41:07.968,0.745,0.7451,3.94,1.00
2016.12.07 14:41:08.475,0.745,0.74508,3.94,1.00
2016.12.07 14:41:10.144,0.745,0.74504,1.00,1.00
2016.12.07 14:41:10.195,0.74497,0.74504,1.50,1.00
2016.12.07 14:41:10.704,0.74497,0.74505,1.00,1.12
2016.12.07 14:41:11.210,0.74497,0.74506,3.00,1.00
2016.12.07 14:41:11.716,0.74498,0.74505,1.00,1.00
2016.12.07 14:41:11.818,0.74497,0.74507,1.50,2.44
2016.12.07 14:41:11.919,0.74496,0.74504,3.94,1.00
2016.12.07 14:41:17.067,0.74496,0.74503,1.31,1.00
2016.12.07 14:41:17.371,0.74494,0.74501,1.00,1.00
2016.12.07 14:41:17.422,0.74492,0.74501,2.62,1.00
2016.12.07 14:41:17.928,0.74492,0.745,1.12,1.00
2016.12.07 14:41:18.576,0.74491,0.745,6.94,1.00
2016.12.07 14:41:19.252,0.74492,0.745,1.12,1.00
2016.12.07 14:41:19.758,0.74491,0.745,6.19,1.00
2016.12.07 14:41:21.503,0.74492,0.745,1.12,1.00
2016.12.07 14:41:22.673,0.74491,0.745,5.44,1.00
2016.12.07 14:41:23.180,0.74491,0.745,3.19,1.00
2016.12.07 14:41:23.382,0.7449,0.74497,1.12,1.00
2016.12.07 14:41:23.434,0.7449,0.74499,2.62,1.50
2016.12.07 14:41:23.485,0.7449,0.74497,2.25,1.00
2016.12.07 14:41:23.899,0.74487,0.74495,2.06,1.00
2016.12.07 14:41:24.406,0.74487,0.74495,1.69,1.00
2016.12.07 14:41:25.267,0.74486,0.74495,2.62,1.00
2016.12.07 14:41:25.772,0.74486,0.74494,1.00,1.87
2016.12.07 14:41:26.786,0.74485,0.74495,1.00,6.37
2016.12.07 14:41:27.291,0.74486,0.74494,1.00,1.87
2016.12.07 14:41:30.854,0.74485,0.74495,1.00,6.75
2016.12.07 14:41:33.847,0.74486,0.74495,1.00,6.22
2016.12.07 14:41:43.132,0.74484,0.74494,2.44,1.12
2016.12.07 14:41:43.638,0.74485,0.74495,1.00,1.87
2016.12.07 14:41:45.744,0.74485,0.74493,1.00,1.00
2016.12.07 14:41:47.689,0.74484,0.74493,2.44,1.50
2016.12.07 14:41:47.988,0.74483,0.74491,1.00,1.00
2016.12.07 14:41:48.511,0.74483,0.74492,1.00,1.50
2016.12.07 14:41:50.139,0.74482,0.74491,1.50,1.00
2016.12.07 14:41:50.645,0.74482,0.74492,1.00,3.75
2016.12.07 14:41:51.427,0.74482,0.74491,1.00,1.00
2016.12.07 14:41:51.972,0.74482,0.74492,1.00,3.60
2016.12.07 14:41:52.497,0.74482,0.74491,1.00,1.00
2016.12.07 14:41:53.012,0.74482,0.74492,1.00,3.60
2016.12.07 14:41:54.628,0.74482,0.74491,1.00,1.00
2016.12.07 14:41:55.133,0.74482,0.74492,1.00,3.60
2016.12.07 14:41:56.330,0.74483,0.74492,1.00,2.25
2016.12.07 14:41:56.845,0.74484,0.74492,1.00,1.00
2016.12.07 14:42:01.520,0.74484,0.74491,1.00,1.00
2016.12.07 14:42:02.127,0.74484,0.74492,1.00,3.00
2016.12.07 14:42:08.077,0.74484,0.74492,1.00,1.50
2016.12.07 14:42:17.746,0.74484,0.74492,1.00,3.04
2016.12.07 14:42:38.439,0.74484,0.74493,1.00,2.81
2016.12.07 14:42:38.945,0.74484,0.74492,1.00,1.00
2016.12.07 14:42:39.491,0.74484,0.74493,1.00,2.81
2016.12.07 14:42:40.003,0.74484,0.74492,1.00,1.00
2016.12.07 14:42:41.828,0.74484,0.74493,1.00,2.06
2016.12.07 14:42:52.082,0.74486,0.74493,1.00,1.31
2016.12.07 14:42:53.457,0.74486,0.74492,1.00,1.25
2016.12.07 14:42:57.439,0.74487,0.74494,1.00,1.37
2016.12.07 14:42:58.015,0.74488,0.74494,1.00,1.37
2016.12.07 14:42:58.066,0.74486,0.74494,1.12,1.37
2016.12.07 14:43:00.066,0.74485,0.74494,1.12,3.56
2016.12.07 14:43:18.645,0.74487,0.74495,1.00,1.12
2016.12.07 14:43:18.950,0.74493,0.74498,1.00,1.25
2016.12.07 14:43:19.951,0.74493,0.74501,1.00,1.00
2016.12.07 14:43:20.558,0.74489,0.74496,1.87,1.00
2016.12.07 14:43:20.659,0.74488,0.74496,1.00,1.87
2016.12.07 14:43:20.767,0.74486,0.74496,1.12,1.87
2016.12.07 14:43:21.275,0.74485,0.74494,1.00,3.56
2016.12.07 14:43:22.499,0.74485,0.74493,1.00,1.00
2016.12.07 14:43:23.005,0.74485,0.74494,1.00,4.31
2016.12.07 14:43:23.527,0.74485,0.74493,1.00,1.00
2016.12.07 14:43:24.555,0.74485,0.74494,1.00,3.94
2016.12.07 14:43:32.406,0.74487,0.74496,3.75,1.12
2016.12.07 14:43:32.560,0.7449,0.74499,1.00,1.31
2016.12.07 14:43:32.712,0.74487,0.74497,2.25,1.00
2016.12.07 14:43:33.017,0.74487,0.74496,1.00,2.10
2016.12.07 14:43:33.590,0.74486,0.74495,1.00,1.12
2016.12.07 14:43:34.096,0.74486,0.74495,1.00,1.72
2016.12.07 14:43:36.102,0.74488,0.74495,1.00,1.87
2016.12.07 14:43:36.305,0.74488,0.74496,1.00,1.00
2016.12.07 14:43:36.811,0.74489,0.74498,1.00,1.37
2016.12.07 14:43:37.368,0.74489,0.74498,1.00,1.72
2016.12.07 14:43:37.419,0.74488,0.74496,1.00,2.25
2016.12.07 14:43:37.521,0.74486,0.74496,1.00,4.72
2016.12.07 14:43:39.575,0.74486,0.74492,1.00,3.00
2016.12.07 14:43:40.081,0.74485,0.74492,1.00,3.00
2016.12.07 14:43:40.688,0.74485,0.74491,1.00,3.00
2016.12.07 14:43:44.695,0.74485,0.74492,1.00,3.00
2016.12.07 14:43:45.260,0.74485,0.74493,1.00,3.00
2016.12.07 14:43:45.796,0.74486,0.74493,1.00,3.00
2016.12.07 14:43:48.273,0.74486,0.74494,1.00,1.50
2016.12.07 14:43:50.144,0.74486,0.74495,1.00,4.31
2016.12.07 14:43:50.648,0.74486,0.74494,1.00,1.00
2016.12.07 14:43:51.502,0.74483,0.74493,3.75,1.00
2016.12.07 14:43:51.604,0.74483,0.74491,1.50,1.00
2016.12.07 14:43:51.807,0.74478,0.74486,1.25,1.12
2016.12.07 14:43:52.373,0.74479,0.74487,1.00,4.12
2016.12.07 14:43:53.030,0.74478,0.74487,1.69,3.37
2016.12.07 14:43:53.782,0.7448,0.74487,1.00,1.37
2016.12.07 14:43:53.984,0.74483,0.7449,1.00,1.87
2016.12.07 14:43:54.180,0.74482,0.74488,1.00,2.25
2016.12.07 14:43:54.383,0.74482,0.7449,1.00,2.25
2016.12.07 14:43:54.585,0.74482,0.74488,1.00,1.50
2016.12.07 14:43:54.636,0.7448,0.74488,1.69,1.50
2016.12.07 14:43:55.142,0.7448,0.74489,1.25,3.00
2016.12.07 14:43:55.783,0.7448,0.74488,1.69,1.50
2016.12.07 14:43:55.983,0.74477,0.74487,1.00,6.19
2016.12.07 14:43:56.489,0.74478,0.74487,1.00,3.94
2016.12.07 14:43:56.996,0.74479,0.74486,1.00,1.50
2016.12.07 14:43:57.599,0.7448,0.74487,1.00,1.69
2016.12.07 14:43:58.105,0.74477,0.74485,3.00,1.50
2016.12.07 14:43:58.206,0.74476,0.74484,1.25,1.00
2016.12.07 14:43:58.713,0.74475,0.74483,1.00,1.00
2016.12.07 14:43:59.342,0.74475,0.74482,1.00,1.00
2016.12.07 14:44:00.178,0.74475,0.74484,1.00,1.87
2016.12.07 14:44:00.684,0.74476,0.74483,1.00,1.00
2016.12.07 14:44:02.397,0.74474,0.74482,1.12,1.00
2016.12.07 14:44:04.025,0.74474,0.74483,1.00,1.00
2016.12.07 14:44:04.182,0.74474,0.74481,1.00,1.00
2016.12.07 14:44:04.507,0.74466,0.74475,2.25,1.72
2016.12.07 14:44:04.963,0.74468,0.74476,1.00,2.81
2016.12.07 14:44:07.139,0.7447,0.74476,1.00,1.25
2016.12.07 14:44:07.241,0.74472,0.74479,1.00,1.69
2016.12.07 14:44:09.094,0.74472,0.74481,1.00,1.37
2016.12.07 14:44:09.196,0.74472,0.74482,1.00,2.62
2016.12.07 14:44:09.718,0.74472,0.74481,1.00,1.50
2016.12.07 14:44:10.246,0.74473,0.74481,1.00,2.25
2016.12.07 14:44:15.565,0.74473,0.7448,1.00,1.00
2016.12.07 14:44:16.074,0.74472,0.7448,1.00,1.12
2016.12.07 14:44:17.331,0.74469,0.74479,3.37,3.19
2016.12.07 14:44:17.432,0.74469,0.74476,1.87,1.00
2016.12.07 14:44:21.904,0.74469,0.74478,1.00,3.00
2016.12.07 14:44:22.232,0.74471,0.74479,1.00,1.25
2016.12.07 14:44:23.172,0.7447,0.74479,1.50,1.69
2016.12.07 14:44:23.274,0.74467,0.74477,1.87,1.12
2016.12.07 14:44:23.325,0.74471,0.74478,1.00,2.25
2016.12.07 14:44:23.586,0.74471,0.74479,1.00,1.25
2016.12.07 14:44:25.040,0.74469,0.74478,1.12,1.00
2016.12.07 14:44:25.091,0.74468,0.74476,1.87,1.00
2016.12.07 14:44:25.193,0.74467,0.74477,1.00,3.75
2016.12.07 14:44:25.344,0.74467,0.74477,1.00,2.62
2016.12.07 14:44:25.446,0.74469,0.74476,1.00,1.00
2016.12.07 14:44:26.307,0.7447,0.74479,1.00,9.94
2016.12.07 14:44:26.459,0.74471,0.74479,1.00,2.81
2016.12.07 14:44:27.570,0.74469,0.74479,1.12,2.81
2016.12.07 14:44:28.077,0.74472,0.74479,1.00,1.31
2016.12.07 14:44:28.605,0.74472,0.7448,1.00,1.12
2016.12.07 14:44:29.120,0.74473,0.7448,1.00,1.00
2016.12.07 14:44:30.413,0.74473,0.74481,1.00,2.62
2016.12.07 14:44:31.940,0.74471,0.74481,1.00,2.25
2016.12.07 14:44:33.840,0.74471,0.74478,1.50,1.00
2016.12.07 14:44:35.061,0.74471,0.74477,1.50,1.00
2016.12.07 14:44:35.566,0.7447,0.74478,3.56,1.00
2016.12.07 14:44:36.072,0.74471,0.74478,1.50,1.00
2016.12.07 14:44:36.426,0.74473,0.74478,1.00,1.00
2016.12.07 14:44:36.527,0.74471,0.74478,1.50,1.00
2016.12.07 14:44:37.078,0.7447,0.74478,4.31,1.00
2016.12.07 14:44:37.896,0.7447,0.74478,5.06,1.00
2016.12.07 14:44:38.402,0.7447,0.74478,4.31,1.00
2016.12.07 14:44:40.087,0.7447,0.74478,5.06,1.00
2016.12.07 14:44:40.714,0.7447,0.74478,3.19,1.00
2016.12.07 14:44:41.225,0.74471,0.74477,1.00,1.00
2016.12.07 14:44:42.854,0.74473,0.74477,1.00,1.00
2016.12.07 14:44:43.692,0.74473,0.74478,1.00,1.00
2016.12.07 14:44:44.198,0.74473,0.74479,1.00,1.00
2016.12.07 14:44:50.350,0.74473,0.7448,1.00,1.00
2016.12.07 14:44:50.853,0.74473,0.74479,1.00,1.00
2016.12.07 14:44:51.208,0.74471,0.74479,2.44,1.00
2016.12.07 14:44:51.816,0.74471,0.7448,1.31,1.00
2016.12.07 14:44:52.572,0.74473,0.7448,1.00,1.00
2016.12.07 14:44:53.079,0.74473,0.74481,1.00,1.00
2016.12.07 14:44:56.191,0.74473,0.74479,1.00,1.00
2016.12.07 14:44:56.394,0.74471,0.74479,2.06,1.00
2016.12.07 14:45:01.708,0.74471,0.7448,1.31,1.00
2016.12.07 14:45:03.113,0.74472,0.74482,1.00,2.81
2016.12.07 14:45:03.628,0.74473,0.74482,1.12,1.25
2016.12.07 14:45:08.430,0.74473,0.74483,1.12,2.44
2016.12.07 14:45:09.146,0.74472,0.74481,4.12,1.00
2016.12.07 14:45:09.451,0.74472,0.74479,3.37,1.00
2016.12.07 14:45:13.659,0.74472,0.74479,3.00,1.00
2016.12.07 14:45:14.165,0.74472,0.7448,1.87,1.00
2016.12.07 14:45:22.215,0.74473,0.7448,1.00,1.00
2016.12.07 14:45:22.721,0.74472,0.7448,1.12,1.00
2016.12.07 14:45:28.394,0.74472,0.74481,2.62,1.00
2016.12.07 14:45:30.145,0.74472,0.7448,2.62,1.00
2016.12.07 14:45:30.651,0.74472,0.74479,1.12,1.00
2016.12.07 14:45:35.315,0.74472,0.7448,1.12,1.00
2016.12.07 14:45:36.390,0.74473,0.7448,1.50,1.00
2016.12.07 14:45:39.947,0.74472,0.7448,1.12,1.00
2016.12.07 14:45:43.139,0.74473,0.7448,1.00,1.00
2016.12.07 14:45:43.645,0.74472,0.7448,1.87,1.00
2016.12.07 14:45:44.150,0.74472,0.74479,1.87,1.00
2016.12.07 14:45:46.730,0.74473,0.74479,1.50,1.00
2016.12.07 14:45:46.983,0.74471,0.74479,2.25,1.00
2016.12.07 14:45:47.489,0.74471,0.74479,2.62,1.00
2016.12.07 14:45:49.061,0.74472,0.7448,1.50,1.00
2016.12.07 14:45:50.632,0.74472,0.74479,1.00,1.00
2016.12.07 14:45:51.290,0.74471,0.74479,2.62,1.00
2016.12.07 14:45:53.631,0.74471,0.74481,4.54,1.00
2016.12.07 14:45:55.121,0.74473,0.74481,1.00,1.00
2016.12.07 14:45:55.223,0.74471,0.74481,4.69,1.00
2016.12.07 14:45:57.472,0.74472,0.74481,1.50,1.00
2016.12.07 14:46:01.036,0.74471,0.74481,3.94,1.00
2016.12.07 14:46:01.087,0.74473,0.74482,1.00,1.25
2016.12.07 14:46:03.427,0.74475,0.74482,1.00,1.25
2016.12.07 14:46:07.350,0.74474,0.74482,1.00,1.25
2016.12.07 14:46:08.009,0.74476,0.74482,1.00,1.25
2016.12.07 14:46:08.514,0.74476,0.74483,1.00,1.69
2016.12.07 14:46:08.938,0.74474,0.74483,1.00,1.25
2016.12.07 14:46:10.050,0.74476,0.74483,1.00,1.25
2016.12.07 14:46:15.195,0.74476,0.74484,1.00,1.12
2016.12.07 14:46:16.677,0.74476,0.74482,1.00,1.25
2016.12.07 14:46:16.829,0.74476,0.74484,1.00,1.87
2016.12.07 14:46:20.533,0.74479,0.74486,4.12,1.00
2016.12.07 14:46:20.688,0.74483,0.74491,1.00,1.25
2016.12.07 14:46:22.034,0.74482,0.74491,1.12,1.25
2016.12.07 14:46:22.541,0.74483,0.74491,1.00,1.25
