2016.12.20 16:00:00.359,0.72414,0.72422,1.00,2.25
2016.12.20 16:00:00.410,0.72412,0.72422,1.00,2.25
2016.12.20 16:00:00.816,0.72414,0.72421,1.00,1.00
2016.12.20 16:00:01.328,0.72413,0.72421,1.00,1.50
2016.12.20 16:00:01.863,0.72414,0.72421,1.00,1.37
2016.12.20 16:00:02.369,0.72413,0.72421,1.00,1.87
2016.12.20 16:00:02.906,0.72412,0.72421,1.00,1.37
2016.12.20 16:00:03.214,0.72414,0.72421,1.00,1.50
2016.12.20 16:00:03.737,0.72413,0.72421,1.00,2.25
2016.12.20 16:00:04.040,0.72411,0.72418,1.12,1.12
2016.12.20 16:00:04.358,0.72414,0.72418,1.00,1.12
2016.12.20 16:00:04.711,0.72411,0.72418,1.12,1.12
2016.12.20 16:00:05.217,0.72412,0.72418,1.00,1.12
2016.12.20 16:00:05.723,0.72412,0.72419,1.00,3.37
2016.12.20 16:00:05.774,0.7241,0.72419,2.44,1.12
2016.12.20 16:00:06.127,0.72413,0.7242,1.00,3.00
2016.12.20 16:00:06.178,0.72411,0.7242,1.00,3.00
2016.12.20 16:00:06.715,0.72411,0.72419,1.00,1.12
2016.12.20 16:00:08.157,0.72412,0.72418,1.00,1.12
2016.12.20 16:00:08.661,0.72412,0.72419,1.00,1.12
2016.12.20 16:00:09.210,0.72412,0.72418,1.00,1.12
2016.12.20 16:00:09.701,0.7241,0.72419,2.06,1.87
2016.12.20 16:00:10.206,0.72411,0.72418,1.00,1.12
2016.12.20 16:00:10.737,0.72412,0.72419,1.00,1.87
2016.12.20 16:00:11.278,0.72412,0.7242,1.00,2.25
2016.12.20 16:00:11.531,0.72409,0.72413,1.12,1.00
2016.12.20 16:00:11.683,0.72403,0.72411,1.37,1.00
2016.12.20 16:00:11.785,0.72403,0.72412,1.00,1.87
2016.12.20 16:00:11.937,0.72403,0.72413,1.12,3.37
2016.12.20 16:00:12.189,0.72403,0.72412,1.12,1.37
2016.12.20 16:00:12.652,0.72404,0.72413,1.00,1.50
2016.12.20 16:00:13.285,0.72404,0.72414,1.00,7.87
2016.12.20 16:00:13.689,0.72406,0.72413,1.00,2.25
2016.12.20 16:00:15.710,0.72403,0.72411,1.50,1.87
2016.12.20 16:00:16.557,0.72405,0.72411,1.00,1.12
2016.12.20 16:00:16.608,0.72403,0.72411,1.12,1.87
2016.12.20 16:00:17.114,0.72402,0.72412,1.00,2.62
2016.12.20 16:00:18.962,0.72402,0.72409,1.50,1.12
2016.12.20 16:00:19.466,0.72403,0.7241,1.00,1.50
2016.12.20 16:00:19.971,0.72404,0.72409,1.00,1.12
2016.12.20 16:00:20.073,0.72402,0.72408,2.25,1.12
2016.12.20 16:00:20.275,0.72402,0.7241,1.50,1.00
2016.12.20 16:00:20.376,0.72401,0.72409,2.44,1.87
2016.12.20 16:00:20.679,0.72403,0.72409,1.00,1.37
2016.12.20 16:00:20.730,0.72403,0.7241,1.00,1.00
2016.12.20 16:00:21.848,0.72403,0.72411,1.00,1.50
2016.12.20 16:00:23.008,0.724,0.72407,1.00,1.00
2016.12.20 16:00:23.261,0.72395,0.72404,1.00,1.87
2016.12.20 16:00:23.413,0.72393,0.72403,3.00,1.50
2016.12.20 16:00:23.654,0.72395,0.72402,1.12,3.37
2016.12.20 16:00:24.058,0.72398,0.72402,1.00,1.50
2016.12.20 16:00:24.109,0.72396,0.72404,1.00,4.12
2016.12.20 16:00:24.211,0.72398,0.72407,1.00,1.87
2016.12.20 16:00:24.262,0.72401,0.72408,1.00,1.62
2016.12.20 16:00:24.768,0.72399,0.72407,1.12,1.50
2016.12.20 16:00:25.281,0.72399,0.72407,1.00,3.00
2016.12.20 16:00:25.786,0.72399,0.72407,1.00,2.62
2016.12.20 16:00:26.090,0.72402,0.72408,1.00,1.25
2016.12.20 16:00:26.635,0.724,0.72409,1.50,1.87
2016.12.20 16:00:26.781,0.72399,0.72407,1.00,2.44
2016.12.20 16:00:27.144,0.724,0.72409,1.00,1.50
2016.12.20 16:00:27.858,0.72401,0.72409,1.00,1.50
2016.12.20 16:00:28.406,0.724,0.72408,1.00,1.12
2016.12.20 16:00:28.724,0.72397,0.72404,1.12,1.50
2016.12.20 16:00:28.825,0.72394,0.72404,2.25,2.25
2016.12.20 16:00:28.876,0.72394,0.72401,1.00,1.37
2016.12.20 16:00:29.229,0.72396,0.72403,1.00,1.37
2016.12.20 16:00:29.331,0.72396,0.72404,1.00,1.12
2016.12.20 16:00:29.684,0.72393,0.72404,2.44,1.12
2016.12.20 16:00:29.832,0.72393,0.72403,2.06,1.50
2016.12.20 16:00:30.136,0.72394,0.72404,1.00,1.12
2016.12.20 16:00:30.237,0.72393,0.72402,2.25,1.25
2016.12.20 16:00:30.743,0.72393,0.72402,1.00,1.69
2016.12.20 16:00:31.046,0.72394,0.72402,2.62,1.69
2016.12.20 16:00:31.729,0.72394,0.72402,1.12,1.69
2016.12.20 16:00:32.234,0.72394,0.72402,1.00,1.25
2016.12.20 16:00:33.215,0.72394,0.724,1.00,1.12
2016.12.20 16:00:33.635,0.72391,0.72399,3.37,1.12
2016.12.20 16:00:34.150,0.72392,0.72399,1.00,1.12
2016.12.20 16:00:34.756,0.72392,0.724,1.00,1.87
2016.12.20 16:00:35.287,0.72392,0.72399,1.00,1.12
2016.12.20 16:00:35.792,0.72393,0.72402,1.00,3.56
2016.12.20 16:00:36.298,0.72394,0.72402,1.00,2.44
2016.12.20 16:00:36.500,0.72394,0.72398,1.00,1.12
2016.12.20 16:00:36.653,0.72391,0.724,4.12,2.62
2016.12.20 16:00:37.169,0.72392,0.72399,1.00,1.12
2016.12.20 16:00:37.707,0.72393,0.72401,1.00,1.87
2016.12.20 16:00:39.088,0.72393,0.72401,1.00,1.12
2016.12.20 16:00:39.140,0.72397,0.72403,1.00,1.87
2016.12.20 16:00:39.292,0.72397,0.72404,1.12,1.50
2016.12.20 16:00:39.596,0.72397,0.72402,1.12,1.25
2016.12.20 16:00:39.648,0.72397,0.72405,1.00,1.12
2016.12.20 16:00:39.699,0.72397,0.72407,1.00,4.69
2016.12.20 16:00:39.750,0.72397,0.72405,1.00,1.00
2016.12.20 16:00:40.255,0.72396,0.72404,1.00,1.12
2016.12.20 16:00:40.406,0.72394,0.72404,1.50,2.62
2016.12.20 16:00:41.196,0.72395,0.72404,1.00,1.00
2016.12.20 16:00:42.156,0.72395,0.72404,1.00,2.62
2016.12.20 16:00:43.212,0.72395,0.72405,1.00,4.87
2016.12.20 16:00:43.515,0.72397,0.72405,1.00,1.50
2016.12.20 16:00:43.870,0.72394,0.72403,1.12,1.00
2016.12.20 16:00:43.972,0.72394,0.72402,1.00,1.37
2016.12.20 16:00:44.276,0.72396,0.72404,1.00,1.12
2016.12.20 16:00:44.458,0.72396,0.72404,1.00,1.00
2016.12.20 16:00:44.970,0.72397,0.72404,1.00,1.69
2016.12.20 16:00:45.273,0.72395,0.72404,1.00,1.31
2016.12.20 16:00:45.375,0.72395,0.72403,1.00,1.37
2016.12.20 16:00:45.880,0.72396,0.72404,1.00,1.69
2016.12.20 16:00:47.486,0.72395,0.72404,1.00,1.31
2016.12.20 16:00:47.840,0.72398,0.72404,1.00,1.00
2016.12.20 16:00:47.941,0.72398,0.72406,1.00,1.50
2016.12.20 16:00:48.109,0.72395,0.72405,3.00,1.50
2016.12.20 16:00:48.368,0.72395,0.72405,1.00,2.25
2016.12.20 16:00:48.674,0.72392,0.72402,1.12,1.87
2016.12.20 16:00:48.976,0.72391,0.72398,2.06,1.12
2016.12.20 16:00:49.482,0.72393,0.72399,1.00,1.12
2016.12.20 16:00:50.041,0.72391,0.72399,1.69,1.87
2016.12.20 16:00:50.445,0.72389,0.72399,3.75,2.25
2016.12.20 16:00:50.951,0.72391,0.72399,1.00,1.50
2016.12.20 16:00:51.456,0.72392,0.72398,1.00,1.12
2016.12.20 16:00:51.997,0.72392,0.72399,1.00,1.12
2016.12.20 16:00:52.557,0.72392,0.72398,1.00,1.12
2016.12.20 16:00:53.165,0.72392,0.72399,1.00,1.12
2016.12.20 16:00:53.890,0.7239,0.72399,1.00,1.87
2016.12.20 16:00:54.816,0.7239,0.724,1.50,3.00
2016.12.20 16:00:55.692,0.72392,0.724,1.00,3.00
2016.12.20 16:00:56.463,0.7239,0.72399,3.00,1.37
2016.12.20 16:00:57.819,0.72391,0.72399,1.50,1.37
2016.12.20 16:00:59.153,0.72391,0.724,1.50,1.50
2016.12.20 16:00:59.658,0.72392,0.724,1.00,1.50
2016.12.20 16:01:00.268,0.72391,0.724,1.00,2.25
2016.12.20 16:01:00.427,0.72393,0.724,1.00,1.00
2016.12.20 16:01:00.833,0.72393,0.72402,1.00,1.00
2016.12.20 16:01:00.884,0.72395,0.72403,1.00,2.62
2016.12.20 16:01:01.339,0.72393,0.72403,1.00,1.87
2016.12.20 16:01:01.449,0.72397,0.72403,1.00,1.50
2016.12.20 16:01:01.500,0.72395,0.72403,1.00,1.87
2016.12.20 16:01:01.552,0.72398,0.72402,1.00,1.00
2016.12.20 16:01:01.830,0.72399,0.72405,1.00,2.62
2016.12.20 16:01:02.090,0.72399,0.72407,1.00,1.00
2016.12.20 16:01:02.704,0.72399,0.72408,1.00,1.87
2016.12.20 16:01:03.208,0.72399,0.72409,1.00,1.69
2016.12.20 16:01:03.890,0.724,0.72409,1.00,1.31
2016.12.20 16:01:04.396,0.72401,0.7241,1.12,3.75
2016.12.20 16:01:05.289,0.724,0.72409,1.50,1.12
2016.12.20 16:01:05.793,0.72403,0.72409,1.00,1.12
2016.12.20 16:01:05.945,0.724,0.7241,1.50,2.62
2016.12.20 16:01:06.148,0.72404,0.72408,1.00,1.12
2016.12.20 16:01:06.653,0.72403,0.72408,1.00,1.12
2016.12.20 16:01:07.256,0.72403,0.72409,1.00,1.12
2016.12.20 16:01:07.562,0.72401,0.7241,1.87,1.87
2016.12.20 16:01:08.068,0.72402,0.7241,1.00,1.37
2016.12.20 16:01:08.441,0.72402,0.72412,1.87,1.50
2016.12.20 16:01:08.643,0.72405,0.72413,1.00,2.06
2016.12.20 16:01:09.149,0.72404,0.72412,1.12,1.37
2016.12.20 16:01:09.465,0.72403,0.72413,1.00,3.19
2016.12.20 16:01:09.769,0.72407,0.72416,1.50,1.37
2016.12.20 16:01:09.992,0.72409,0.72415,1.00,1.00
2016.12.20 16:01:10.097,0.72409,0.72417,1.00,1.87
2016.12.20 16:01:10.602,0.7241,0.72417,1.00,1.00
2016.12.20 16:01:11.159,0.7241,0.72418,1.00,1.69
2016.12.20 16:01:11.681,0.72411,0.72418,1.00,1.25
2016.12.20 16:01:12.287,0.72413,0.72419,1.00,1.00
2016.12.20 16:01:13.389,0.72414,0.7242,1.00,1.50
2016.12.20 16:01:13.931,0.72414,0.72422,1.00,2.81
2016.12.20 16:01:15.094,0.72414,0.72422,1.00,2.44
2016.12.20 16:01:15.478,0.72412,0.72421,1.31,1.37
2016.12.20 16:01:15.983,0.72412,0.72421,1.69,2.62
2016.12.20 16:01:17.070,0.72412,0.72421,1.69,2.62
2016.12.20 16:01:17.618,0.72411,0.7242,1.00,1.50
2016.12.20 16:01:17.973,0.72413,0.72419,1.00,2.25
2016.12.20 16:01:18.478,0.72413,0.72418,1.00,1.12
2016.12.20 16:01:18.630,0.72409,0.72418,2.25,1.12
2016.12.20 16:01:19.164,0.72412,0.72418,1.00,1.12
2016.12.20 16:01:19.669,0.72412,0.72419,1.00,1.50
2016.12.20 16:01:20.117,0.7241,0.72418,3.00,1.12
2016.12.20 16:01:20.470,0.72412,0.72418,1.00,1.12
2016.12.20 16:01:20.773,0.7241,0.72418,1.87,1.12
2016.12.20 16:01:21.261,0.72412,0.72419,1.00,1.12
2016.12.20 16:01:22.004,0.72409,0.72419,3.37,1.12
2016.12.20 16:01:22.105,0.72412,0.72419,1.00,1.87
2016.12.20 16:01:22.712,0.72412,0.72418,1.00,1.12
2016.12.20 16:01:23.250,0.72412,0.72419,1.00,1.12
2016.12.20 16:01:23.762,0.72412,0.72418,1.00,1.12
2016.12.20 16:01:24.419,0.72412,0.72419,1.00,1.87
2016.12.20 16:01:24.927,0.72412,0.72418,1.00,1.12
2016.12.20 16:01:25.584,0.72412,0.7242,1.00,2.62
2016.12.20 16:01:25.887,0.72413,0.72422,1.00,3.94
2016.12.20 16:01:26.594,0.72412,0.72422,1.12,4.69
2016.12.20 16:01:27.162,0.72413,0.72422,1.00,3.94
2016.12.20 16:01:27.582,0.72416,0.72422,1.00,1.50
2016.12.20 16:01:27.786,0.72418,0.72426,1.12,1.12
2016.12.20 16:01:27.988,0.7242,0.72426,1.00,1.00
2016.12.20 16:01:28.531,0.7242,0.72427,1.00,1.00
2016.12.20 16:01:29.035,0.72419,0.72427,1.12,1.69
2016.12.20 16:01:29.339,0.72413,0.72423,1.50,1.00
2016.12.20 16:01:29.898,0.72415,0.72425,1.50,4.31
2016.12.20 16:01:30.100,0.72414,0.72422,2.62,1.00
2016.12.20 16:01:30.607,0.72414,0.72422,1.50,1.87
2016.12.20 16:01:31.014,0.72418,0.72422,1.00,1.12
2016.12.20 16:01:31.267,0.72418,0.72425,1.00,1.50
2016.12.20 16:01:31.788,0.72418,0.72428,1.00,4.03
2016.12.20 16:01:32.367,0.72419,0.72427,1.25,1.59
2016.12.20 16:01:32.771,0.72418,0.72428,2.81,1.21
2016.12.20 16:01:33.304,0.72418,0.72428,3.56,1.09
2016.12.20 16:01:34.163,0.72418,0.72428,2.81,1.12
2016.12.20 16:01:35.120,0.72418,0.72428,3.94,1.09
2016.12.20 16:01:35.625,0.72419,0.7243,1.12,1.59
2016.12.20 16:01:35.728,0.72421,0.7243,1.00,1.59
2016.12.20 16:01:36.033,0.72421,0.72431,1.12,3.00
2016.12.20 16:01:36.666,0.72422,0.72431,1.00,2.25
2016.12.20 16:01:37.171,0.72423,0.7243,1.00,1.00
2016.12.20 16:01:37.222,0.72421,0.72431,1.00,3.37
2016.12.20 16:01:37.741,0.72421,0.7243,1.00,1.00
2016.12.20 16:01:38.824,0.72422,0.7243,1.00,1.00
2016.12.20 16:01:39.191,0.72424,0.7243,1.00,1.00
2016.12.20 16:01:39.848,0.72424,0.72432,1.00,1.87
2016.12.20 16:01:40.150,0.72424,0.72433,1.00,1.87
2016.12.20 16:01:40.252,0.72423,0.72435,1.87,5.44
2016.12.20 16:01:40.303,0.72423,0.72435,1.87,6.56
2016.12.20 16:01:40.780,0.72423,0.72435,3.00,4.69
2016.12.20 16:01:41.302,0.72424,0.72435,1.00,3.94
2016.12.20 16:01:42.918,0.72425,0.72434,1.00,1.87
2016.12.20 16:01:43.221,0.72428,0.72436,1.25,1.00
2016.12.20 16:01:43.477,0.72429,0.72439,1.00,5.44
2016.12.20 16:01:48.039,0.72428,0.72436,2.06,3.00
2016.12.20 16:01:48.250,0.72424,0.72433,1.25,1.37
2016.12.20 16:01:48.351,0.72422,0.72433,2.62,1.37
2016.12.20 16:01:49.463,0.72424,0.72432,1.00,1.50
2016.12.20 16:01:50.833,0.72424,0.72433,1.00,2.25
2016.12.20 16:01:51.440,0.72424,0.72434,4.50,3.00
2016.12.20 16:01:51.743,0.72428,0.72435,1.69,1.87
2016.12.20 16:01:52.289,0.72427,0.72435,1.00,1.87
2016.12.20 16:01:52.596,0.72425,0.72434,1.25,1.87
2016.12.20 16:01:52.957,0.72427,0.72434,1.50,2.62
2016.12.20 16:01:53.061,0.72427,0.72438,1.50,1.75
2016.12.20 16:01:53.567,0.72425,0.72436,2.44,4.27
2016.12.20 16:01:53.720,0.72422,0.72433,4.87,1.87
2016.12.20 16:01:53.855,0.72422,0.72432,2.25,1.12
2016.12.20 16:01:54.462,0.72421,0.72433,2.06,4.87
2016.12.20 16:01:54.766,0.7242,0.7243,1.87,1.50
2016.12.20 16:01:55.271,0.72419,0.72429,3.19,1.00
2016.12.20 16:01:56.943,0.72419,0.72429,1.31,1.87
2016.12.20 16:01:57.452,0.72419,0.72428,1.31,1.00
2016.12.20 16:01:57.961,0.72419,0.72429,1.31,1.12
2016.12.20 16:01:58.266,0.72417,0.72426,1.87,1.00
2016.12.20 16:01:58.419,0.72411,0.72422,7.69,1.00
2016.12.20 16:01:58.470,0.72411,0.72422,5.44,1.00
2016.12.20 16:01:58.802,0.72412,0.72421,1.00,1.37
2016.12.20 16:01:59.055,0.72413,0.72424,1.50,3.37
2016.12.20 16:01:59.422,0.72412,0.72423,1.00,2.25
2016.12.20 16:01:59.931,0.72411,0.72422,1.69,2.62
2016.12.20 16:02:01.417,0.72412,0.72421,1.00,1.69
2016.12.20 16:02:01.720,0.72414,0.72421,3.00,2.44
2016.12.20 16:02:01.973,0.72413,0.72423,1.50,3.37
2016.12.20 16:02:02.502,0.72413,0.72422,1.00,4.12
2016.12.20 16:02:02.906,0.72415,0.72421,1.00,1.12
2016.12.20 16:02:03.813,0.72416,0.72421,1.00,1.87
2016.12.20 16:02:04.066,0.72416,0.72424,1.37,1.12
2016.12.20 16:02:04.268,0.72416,0.72422,1.37,1.37
2016.12.20 16:02:04.369,0.72415,0.72425,1.50,5.06
2016.12.20 16:02:04.471,0.72417,0.72424,1.37,1.50
2016.12.20 16:02:04.977,0.72417,0.72423,1.00,1.00
2016.12.20 16:02:05.104,0.72415,0.72423,1.50,1.00
2016.12.20 16:02:05.357,0.72418,0.72425,1.00,2.06
2016.12.20 16:02:05.864,0.72419,0.72429,2.44,5.25
2016.12.20 16:02:06.218,0.72421,0.72425,1.00,1.00
2016.12.20 16:02:06.319,0.72419,0.72425,2.44,1.00
2016.12.20 16:02:06.836,0.72419,0.72425,2.44,1.37
2016.12.20 16:02:07.392,0.72419,0.72426,2.44,1.12
2016.12.20 16:02:07.573,0.72422,0.72429,1.00,1.50
2016.12.20 16:02:07.674,0.72422,0.7243,1.00,2.25
2016.12.20 16:02:07.725,0.72419,0.72425,2.06,1.00
2016.12.20 16:02:07.826,0.7242,0.72428,1.00,1.50
2016.12.20 16:02:07.877,0.72417,0.72427,1.87,1.20
2016.12.20 16:02:07.928,0.72419,0.72428,1.00,1.15
2016.12.20 16:02:08.030,0.7242,0.72429,1.00,1.00
2016.12.20 16:02:08.554,0.7242,0.7243,1.37,2.77
2016.12.20 16:02:09.060,0.7242,0.7243,1.37,2.77
2016.12.20 16:02:09.570,0.7242,0.7243,1.37,2.77
2016.12.20 16:02:10.117,0.7242,0.7243,1.37,2.62
2016.12.20 16:02:10.656,0.72421,0.7243,1.12,1.87
2016.12.20 16:02:11.976,0.72422,0.7243,1.00,2.25
2016.12.20 16:02:12.630,0.72419,0.72427,2.81,1.00
2016.12.20 16:02:12.935,0.72417,0.72425,1.00,2.44
2016.12.20 16:02:12.986,0.7242,0.72427,1.25,2.62
2016.12.20 16:02:13.239,0.72423,0.72431,1.37,1.00
2016.12.20 16:02:13.340,0.72422,0.72431,1.50,1.00
2016.12.20 16:02:13.832,0.72422,0.7243,1.00,1.37
2016.12.20 16:02:13.935,0.72422,0.72431,1.00,1.20
2016.12.20 16:02:13.987,0.72422,0.7243,1.00,1.37
2016.12.20 16:02:14.290,0.72425,0.72434,1.00,1.37
2016.12.20 16:02:14.392,0.72425,0.72435,1.00,2.81
2016.12.20 16:02:14.594,0.72427,0.72435,1.00,4.31
2016.12.20 16:02:15.251,0.72426,0.72434,1.00,1.87
2016.12.20 16:02:15.599,0.72423,0.72433,1.50,1.00
2016.12.20 16:02:16.105,0.72425,0.72434,1.00,1.00
2016.12.20 16:02:16.760,0.72427,0.72434,1.12,1.12
2016.12.20 16:02:17.013,0.7243,0.72438,1.00,1.50
2016.12.20 16:02:17.604,0.72431,0.72439,1.00,1.31
2016.12.20 16:02:18.112,0.7243,0.72439,1.12,1.87
2016.12.20 16:02:18.163,0.7243,0.72437,1.12,1.00
2016.12.20 16:02:18.467,0.72427,0.72434,1.75,1.00
2016.12.20 16:02:18.518,0.72427,0.72434,1.00,1.50
2016.12.20 16:02:18.669,0.72422,0.72432,3.00,1.00
2016.12.20 16:02:18.974,0.72422,0.72429,1.37,1.00
2016.12.20 16:02:19.196,0.72421,0.72428,1.87,1.12
2016.12.20 16:02:19.702,0.72422,0.72429,1.00,1.12
2016.12.20 16:02:20.788,0.72421,0.72428,1.87,1.12
2016.12.20 16:02:21.294,0.72421,0.72429,2.25,1.12
2016.12.20 16:02:21.816,0.72422,0.72429,1.00,1.12
2016.12.20 16:02:22.639,0.72426,0.72432,1.00,2.62
2016.12.20 16:02:22.690,0.72428,0.72433,1.00,1.50
2016.12.20 16:02:22.825,0.72428,0.72436,1.37,3.00
2016.12.20 16:02:23.078,0.7243,0.72438,1.12,1.00
2016.12.20 16:02:23.533,0.72428,0.72433,1.87,1.00
2016.12.20 16:02:23.685,0.72425,0.72433,1.37,3.19
2016.12.20 16:02:23.736,0.72424,0.72432,1.00,1.50
2016.12.20 16:02:23.787,0.72422,0.72432,1.12,1.87
2016.12.20 16:02:23.888,0.72421,0.72431,2.81,1.37
2016.12.20 16:02:24.402,0.72423,0.72432,1.00,3.00
2016.12.20 16:02:25.466,0.72423,0.72431,1.00,1.00
2016.12.20 16:02:26.072,0.72423,0.72432,1.00,2.62
2016.12.20 16:02:26.597,0.72423,0.72432,1.00,2.62
2016.12.20 16:02:27.102,0.72422,0.72432,1.00,4.12
2016.12.20 16:02:27.667,0.72422,0.72432,1.00,6.37
2016.12.20 16:02:27.970,0.72425,0.72431,1.00,1.50
2016.12.20 16:02:28.723,0.72424,0.72432,1.00,3.00
2016.12.20 16:02:29.228,0.72423,0.72431,1.00,5.25
2016.12.20 16:02:29.531,0.72421,0.72431,2.44,4.12
2016.12.20 16:02:30.677,0.72422,0.72431,1.00,2.62
2016.12.20 16:02:30.728,0.72424,0.72431,1.00,2.62
2016.12.20 16:02:31.661,0.72428,0.72432,1.00,1.50
2016.12.20 16:02:31.763,0.72428,0.72434,1.12,1.12
2016.12.20 16:02:31.865,0.7243,0.72438,1.87,1.00
2016.12.20 16:02:31.966,0.72431,0.72436,1.12,1.25
2016.12.20 16:02:32.068,0.7243,0.72439,3.00,1.37
2016.12.20 16:02:32.170,0.7243,0.7244,2.25,1.00
2016.12.20 16:02:32.271,0.72431,0.72438,1.12,1.37
2016.12.20 16:02:32.475,0.72431,0.72441,1.00,4.87
2016.12.20 16:02:32.577,0.7243,0.7244,1.12,1.00
2016.12.20 16:02:32.779,0.72432,0.72441,1.00,2.25
2016.12.20 16:02:33.095,0.7243,0.72438,1.50,1.00
2016.12.20 16:02:33.146,0.7243,0.7244,1.50,1.50
2016.12.20 16:02:33.249,0.72434,0.7244,1.00,1.00
2016.12.20 16:02:33.300,0.72431,0.72441,1.00,1.00
2016.12.20 16:02:33.401,0.72431,0.72441,1.37,1.50
2016.12.20 16:02:33.906,0.72432,0.72442,1.00,6.19
2016.12.20 16:02:34.995,0.72432,0.72441,1.00,1.00
2016.12.20 16:02:35.513,0.72432,0.72442,1.00,4.31
2016.12.20 16:02:36.019,0.72432,0.72442,1.00,4.69
2016.12.20 16:02:36.524,0.72432,0.7244,1.00,1.50
2016.12.20 16:02:43.180,0.72431,0.7244,1.00,2.25
2016.12.20 16:02:43.685,0.7243,0.72438,1.50,1.00
2016.12.20 16:02:43.988,0.72432,0.72439,1.00,1.00
2016.12.20 16:02:44.493,0.72433,0.7244,1.00,2.62
2016.12.20 16:02:45.363,0.72433,0.72439,1.00,1.37
2016.12.20 16:02:46.820,0.72432,0.72439,1.50,1.87
2016.12.20 16:02:47.813,0.72432,0.72439,1.50,1.12
2016.12.20 16:02:48.321,0.72431,0.7244,1.50,3.37
2016.12.20 16:02:51.443,0.72431,0.72439,1.00,1.87
2016.12.20 16:02:51.963,0.72431,0.72439,1.00,1.87
2016.12.20 16:02:56.494,0.72429,0.72438,1.12,1.00
2016.12.20 16:02:56.797,0.72431,0.72439,1.00,2.62
2016.12.20 16:03:00.622,0.72431,0.72436,1.00,1.00
2016.12.20 16:03:00.958,0.72421,0.72429,3.94,1.00
2016.12.20 16:03:01.680,0.72423,0.72431,1.00,1.12
2016.12.20 16:03:01.984,0.72425,0.72434,1.37,1.37
2016.12.20 16:03:02.186,0.72425,0.72435,2.62,3.19
2016.12.20 16:03:02.590,0.72429,0.72435,1.00,2.44
2016.12.20 16:03:03.085,0.72431,0.72437,1.00,1.37
2016.12.20 16:03:03.186,0.72431,0.7244,1.00,5.44
2016.12.20 16:03:03.287,0.72431,0.7244,1.00,3.19
2016.12.20 16:03:03.643,0.72433,0.7244,1.00,3.19
2016.12.20 16:03:03.694,0.72431,0.7244,1.00,3.19
2016.12.20 16:03:04.113,0.72434,0.7244,1.00,2.06
2016.12.20 16:03:04.164,0.72432,0.7244,1.00,3.19
2016.12.20 16:03:04.215,0.72434,0.7244,1.00,3.19
2016.12.20 16:03:04.468,0.72431,0.7244,1.00,3.19
2016.12.20 16:03:04.519,0.72434,0.7244,1.00,3.19
2016.12.20 16:03:05.074,0.72433,0.7244,1.00,2.44
2016.12.20 16:03:05.614,0.72432,0.7244,1.00,2.06
2016.12.20 16:03:06.320,0.72433,0.7244,1.00,1.31
2016.12.20 16:03:06.724,0.72431,0.7244,1.00,2.44
2016.12.20 16:03:07.230,0.72431,0.72439,1.00,1.00
2016.12.20 16:03:08.620,0.72432,0.72439,1.00,1.12
2016.12.20 16:03:08.721,0.72429,0.72439,2.25,1.87
2016.12.20 16:03:09.247,0.72431,0.72439,1.00,1.87
2016.12.20 16:03:09.782,0.72432,0.72439,1.00,1.12
2016.12.20 16:03:10.287,0.72431,0.72439,1.00,3.00
2016.12.20 16:03:11.712,0.72431,0.72438,1.00,1.00
2016.12.20 16:03:12.022,0.72429,0.72439,1.00,4.87
2016.12.20 16:03:13.281,0.72428,0.72437,1.87,1.00
2016.12.20 16:03:15.225,0.72428,0.72436,1.50,1.00
2016.12.20 16:03:16.470,0.72427,0.72437,1.12,1.00
2016.12.20 16:03:16.890,0.72428,0.72439,4.12,1.87
2016.12.20 16:03:17.414,0.72429,0.72439,1.00,1.12
2016.12.20 16:03:17.516,0.72428,0.72436,4.12,1.00
2016.12.20 16:03:18.020,0.72429,0.72437,1.00,1.00
2016.12.20 16:03:20.461,0.72429,0.72439,3.37,1.87
2016.12.20 16:03:20.512,0.72429,0.72436,2.62,1.00
2016.12.20 16:03:20.866,0.72429,0.72438,1.12,1.00
2016.12.20 16:03:21.371,0.72429,0.72439,1.87,2.25
2016.12.20 16:03:22.464,0.7243,0.72439,1.00,4.12
2016.12.20 16:03:23.790,0.7243,0.72438,1.12,1.12
2016.12.20 16:03:24.297,0.7243,0.72439,1.12,1.00
2016.12.20 16:03:24.802,0.7243,0.72438,1.87,1.87
2016.12.20 16:03:25.307,0.72431,0.72439,1.00,1.12
2016.12.20 16:03:26.602,0.72431,0.72438,1.00,1.12
2016.12.20 16:03:27.107,0.7243,0.72439,1.27,1.12
2016.12.20 16:03:27.875,0.72429,0.72439,4.87,1.50
2016.12.20 16:03:28.434,0.7243,0.72439,1.00,1.00
2016.12.20 16:03:28.939,0.72429,0.72438,4.87,1.12
2016.12.20 16:03:30.021,0.7243,0.7244,1.50,3.56
2016.12.20 16:03:30.375,0.72429,0.72437,5.62,1.00
2016.12.20 16:03:31.315,0.72429,0.72439,5.62,1.00
2016.12.20 16:03:32.610,0.72429,0.72438,2.62,1.00
2016.12.20 16:03:33.270,0.7243,0.72439,1.00,1.00
2016.12.20 16:03:33.775,0.72431,0.7244,1.00,1.69
2016.12.20 16:03:34.128,0.72431,0.72438,1.00,1.00
2016.12.20 16:03:34.633,0.72431,0.72439,1.00,1.00
2016.12.20 16:03:36.721,0.72439,0.72443,1.00,3.75
2016.12.20 16:03:37.210,0.72438,0.72444,1.12,1.00
2016.12.20 16:03:37.261,0.7244,0.72446,1.50,1.25
2016.12.20 16:03:37.313,0.7244,0.72448,1.12,1.50
2016.12.20 16:03:37.675,0.7244,0.72446,1.12,1.00
2016.12.20 16:03:37.928,0.7244,0.72448,3.00,1.87
2016.12.20 16:03:38.743,0.72441,0.72448,1.00,1.87
2016.12.20 16:03:39.282,0.7244,0.72448,3.00,1.87
2016.12.20 16:03:40.206,0.7244,0.7245,4.87,3.94
2016.12.20 16:03:40.257,0.7244,0.7245,4.50,3.56
2016.12.20 16:03:42.093,0.72441,0.7245,1.00,3.56
2016.12.20 16:03:42.598,0.72442,0.7245,1.00,1.25
2016.12.20 16:03:43.129,0.72439,0.72443,7.50,1.00
2016.12.20 16:03:43.179,0.72441,0.72445,1.00,1.50
2016.12.20 16:03:43.281,0.7244,0.72445,1.00,1.00
2016.12.20 16:03:43.332,0.72441,0.72449,1.00,1.00
2016.12.20 16:03:43.434,0.72442,0.72452,2.62,1.87
2016.12.20 16:03:43.940,0.72442,0.72452,3.00,1.00
2016.12.20 16:03:44.461,0.72442,0.72451,1.87,1.00
2016.12.20 16:03:44.976,0.72442,0.72451,1.12,1.00
2016.12.20 16:03:46.363,0.72441,0.72451,1.50,1.87
2016.12.20 16:03:47.860,0.72441,0.72451,3.75,1.00
2016.12.20 16:03:48.422,0.72441,0.72451,1.12,1.00
2016.12.20 16:03:49.464,0.7244,0.7245,5.06,1.00
2016.12.20 16:03:50.735,0.7244,0.7245,6.19,1.00
2016.12.20 16:03:51.413,0.7244,0.72448,2.06,1.00
2016.12.20 16:03:51.918,0.72439,0.72448,1.00,1.37
2016.12.20 16:03:52.226,0.72438,0.72442,1.87,3.75
2016.12.20 16:03:52.378,0.72432,0.72439,1.31,1.00
2016.12.20 16:03:53.186,0.72432,0.72439,1.25,1.50
2016.12.20 16:03:54.634,0.72433,0.7244,1.00,1.87
2016.12.20 16:03:55.149,0.72433,0.72441,1.00,1.87
2016.12.20 16:03:55.724,0.72432,0.72441,1.25,4.50
2016.12.20 16:03:55.775,0.72432,0.72439,1.25,1.00
2016.12.20 16:03:56.230,0.72432,0.72441,1.69,1.87
2016.12.20 16:03:56.863,0.72432,0.72441,1.69,2.25
2016.12.20 16:03:58.202,0.72429,0.72435,2.25,1.00
2016.12.20 16:03:58.253,0.72427,0.72434,1.37,1.00
2016.12.20 16:03:58.455,0.72425,0.72433,1.12,1.12
2016.12.20 16:03:58.960,0.72424,0.72434,1.12,3.00
2016.12.20 16:04:00.127,0.72424,0.72432,1.00,1.00
2016.12.20 16:04:00.251,0.72422,0.72431,1.00,2.44
2016.12.20 16:04:00.304,0.72422,0.72431,1.00,3.19
2016.12.20 16:04:00.557,0.72422,0.72431,1.00,3.94
2016.12.20 16:04:01.063,0.72421,0.72431,1.00,5.44
2016.12.20 16:04:01.795,0.72422,0.72431,1.00,3.19
2016.12.20 16:04:02.755,0.72425,0.72431,1.00,1.31
2016.12.20 16:04:02.907,0.72423,0.72431,1.00,1.25
2016.12.20 16:04:06.014,0.72425,0.72432,1.00,1.00
2016.12.20 16:04:06.519,0.72424,0.72434,1.12,2.62
2016.12.20 16:04:07.067,0.72425,0.72433,3.00,1.12
2016.12.20 16:04:07.602,0.72424,0.72433,1.00,3.00
2016.12.20 16:04:08.272,0.72423,0.72433,1.00,4.87
2016.12.20 16:04:10.449,0.72422,0.72432,3.37,2.62
2016.12.20 16:04:10.957,0.72422,0.72432,4.12,2.62
2016.12.20 16:04:12.677,0.72424,0.72433,4.12,2.25
2016.12.20 16:04:12.980,0.7243,0.72438,1.12,1.50
2016.12.20 16:04:13.031,0.7243,0.72438,1.12,1.00
2016.12.20 16:04:13.540,0.72431,0.72439,2.62,1.25
2016.12.20 16:04:14.073,0.72431,0.72439,2.62,1.25
2016.12.20 16:04:14.579,0.72431,0.72439,4.12,1.25
2016.12.20 16:04:15.099,0.72431,0.72439,4.87,1.25
2016.12.20 16:04:16.292,0.72431,0.72439,1.87,1.25
2016.12.20 16:04:17.187,0.72431,0.72441,2.62,1.12
2016.12.20 16:04:17.692,0.72433,0.72441,1.00,1.00
2016.12.20 16:04:21.349,0.72433,0.72441,1.50,1.00
2016.12.20 16:04:21.450,0.72437,0.72444,1.00,1.37
2016.12.20 16:04:21.553,0.72437,0.72445,2.25,1.25
2016.12.20 16:04:21.755,0.72438,0.72445,1.50,1.25
2016.12.20 16:04:21.806,0.7244,0.72448,1.50,1.87
2016.12.20 16:04:22.110,0.72442,0.72449,1.00,1.62
2016.12.20 16:04:22.617,0.72442,0.72449,1.12,1.69
2016.12.20 16:04:22.922,0.72438,0.72447,1.12,1.87
2016.12.20 16:04:23.145,0.7244,0.72446,1.00,1.25
2016.12.20 16:04:23.651,0.72441,0.72449,1.00,2.62
2016.12.20 16:04:24.156,0.72441,0.7245,2.25,3.56
2016.12.20 16:04:24.662,0.72443,0.7245,1.00,1.62
2016.12.20 16:04:25.488,0.72443,0.72451,1.00,2.44
2016.12.20 16:04:27.078,0.72444,0.72451,1.00,1.25
2016.12.20 16:04:28.087,0.72444,0.7245,1.00,1.50
2016.12.20 16:04:28.189,0.7244,0.72448,5.62,1.00
2016.12.20 16:04:28.239,0.72441,0.72448,1.00,1.00
2016.12.20 16:04:28.746,0.72442,0.72448,1.00,1.00
2016.12.20 16:04:29.260,0.72443,0.72449,1.12,1.25
2016.12.20 16:04:29.765,0.72443,0.72451,1.12,1.37
2016.12.20 16:04:29.917,0.72444,0.72452,1.00,1.25
2016.12.20 16:04:30.422,0.72443,0.72452,1.87,1.69
2016.12.20 16:04:32.006,0.72443,0.72451,1.12,1.00
2016.12.20 16:04:34.268,0.72442,0.72449,2.25,1.00
2016.12.20 16:04:34.369,0.72442,0.72451,1.50,1.50
2016.12.20 16:04:36.508,0.72442,0.7245,1.00,1.00
2016.12.20 16:04:36.962,0.72442,0.72448,1.37,1.00
2016.12.20 16:04:37.719,0.72441,0.72448,1.87,1.00
2016.12.20 16:04:39.054,0.72442,0.7245,1.00,3.75
2016.12.20 16:04:39.156,0.7244,0.72449,1.87,2.62
2016.12.20 16:04:39.207,0.7244,0.72447,1.12,2.25
2016.12.20 16:04:39.510,0.72437,0.72444,1.00,1.12
2016.12.20 16:04:40.161,0.72437,0.72443,1.00,1.12
2016.12.20 16:04:40.683,0.72436,0.72444,1.00,1.87
2016.12.20 16:04:40.986,0.72439,0.72444,1.00,1.12
2016.12.20 16:04:41.289,0.72437,0.72444,1.00,1.87
2016.12.20 16:04:41.441,0.72439,0.72444,1.00,1.12
2016.12.20 16:04:41.997,0.72439,0.72445,1.00,2.62
2016.12.20 16:04:42.728,0.72439,0.72445,1.00,1.37
2016.12.20 16:04:43.234,0.72439,0.72445,1.00,1.37
2016.12.20 16:04:43.763,0.72439,0.72445,1.00,1.37
2016.12.20 16:04:45.137,0.72439,0.72444,1.00,1.37
2016.12.20 16:04:45.445,0.72436,0.72445,1.50,1.87
2016.12.20 16:04:45.597,0.72434,0.72443,1.50,1.87
2016.12.20 16:04:47.712,0.72438,0.72443,1.00,1.00
2016.12.20 16:04:47.965,0.72437,0.72445,1.00,1.50
2016.12.20 16:04:48.117,0.72439,0.72445,1.00,1.50
2016.12.20 16:04:48.636,0.72439,0.72446,1.00,1.25
2016.12.20 16:04:50.396,0.72438,0.72446,1.00,2.44
2016.12.20 16:04:50.900,0.72439,0.72446,1.00,2.81
2016.12.20 16:04:51.559,0.72438,0.72446,1.00,2.81
2016.12.20 16:04:52.422,0.7244,0.72446,1.00,2.81
2016.12.20 16:04:52.676,0.72438,0.72446,1.00,2.81
2016.12.20 16:04:53.182,0.72439,0.72446,1.00,3.19
2016.12.20 16:04:55.318,0.72437,0.72446,1.00,4.54
2016.12.20 16:04:55.420,0.72436,0.72445,1.00,3.75
2016.12.20 16:04:55.723,0.7244,0.72447,3.37,2.62
2016.12.20 16:04:55.824,0.72441,0.72449,1.00,1.00
2016.12.20 16:04:56.357,0.72442,0.7245,1.00,1.50
2016.12.20 16:04:58.015,0.7244,0.7245,2.62,2.25
2016.12.20 16:04:58.890,0.7244,0.72449,1.87,1.00
2016.12.20 16:04:59.043,0.7244,0.72449,1.50,2.25
2016.12.20 16:04:59.144,0.7244,0.72449,1.00,2.62
2016.12.20 16:04:59.297,0.7244,0.72447,1.00,3.00
2016.12.20 16:04:59.348,0.72438,0.72446,1.00,1.50
2016.12.20 16:05:00.106,0.72436,0.72444,1.00,1.00
2016.12.20 16:05:00.208,0.72434,0.72444,2.62,1.00
2016.12.20 16:05:00.655,0.72436,0.72445,1.00,1.00
2016.12.20 16:05:01.161,0.72437,0.72447,1.12,2.44
2016.12.20 16:05:01.527,0.72436,0.72444,1.50,1.00
2016.12.20 16:05:01.731,0.72434,0.72443,1.12,1.00
2016.12.20 16:05:02.236,0.72433,0.72443,5.81,1.00
2016.12.20 16:05:02.784,0.72434,0.72442,1.00,1.00
2016.12.20 16:05:03.668,0.72433,0.72442,1.69,1.00
2016.12.20 16:05:08.021,0.72433,0.72441,1.00,1.00
2016.12.20 16:05:08.325,0.72439,0.72444,1.00,1.37
2016.12.20 16:05:08.426,0.72439,0.72447,2.62,1.12
2016.12.20 16:05:08.578,0.7244,0.72449,1.37,1.25
2016.12.20 16:05:09.334,0.72441,0.72448,1.00,1.00
2016.12.20 16:05:09.638,0.72439,0.72447,3.75,1.00
2016.12.20 16:05:09.739,0.72441,0.72448,1.25,2.62
2016.12.20 16:05:10.028,0.72439,0.72447,2.25,1.00
2016.12.20 16:05:10.182,0.72439,0.72449,4.50,1.00
2016.12.20 16:05:10.536,0.72442,0.72449,1.00,1.00
2016.12.20 16:05:10.587,0.72442,0.72451,1.00,3.75
2016.12.20 16:05:11.091,0.72443,0.7245,1.00,1.00
2016.12.20 16:05:11.617,0.72443,0.72451,1.00,1.69
2016.12.20 16:05:11.920,0.72441,0.7245,1.00,1.00
2016.12.20 16:05:12.425,0.72441,0.72451,1.00,1.69
2016.12.20 16:05:14.773,0.72441,0.72449,1.00,1.00
2016.12.20 16:05:15.353,0.72441,0.7245,1.00,1.00
2016.12.20 16:05:17.811,0.72442,0.7245,1.00,2.25
2016.12.20 16:05:19.983,0.72441,0.72448,1.00,1.00
2016.12.20 16:05:20.497,0.7244,0.72449,3.75,1.00
2016.12.20 16:05:21.362,0.7244,0.72449,5.25,1.00
2016.12.20 16:05:21.665,0.7244,0.72447,2.62,1.00
2016.12.20 16:05:21.969,0.72435,0.72441,1.25,1.00
2016.12.20 16:05:24.124,0.72433,0.72441,3.75,1.00
2016.12.20 16:05:26.346,0.72433,0.7244,1.00,1.00
2016.12.20 16:05:26.688,0.72431,0.7244,3.56,1.00
2016.12.20 16:05:27.194,0.72432,0.7244,1.00,1.00
2016.12.20 16:05:28.657,0.72433,0.72442,1.00,1.00
2016.12.20 16:05:33.926,0.72433,0.72442,1.00,1.37
2016.12.20 16:05:34.817,0.72433,0.72443,1.00,3.75
2016.12.20 16:05:36.909,0.72433,0.72443,1.00,3.75
2016.12.20 16:05:38.117,0.72435,0.72443,1.00,1.50
2016.12.20 16:05:38.421,0.72442,0.72446,1.00,2.25
2016.12.20 16:05:38.472,0.72442,0.7245,1.00,3.19
2016.12.20 16:05:38.978,0.7244,0.7245,1.50,3.94
2016.12.20 16:05:39.130,0.72443,0.7245,1.00,1.25
2016.12.20 16:05:45.686,0.72441,0.72449,1.69,1.12
2016.12.20 16:05:45.787,0.72441,0.72446,1.25,3.75
2016.12.20 16:05:45.939,0.72436,0.72445,1.75,1.37
2016.12.20 16:05:46.041,0.72436,0.72445,1.00,1.37
2016.12.20 16:05:46.445,0.72438,0.72445,1.00,1.37
2016.12.20 16:05:46.547,0.7244,0.72447,1.00,1.00
2016.12.20 16:05:47.052,0.7244,0.72446,1.00,1.50
2016.12.20 16:05:47.228,0.72443,0.72449,1.00,1.00
2016.12.20 16:05:47.733,0.72443,0.7245,1.00,1.50
2016.12.20 16:05:51.926,0.72443,0.7245,1.00,2.62
2016.12.20 16:05:55.100,0.7244,0.7245,3.37,1.50
2016.12.20 16:05:56.777,0.7244,0.72448,3.37,1.00
2016.12.20 16:05:56.980,0.72442,0.72447,1.00,1.00
2016.12.20 16:05:57.082,0.72442,0.72449,1.00,1.00
2016.12.20 16:05:57.605,0.72441,0.72449,1.00,1.12
2016.12.20 16:05:58.110,0.72441,0.7245,1.00,2.25
2016.12.20 16:05:58.622,0.72441,0.72451,1.00,3.37
2016.12.20 16:06:00.262,0.72441,0.72449,1.00,1.00
2016.12.20 16:06:00.767,0.72442,0.7245,1.00,1.50
2016.12.20 16:06:03.865,0.7244,0.72448,1.50,2.25
2016.12.20 16:06:04.401,0.72441,0.72449,1.00,1.00
2016.12.20 16:06:07.215,0.7244,0.72446,1.50,1.00
2016.12.20 16:06:07.519,0.72441,0.72448,1.00,1.12
2016.12.20 16:06:07.570,0.72442,0.72448,1.00,1.37
2016.12.20 16:06:07.671,0.72443,0.72449,1.00,1.31
2016.12.20 16:06:08.178,0.72443,0.72451,1.00,3.94
2016.12.20 16:06:08.684,0.72443,0.72451,1.00,4.31
2016.12.20 16:06:09.658,0.72443,0.7245,1.00,1.00
2016.12.20 16:06:10.263,0.72443,0.72451,1.00,2.06
2016.12.20 16:06:10.785,0.72443,0.7245,1.00,1.12
2016.12.20 16:06:11.998,0.72443,0.72449,1.00,1.00
2016.12.20 16:06:12.049,0.7244,0.72447,1.87,1.50
2016.12.20 16:06:12.403,0.72442,0.7245,1.00,1.69
2016.12.20 16:06:12.946,0.72442,0.7245,1.00,1.69
2016.12.20 16:06:17.965,0.72441,0.7245,1.00,1.69
2016.12.20 16:06:18.878,0.72445,0.7245,1.00,1.00
2016.12.20 16:06:18.928,0.72443,0.72453,1.87,1.50
2016.12.20 16:06:19.040,0.72446,0.72455,1.50,4.50
2016.12.20 16:06:19.344,0.72449,0.72459,2.62,7.31
2016.12.20 16:06:19.496,0.72451,0.72459,1.50,1.00
2016.12.20 16:06:20.848,0.7245,0.72458,2.62,1.00
2016.12.20 16:06:21.830,0.72452,0.7246,1.50,1.12
2016.12.20 16:06:22.340,0.72452,0.72462,4.31,2.25
2016.12.20 16:06:22.832,0.72454,0.72462,1.00,1.50
2016.12.20 16:06:23.741,0.72454,0.72461,1.00,1.37
2016.12.20 16:06:24.259,0.72453,0.72461,1.00,1.37
2016.12.20 16:06:25.438,0.72451,0.72461,3.37,4.12
2016.12.20 16:06:27.014,0.7245,0.72459,2.25,3.37
2016.12.20 16:06:27.318,0.72445,0.72453,1.00,1.87
2016.12.20 16:06:28.466,0.72443,0.72452,1.00,1.50
2016.12.20 16:06:28.517,0.72443,0.72452,1.00,2.25
2016.12.20 16:06:35.418,0.72445,0.7245,1.00,1.12
2016.12.20 16:06:35.570,0.72443,0.7245,1.00,1.12
2016.12.20 16:06:36.936,0.72443,0.72451,1.00,1.12
2016.12.20 16:06:37.467,0.72444,0.72451,1.00,1.12
2016.12.20 16:06:37.569,0.72442,0.72451,1.50,1.12
2016.12.20 16:06:40.110,0.72444,0.72451,1.00,1.12
2016.12.20 16:06:40.722,0.72443,0.72451,1.00,1.12
2016.12.20 16:06:42.726,0.72443,0.7245,1.00,1.50
2016.12.20 16:06:43.231,0.72443,0.72451,1.00,1.12
2016.12.20 16:06:45.154,0.72442,0.7245,1.00,1.00
2016.12.20 16:06:49.024,0.72443,0.7245,1.00,1.00
2016.12.20 16:06:51.343,0.72442,0.7245,1.00,1.00
2016.12.20 16:07:00.566,0.72443,0.7245,1.00,1.00
2016.12.20 16:07:01.521,0.72443,0.72451,1.50,1.00
2016.12.20 16:07:01.825,0.72445,0.72455,1.00,4.50
2016.12.20 16:07:02.129,0.72451,0.7246,1.00,3.00
2016.12.20 16:07:02.304,0.72454,0.7246,1.00,1.87
2016.12.20 16:07:03.918,0.72454,0.72461,1.00,2.25
2016.12.20 16:07:09.441,0.72452,0.72461,2.25,1.00
2016.12.20 16:07:10.098,0.72452,0.7246,1.00,1.00
2016.12.20 16:07:11.082,0.72454,0.72461,1.00,1.00
2016.12.20 16:07:13.468,0.72454,0.7246,1.00,1.50
2016.12.20 16:07:14.363,0.72454,0.72461,1.00,1.00
2016.12.20 16:07:15.423,0.72451,0.72461,3.00,3.00
2016.12.20 16:07:18.938,0.72451,0.7246,2.62,1.50
2016.12.20 16:07:20.052,0.72452,0.72461,1.00,2.25
2016.12.20 16:07:23.136,0.72451,0.72461,3.37,1.50
2016.12.20 16:07:26.712,0.72451,0.7246,1.87,1.00
2016.12.20 16:07:27.243,0.72451,0.72459,1.87,1.00
2016.12.20 16:07:30.028,0.7245,0.72459,3.94,1.00
2016.12.20 16:07:30.483,0.7245,0.72457,2.44,1.00
2016.12.20 16:07:31.088,0.72451,0.72457,1.50,1.00
2016.12.20 16:07:31.139,0.72451,0.7246,1.50,1.00
2016.12.20 16:07:31.190,0.7245,0.72458,1.25,1.00
2016.12.20 16:07:31.695,0.7245,0.72459,1.25,1.00
2016.12.20 16:07:32.227,0.7245,0.72458,1.25,1.00
2016.12.20 16:07:33.343,0.7245,0.72456,1.00,1.00
2016.12.20 16:07:33.394,0.7245,0.72458,1.00,1.50
2016.12.20 16:07:33.697,0.72448,0.72453,1.50,2.62
2016.12.20 16:07:33.950,0.72442,0.7245,1.50,1.00
2016.12.20 16:07:34.451,0.72443,0.72451,1.12,1.69
2016.12.20 16:07:34.956,0.72445,0.72451,1.00,1.25
2016.12.20 16:07:35.915,0.72443,0.72451,1.12,1.25
2016.12.20 16:07:38.644,0.72444,0.72451,1.00,1.25
2016.12.20 16:07:38.796,0.72444,0.72453,1.00,1.12
2016.12.20 16:07:39.305,0.72444,0.72452,1.00,1.00
2016.12.20 16:07:45.321,0.72445,0.72452,1.00,1.87
2016.12.20 16:07:45.372,0.7245,0.72454,1.00,1.50
2016.12.20 16:07:45.571,0.7245,0.72457,2.25,2.25
2016.12.20 16:07:45.774,0.7245,0.7246,2.25,2.62
2016.12.20 16:07:46.237,0.72449,0.72457,3.75,1.00
2016.12.20 16:07:46.288,0.72449,0.72459,2.25,2.81
2016.12.20 16:07:46.390,0.7245,0.72459,1.00,3.94
2016.12.20 16:07:46.592,0.72451,0.7246,1.00,1.37
2016.12.20 16:07:47.098,0.72451,0.72461,1.00,3.56
2016.12.20 16:07:53.451,0.72453,0.72461,1.00,2.81
2016.12.20 16:07:53.815,0.72451,0.72459,1.12,1.00
2016.12.20 16:07:54.544,0.72451,0.72461,1.12,2.81
2016.12.20 16:07:55.050,0.72452,0.72461,1.50,2.81
2016.12.20 16:07:55.564,0.72451,0.72461,2.62,5.06
2016.12.20 16:08:15.312,0.7245,0.72458,1.87,1.00
2016.12.20 16:08:15.817,0.7245,0.72458,1.87,1.00
2016.12.20 16:08:19.855,0.72448,0.72455,1.87,1.00
2016.12.20 16:08:19.956,0.72446,0.72454,1.00,1.00
2016.12.20 16:08:20.461,0.72445,0.72454,2.44,1.00
2016.12.20 16:08:20.913,0.72446,0.72454,1.50,1.00
2016.12.20 16:08:21.317,0.72445,0.72453,1.69,1.00
2016.12.20 16:08:21.822,0.72446,0.72453,1.00,1.00
2016.12.20 16:08:22.197,0.72442,0.72452,8.62,1.00
2016.12.20 16:08:22.715,0.72442,0.72451,3.00,1.00
2016.12.20 16:08:22.918,0.72444,0.72451,1.00,1.00
2016.12.20 16:08:23.373,0.72442,0.72451,4.50,1.00
2016.12.20 16:08:23.423,0.72445,0.72451,1.00,1.00
2016.12.20 16:08:23.875,0.72442,0.72451,3.75,1.00
2016.12.20 16:08:24.395,0.72445,0.72451,1.00,1.00
2016.12.20 16:08:24.496,0.72442,0.72451,4.50,1.00
2016.12.20 16:08:25.103,0.72442,0.72452,4.50,1.50
2016.12.20 16:08:25.153,0.72445,0.72452,1.00,1.50
2016.12.20 16:08:25.406,0.72442,0.72452,5.62,1.12
2016.12.20 16:08:28.407,0.72444,0.72452,1.50,1.12
2016.12.20 16:08:28.458,0.72446,0.72453,1.50,1.50
2016.12.20 16:08:28.559,0.72446,0.72454,1.87,1.00
2016.12.20 16:08:29.064,0.72447,0.72455,1.12,1.00
2016.12.20 16:08:31.767,0.72446,0.72453,1.50,1.00
2016.12.20 16:08:31.919,0.72444,0.72454,3.00,1.37
2016.12.20 16:08:32.092,0.72446,0.72454,1.50,1.00
2016.12.20 16:08:32.143,0.72446,0.72456,3.00,2.81
2016.12.20 16:08:33.716,0.72449,0.72456,2.25,1.31
2016.12.20 16:08:33.969,0.72451,0.72459,1.00,2.25
2016.12.20 16:08:34.698,0.7245,0.72458,1.87,1.00
2016.12.20 16:08:34.900,0.7245,0.72457,1.87,1.87
2016.12.20 16:08:35.203,0.7245,0.72459,1.50,3.75
2016.12.20 16:08:37.354,0.72452,0.72459,1.00,4.50
2016.12.20 16:08:38.570,0.7245,0.72459,1.87,4.50
2016.12.20 16:08:43.512,0.72449,0.72454,1.00,1.00
2016.12.20 16:08:43.765,0.72447,0.72456,1.00,3.19
2016.12.20 16:08:43.917,0.72449,0.72456,1.00,3.19
2016.12.20 16:08:44.431,0.72447,0.72456,1.00,1.69
2016.12.20 16:08:44.533,0.72446,0.72454,1.31,1.87
2016.12.20 16:08:44.839,0.72447,0.72454,1.00,3.19
2016.12.20 16:08:44.991,0.72449,0.72456,1.00,2.25
2016.12.20 16:08:45.194,0.72447,0.72456,1.00,2.25
2016.12.20 16:08:46.107,0.72446,0.72456,3.75,5.25
2016.12.20 16:08:46.158,0.72446,0.72454,1.00,1.12
2016.12.20 16:08:46.259,0.72444,0.72453,1.00,3.00
2016.12.20 16:08:46.562,0.72444,0.72452,1.00,2.62
2016.12.20 16:08:47.490,0.72443,0.72452,3.00,2.62
2016.12.20 16:08:51.941,0.72442,0.72451,2.25,3.94
2016.12.20 16:08:52.446,0.72442,0.7245,1.00,3.75
2016.12.20 16:08:52.976,0.72443,0.72451,1.00,3.56
2016.12.20 16:08:55.001,0.72443,0.7245,1.00,1.87
2016.12.20 16:09:00.726,0.72445,0.72451,1.00,2.06
2016.12.20 16:09:02.113,0.72445,0.72453,1.00,1.87
2016.12.20 16:09:02.214,0.72447,0.72455,1.00,1.00
2016.12.20 16:09:03.378,0.72447,0.72456,1.12,2.25
2016.12.20 16:09:03.936,0.72446,0.72454,1.50,2.25
2016.12.20 16:09:04.037,0.72445,0.72453,1.50,1.00
2016.12.20 16:09:04.204,0.72443,0.72452,2.25,1.50
2016.12.20 16:09:07.854,0.72443,0.72451,1.12,1.00
2016.12.20 16:09:09.716,0.72442,0.72451,2.62,1.12
2016.12.20 16:09:14.864,0.72443,0.72452,1.00,3.37
2016.12.20 16:09:15.015,0.72445,0.72453,1.00,2.25
2016.12.20 16:09:15.117,0.72445,0.72453,1.00,1.50
2016.12.20 16:09:15.244,0.72441,0.72451,4.12,3.00
2016.12.20 16:09:15.295,0.72444,0.72451,1.00,1.87
2016.12.20 16:09:15.800,0.72444,0.72452,1.00,3.00
2016.12.20 16:09:16.306,0.72442,0.72449,1.00,1.50
2016.12.20 16:09:16.811,0.72442,0.7245,1.00,5.25
2016.12.20 16:09:22.419,0.72442,0.72449,1.00,1.00
2016.12.20 16:09:24.411,0.7244,0.72448,1.31,8.25
2016.12.20 16:09:24.462,0.72439,0.72445,1.00,1.50
2016.12.20 16:09:24.735,0.72433,0.72441,1.00,1.00
2016.12.20 16:09:25.263,0.72433,0.72441,1.00,1.37
2016.12.20 16:09:25.617,0.72434,0.72443,1.00,1.87
2016.12.20 16:09:26.122,0.72434,0.72442,1.00,1.00
2016.12.20 16:09:26.648,0.72434,0.72441,1.00,2.25
2016.12.20 16:09:28.195,0.72434,0.72442,1.00,5.62
2016.12.20 16:09:28.730,0.72433,0.72441,1.00,1.50
2016.12.20 16:09:30.228,0.72433,0.7244,1.00,2.25
2016.12.20 16:09:30.376,0.7243,0.7244,2.25,4.31
2016.12.20 16:09:30.885,0.7243,0.7244,1.00,6.19
2016.12.20 16:09:31.037,0.72432,0.7244,1.00,3.94
2016.12.20 16:09:31.554,0.72432,0.7244,1.00,1.69
2016.12.20 16:09:32.060,0.72433,0.7244,1.00,1.25
2016.12.20 16:09:50.966,0.72431,0.72439,2.25,1.00
2016.12.20 16:09:59.368,0.72432,0.7244,1.00,1.00
2016.12.20 16:10:02.705,0.72439,0.72443,1.00,2.25
2016.12.20 16:10:02.807,0.72439,0.72445,1.00,1.00
2016.12.20 16:10:02.908,0.72441,0.72447,1.00,3.00
2016.12.20 16:10:03.161,0.72441,0.72448,1.00,1.00
2016.12.20 16:10:03.376,0.72438,0.72448,3.75,1.12
2016.12.20 16:10:03.427,0.7244,0.72447,1.00,1.00
2016.12.20 16:10:03.477,0.7244,0.7245,1.00,4.50
2016.12.20 16:10:03.528,0.7244,0.72446,1.00,1.00
2016.12.20 16:10:03.831,0.72438,0.72445,1.00,1.00
2016.12.20 16:10:03.933,0.72436,0.72446,1.00,4.50
2016.12.20 16:10:04.185,0.72434,0.72444,4.50,2.62
2016.12.20 16:10:04.488,0.72438,0.72446,1.00,2.25
2016.12.20 16:10:04.853,0.72437,0.72445,1.50,3.75
2016.12.20 16:10:04.904,0.72435,0.72445,1.00,5.25
2016.12.20 16:10:05.433,0.72434,0.72444,2.81,1.50
2016.12.20 16:10:05.938,0.72435,0.72444,1.00,1.50
2016.12.20 16:10:06.090,0.72437,0.72446,1.00,5.06
2016.12.20 16:10:06.494,0.72435,0.72443,1.00,1.00
2016.12.20 16:10:06.697,0.72434,0.72443,1.25,1.75
2016.12.20 16:10:08.479,0.72432,0.72442,1.87,2.25
2016.12.20 16:10:08.985,0.72433,0.72442,1.00,2.25
2016.12.20 16:10:09.627,0.72432,0.72441,1.12,1.12
2016.12.20 16:10:10.132,0.72432,0.7244,1.00,1.00
2016.12.20 16:10:10.662,0.72432,0.72441,1.00,1.50
2016.12.20 16:10:12.616,0.72432,0.7244,1.00,1.00
2016.12.20 16:10:13.165,0.72432,0.72441,1.00,2.85
2016.12.20 16:10:13.749,0.72432,0.72441,1.00,3.60
2016.12.20 16:10:17.517,0.72432,0.72441,1.00,1.12
2016.12.20 16:10:21.774,0.72432,0.7244,1.00,1.00
2016.12.20 16:10:22.279,0.72432,0.72441,1.00,2.47
2016.12.20 16:10:23.664,0.72432,0.7244,1.00,1.00
2016.12.20 16:10:24.198,0.72432,0.72441,1.00,3.37
2016.12.20 16:10:26.614,0.72432,0.7244,1.00,1.00
2016.12.20 16:10:27.664,0.72432,0.72441,1.00,8.85
2016.12.20 16:10:27.888,0.72432,0.72439,1.00,1.00
2016.12.20 16:10:35.800,0.72434,0.72441,1.00,2.25
2016.12.20 16:10:36.105,0.72437,0.72444,1.87,2.25
2016.12.20 16:10:36.459,0.72435,0.72443,1.12,1.69
2016.12.20 16:10:37.396,0.72435,0.72442,1.12,1.00
2016.12.20 16:10:37.447,0.72435,0.72445,1.12,7.35
2016.12.20 16:10:37.498,0.72437,0.72445,1.00,3.75
2016.12.20 16:10:37.700,0.72438,0.72446,1.00,3.00
2016.12.20 16:10:40.019,0.72438,0.72445,1.00,2.10
2016.12.20 16:10:40.120,0.72437,0.72443,1.00,2.10
2016.12.20 16:10:40.171,0.72435,0.72443,1.12,2.10
2016.12.20 16:10:40.373,0.72436,0.72445,1.50,1.72
2016.12.20 16:10:40.481,0.72437,0.72445,1.12,1.72
2016.12.20 16:10:43.112,0.72436,0.72444,1.50,1.00
2016.12.20 16:10:43.264,0.72435,0.72443,1.00,1.50
2016.12.20 16:10:43.762,0.72439,0.72444,1.00,1.37
2016.12.20 16:10:43.914,0.7244,0.72448,1.00,3.75
2016.12.20 16:10:44.116,0.72435,0.72443,4.12,1.00
2016.12.20 16:10:44.318,0.72435,0.72443,1.00,1.12
2016.12.20 16:10:44.874,0.72434,0.72444,1.00,3.75
2016.12.20 16:10:47.368,0.72436,0.72444,1.00,2.25
2016.12.20 16:10:47.520,0.72437,0.72446,1.00,6.22
2016.12.20 16:10:48.114,0.7244,0.72447,1.50,1.69
2016.12.20 16:10:48.215,0.7244,0.7245,1.50,6.75
2016.12.20 16:10:48.266,0.72442,0.7245,1.00,5.62
2016.12.20 16:10:48.317,0.72442,0.7245,1.00,4.72
2016.12.20 16:10:48.570,0.7244,0.72445,1.00,2.10
2016.12.20 16:10:48.671,0.72437,0.72446,1.37,4.35
2016.12.20 16:10:48.722,0.72436,0.72445,1.12,2.85
2016.12.20 16:10:48.773,0.72438,0.72445,1.00,2.85
2016.12.20 16:10:49.894,0.72438,0.72444,1.00,1.00
2016.12.20 16:10:49.945,0.72435,0.72445,1.50,4.35
2016.12.20 16:10:50.047,0.72436,0.72444,1.00,1.37
2016.12.20 16:10:50.552,0.72435,0.72444,1.00,3.37
2016.12.20 16:10:51.721,0.72435,0.72442,1.00,1.00
2016.12.20 16:10:52.629,0.72437,0.72444,1.00,1.50
2016.12.20 16:10:52.731,0.72437,0.72445,1.00,1.00
2016.12.20 16:10:54.377,0.72438,0.72445,1.00,3.22
2016.12.20 16:10:54.579,0.7244,0.72446,1.50,2.06
2016.12.20 16:10:54.782,0.72442,0.72448,1.00,1.00
2016.12.20 16:10:55.293,0.72442,0.7245,1.00,3.19
2016.12.20 16:10:55.798,0.72442,0.7245,1.00,1.54
2016.12.20 16:10:56.130,0.72442,0.72449,1.00,2.10
2016.12.20 16:10:56.635,0.72442,0.7245,1.00,3.79
2016.12.20 16:10:57.659,0.72442,0.72449,1.00,2.10
2016.12.20 16:10:58.261,0.72442,0.72449,1.00,2.10
2016.12.20 16:10:58.820,0.72442,0.72449,1.00,2.10
2016.12.20 16:10:59.796,0.72442,0.72449,1.00,2.85
2016.12.20 16:11:00.099,0.7244,0.72448,1.50,2.85
2016.12.20 16:11:05.614,0.72439,0.72448,3.37,2.85
2016.12.20 16:11:06.240,0.72439,0.72447,3.00,2.10
2016.12.20 16:11:07.314,0.72439,0.72448,3.75,3.22
2016.12.20 16:11:07.632,0.72438,0.72446,1.37,2.10
2016.12.20 16:11:07.682,0.72437,0.72446,2.06,2.85
2016.12.20 16:11:08.036,0.72439,0.72446,1.50,1.30
2016.12.20 16:11:08.201,0.7244,0.72448,1.00,1.87
2016.12.20 16:11:08.705,0.72439,0.72448,2.62,1.87
2016.12.20 16:11:09.619,0.72439,0.72448,3.37,4.35
2016.12.20 16:11:11.320,0.72439,0.72446,1.50,2.10
2016.12.20 16:11:11.472,0.72437,0.72443,1.12,1.00
2016.12.20 16:11:11.574,0.72434,0.72441,1.12,1.00
2016.12.20 16:11:11.676,0.72433,0.72443,3.19,3.37
2016.12.20 16:11:11.777,0.72433,0.72442,3.19,2.25
2016.12.20 16:11:13.389,0.72434,0.72442,1.00,1.50
2016.12.20 16:11:13.894,0.72434,0.72442,1.00,1.00
2016.12.20 16:11:14.399,0.72434,0.72443,2.25,3.00
2016.12.20 16:11:15.917,0.72439,0.72443,1.00,1.00
2016.12.20 16:11:16.120,0.72439,0.72448,1.50,1.37
2016.12.20 16:11:16.591,0.72438,0.72445,1.87,2.10
2016.12.20 16:11:16.895,0.72436,0.72444,1.12,2.85
2016.12.20 16:11:17.198,0.72439,0.72446,1.00,1.87
2016.12.20 16:11:17.248,0.72437,0.72443,1.00,1.00
2016.12.20 16:11:17.299,0.72437,0.72445,1.00,3.37
2016.12.20 16:11:17.804,0.72436,0.72444,1.25,1.50
2016.12.20 16:11:18.389,0.72436,0.72446,2.06,4.12
2016.12.20 16:11:18.591,0.72438,0.72445,1.00,1.00
2016.12.20 16:11:21.621,0.72436,0.72445,2.06,2.25
2016.12.20 16:11:23.023,0.72436,0.72446,2.81,5.10
2016.12.20 16:11:24.355,0.72435,0.72443,1.50,2.10
2016.12.20 16:11:24.456,0.72434,0.72443,3.00,2.10
2016.12.20 16:11:24.759,0.72435,0.72444,1.00,2.25
2016.12.20 16:11:28.112,0.72434,0.72444,3.00,2.25
2016.12.20 16:11:29.261,0.72434,0.72443,1.00,5.10
2016.12.20 16:11:29.312,0.72434,0.72442,1.00,2.10
2016.12.20 16:11:29.752,0.72432,0.72442,3.94,4.35
2016.12.20 16:11:30.528,0.72435,0.72442,1.00,2.25
2016.12.20 16:11:30.842,0.7244,0.72448,1.00,3.56
2016.12.20 16:11:31.865,0.7244,0.72448,1.50,5.29
2016.12.20 16:11:32.371,0.72439,0.72447,1.50,2.10
2016.12.20 16:11:32.776,0.72437,0.72445,2.44,1.72
2016.12.20 16:11:33.758,0.72441,0.72446,1.00,3.00
2016.12.20 16:11:33.809,0.72439,0.72447,1.50,4.12
2016.12.20 16:11:33.860,0.72441,0.72447,1.00,2.25
2016.12.20 16:11:34.516,0.72441,0.72449,1.00,4.87
2016.12.20 16:11:34.820,0.7244,0.72447,1.00,2.85
2016.12.20 16:11:35.022,0.72437,0.72446,2.44,1.35
2016.12.20 16:11:35.860,0.72439,0.72446,1.00,1.00
2016.12.20 16:11:36.389,0.7244,0.72447,1.50,2.25
2016.12.20 16:11:36.893,0.7244,0.72449,1.00,3.60
2016.12.20 16:11:38.467,0.72441,0.72449,1.50,2.62
2016.12.20 16:11:39.073,0.7244,0.72449,3.00,2.25
2016.12.20 16:11:39.910,0.7244,0.7245,3.00,5.10
2016.12.20 16:11:40.457,0.7244,0.7245,3.00,8.10
2016.12.20 16:11:40.763,0.72439,0.72445,1.00,2.10
2016.12.20 16:11:40.864,0.72436,0.72445,3.19,2.85
2016.12.20 16:11:41.319,0.7244,0.72446,1.00,3.60
2016.12.20 16:11:41.572,0.72439,0.72447,1.00,1.00
2016.12.20 16:11:41.774,0.72436,0.72446,2.44,3.60
2016.12.20 16:11:42.077,0.72434,0.72443,2.25,1.37
2016.12.20 16:11:43.072,0.72433,0.72443,4.50,1.87
2016.12.20 16:11:43.376,0.72436,0.72443,1.00,1.37
2016.12.20 16:11:43.710,0.7244,0.72446,1.50,1.12
2016.12.20 16:11:44.115,0.72439,0.72446,1.00,3.60
2016.12.20 16:11:44.966,0.72439,0.72447,1.00,6.22
2016.12.20 16:11:45.471,0.72439,0.72446,1.00,2.10
2016.12.20 16:11:45.794,0.72436,0.72445,3.19,2.25
2016.12.20 16:11:46.299,0.72436,0.72445,1.69,3.75
2016.12.20 16:11:46.804,0.72436,0.72444,1.69,2.25
2016.12.20 16:11:50.913,0.72437,0.72444,1.00,2.25
2016.12.20 16:11:51.418,0.72437,0.72445,1.00,5.10
2016.12.20 16:11:58.663,0.72439,0.72446,1.50,3.22
2016.12.20 16:11:58.764,0.7244,0.72448,1.00,2.10
2016.12.20 16:11:59.319,0.72438,0.72444,2.62,2.85
2016.12.20 16:11:59.824,0.72437,0.72444,1.00,1.25
2016.12.20 16:12:01.423,0.7244,0.72445,1.00,2.25
2016.12.20 16:12:01.524,0.7244,0.72447,1.00,3.00
2016.12.20 16:12:02.066,0.72441,0.72448,1.00,2.85
2016.12.20 16:12:04.597,0.72442,0.72448,1.00,4.35
2016.12.20 16:12:05.513,0.72442,0.72449,1.00,2.62
2016.12.20 16:12:05.665,0.72444,0.7245,1.00,1.25
2016.12.20 16:12:06.190,0.72444,0.72451,1.00,2.62
2016.12.20 16:12:07.241,0.72444,0.72451,1.00,3.00
2016.12.20 16:12:08.074,0.72446,0.72451,1.00,3.00
2016.12.20 16:12:10.239,0.72447,0.72452,1.00,1.50
2016.12.20 16:12:10.441,0.7245,0.72454,1.00,1.31
2016.12.20 16:12:10.792,0.72454,0.72458,1.00,1.00
2016.12.20 16:12:10.894,0.72454,0.7246,1.00,2.62
2016.12.20 16:12:10.996,0.72455,0.72461,1.00,1.50
2016.12.20 16:12:11.148,0.72455,0.72459,1.00,1.00
2016.12.20 16:12:11.671,0.72455,0.7246,1.00,1.00
2016.12.20 16:12:12.180,0.72456,0.72462,1.00,3.19
2016.12.20 16:12:16.082,0.72456,0.7246,1.00,1.00
2016.12.20 16:12:16.823,0.72455,0.72459,1.00,1.00
2016.12.20 16:12:18.764,0.72454,0.7246,1.00,1.00
2016.12.20 16:12:21.216,0.72454,0.72459,1.00,1.00
2016.12.20 16:12:21.714,0.72451,0.72458,1.00,2.25
2016.12.20 16:12:22.017,0.72453,0.72457,1.00,1.00
2016.12.20 16:12:22.762,0.72452,0.72457,1.00,1.00
2016.12.20 16:12:23.267,0.72452,0.72458,1.00,3.37
2016.12.20 16:12:24.855,0.72452,0.72457,1.00,1.00
2016.12.20 16:12:25.713,0.72452,0.72458,1.00,3.37
2016.12.20 16:12:26.185,0.72446,0.72455,4.50,1.00
2016.12.20 16:12:26.236,0.72447,0.72455,1.12,3.22
2016.12.20 16:12:26.564,0.7245,0.72456,1.00,1.37
2016.12.20 16:12:26.666,0.72451,0.72457,1.00,2.06
2016.12.20 16:12:26.969,0.72453,0.72458,1.00,1.50
2016.12.20 16:12:27.475,0.72453,0.72459,1.00,3.00
2016.12.20 16:12:30.332,0.72452,0.72459,1.00,1.87
2016.12.20 16:12:31.314,0.72452,0.72457,1.00,2.85
2016.12.20 16:12:31.466,0.7245,0.72456,1.00,1.35
2016.12.20 16:12:31.971,0.7245,0.72456,1.00,2.10
2016.12.20 16:12:35.750,0.72452,0.72456,1.00,1.00
2016.12.20 16:12:35.802,0.72453,0.72459,1.00,1.37
2016.12.20 16:12:36.308,0.72454,0.7246,1.00,1.69
2016.12.20 16:12:37.518,0.72454,0.7246,1.00,1.25
2016.12.20 16:12:38.038,0.72455,0.7246,1.00,1.37
2016.12.20 16:12:38.443,0.72456,0.72462,1.00,1.37
2016.12.20 16:12:38.545,0.72456,0.72463,1.00,2.25
2016.12.20 16:12:39.050,0.72455,0.72463,1.00,3.75
2016.12.20 16:12:40.508,0.72455,0.72463,1.00,4.50
2016.12.20 16:12:48.164,0.72454,0.72462,1.50,2.25
2016.12.20 16:12:48.417,0.72452,0.7246,1.00,1.35
2016.12.20 16:12:49.606,0.72452,0.72461,1.00,1.50
2016.12.20 16:12:50.119,0.72452,0.7246,1.00,1.00
2016.12.20 16:12:50.624,0.72452,0.72461,1.00,2.47
2016.12.20 16:12:51.441,0.72452,0.72461,1.50,3.97
2016.12.20 16:12:51.946,0.72452,0.72461,1.00,2.47
2016.12.20 16:12:56.062,0.72451,0.72458,1.00,1.00
2016.12.20 16:12:57.167,0.72451,0.72459,1.00,2.62
2016.12.20 16:12:57.938,0.72453,0.72459,1.00,2.62
2016.12.20 16:12:58.442,0.72453,0.72458,1.00,1.00
2016.12.20 16:12:59.363,0.72453,0.72459,1.00,2.62
2016.12.20 16:13:05.082,0.72454,0.7246,1.00,2.25
2016.12.20 16:13:05.651,0.72454,0.7246,1.00,1.00
2016.12.20 16:13:06.180,0.72454,0.72461,1.00,6.41
2016.12.20 16:13:07.001,0.72454,0.7246,1.00,2.25
2016.12.20 16:13:07.511,0.72454,0.72461,1.00,2.81
2016.12.20 16:13:08.842,0.72454,0.7246,1.00,1.00
2016.12.20 16:13:09.347,0.72454,0.72461,1.00,5.66
2016.12.20 16:13:09.861,0.72454,0.7246,1.00,1.00
2016.12.20 16:13:10.536,0.72454,0.72461,1.00,6.41
2016.12.20 16:13:11.529,0.72454,0.7246,1.00,1.00
2016.12.20 16:13:13.029,0.72451,0.72459,1.00,3.60
2016.12.20 16:13:14.126,0.7245,0.72458,1.00,2.25
2016.12.20 16:13:14.177,0.72447,0.72456,1.00,6.22
2016.12.20 16:13:14.227,0.72447,0.72454,1.00,1.00
2016.12.20 16:13:16.855,0.7245,0.72456,1.00,1.50
2016.12.20 16:13:16.905,0.7245,0.72457,1.00,3.19
2016.12.20 16:13:17.057,0.7245,0.72458,1.00,1.50
2016.12.20 16:13:17.814,0.72451,0.72458,1.00,1.00
2016.12.20 16:13:19.112,0.72452,0.72459,1.00,1.00
2016.12.20 16:13:20.159,0.72452,0.7246,1.00,1.50
2016.12.20 16:13:26.721,0.72452,0.7246,1.00,3.97
2016.12.20 16:13:26.840,0.72451,0.72456,1.12,2.10
2016.12.20 16:13:26.941,0.7245,0.72457,1.00,2.85
2016.12.20 16:13:27.452,0.72449,0.72456,1.00,1.72
2016.12.20 16:13:28.810,0.7245,0.72456,1.00,3.22
2016.12.20 16:13:29.342,0.7245,0.72456,1.00,1.72
2016.12.20 16:13:30.121,0.72449,0.72457,1.00,4.91
2016.12.20 16:13:30.172,0.72447,0.72457,2.25,5.66
2016.12.20 16:13:30.938,0.72449,0.72457,1.50,2.06
2016.12.20 16:13:31.292,0.72451,0.72458,1.00,1.00
2016.12.20 16:13:31.672,0.72449,0.72457,1.37,2.85
2016.12.20 16:13:31.824,0.72447,0.72456,2.06,2.10
2016.12.20 16:13:32.331,0.72447,0.72456,1.25,1.00
2016.12.20 16:13:33.295,0.72445,0.72453,2.62,1.00
2016.12.20 16:13:33.348,0.72443,0.72453,2.62,2.25
2016.12.20 16:13:33.855,0.72443,0.72453,2.25,3.75
2016.12.20 16:13:34.360,0.72442,0.7245,1.25,1.12
2016.12.20 16:13:38.611,0.72443,0.7245,1.00,1.87
2016.12.20 16:13:40.572,0.72444,0.72452,1.00,1.50
2016.12.20 16:13:40.775,0.72444,0.72454,1.00,5.25
2016.12.20 16:13:41.231,0.7245,0.72454,1.00,1.00
2016.12.20 16:13:41.333,0.72452,0.72458,1.00,1.50
2016.12.20 16:13:41.636,0.72453,0.7246,1.00,1.69
2016.12.20 16:13:44.765,0.72453,0.7246,1.00,4.72
2016.12.20 16:13:44.816,0.7245,0.72455,1.12,2.10
2016.12.20 16:13:44.968,0.72443,0.72452,1.69,1.87
2016.12.20 16:13:45.019,0.72444,0.72452,1.00,2.25
2016.12.20 16:13:45.171,0.72444,0.72452,1.00,1.12
2016.12.20 16:13:45.676,0.72444,0.72452,1.00,3.22
2016.12.20 16:13:46.415,0.72444,0.72451,1.00,2.10
2016.12.20 16:13:47.324,0.72444,0.72452,1.00,1.12
2016.12.20 16:13:47.889,0.72445,0.72453,1.00,1.62
2016.12.20 16:13:48.415,0.72445,0.72453,1.00,1.25
2016.12.20 16:13:51.186,0.72445,0.72452,1.00,1.50
2016.12.20 16:13:51.698,0.72445,0.72452,1.00,2.25
2016.12.20 16:13:54.078,0.72444,0.72451,1.00,1.12
2016.12.20 16:13:55.222,0.72442,0.7245,1.00,1.00
2016.12.20 16:13:55.727,0.72441,0.72449,1.25,1.50
2016.12.20 16:14:03.452,0.7244,0.72449,1.25,1.00
2016.12.20 16:14:07.669,0.7244,0.72448,1.69,1.00
2016.12.20 16:14:08.180,0.72439,0.72448,3.00,2.10
2016.12.20 16:14:08.432,0.72438,0.72445,1.37,1.00
2016.12.20 16:14:08.534,0.72436,0.72445,1.50,1.00
2016.12.20 16:14:08.787,0.72436,0.72443,1.00,1.00
2016.12.20 16:14:09.314,0.72435,0.72442,1.12,1.00
2016.12.20 16:14:09.416,0.72433,0.72442,1.50,1.00
2016.12.20 16:14:09.466,0.72434,0.72439,1.00,1.00
2016.12.20 16:14:09.568,0.72431,0.72439,1.00,1.00
2016.12.20 16:14:09.686,0.72433,0.7244,1.00,3.75
2016.12.20 16:14:09.839,0.7243,0.7244,5.62,2.62
2016.12.20 16:14:09.991,0.72432,0.7244,1.50,1.12
2016.12.20 16:14:10.497,0.72431,0.7244,1.00,1.12
2016.12.20 16:14:11.463,0.7243,0.7244,4.12,1.12
2016.12.20 16:14:11.812,0.72433,0.7244,1.00,1.12
2016.12.20 16:14:12.678,0.72432,0.72442,1.00,5.06
2016.12.20 16:14:16.410,0.72431,0.72439,2.25,1.00
2016.12.20 16:14:21.212,0.72432,0.72439,1.50,1.00
2016.12.20 16:14:21.770,0.72431,0.72439,1.00,1.00
2016.12.20 16:14:23.919,0.72435,0.72439,1.00,1.00
2016.12.20 16:14:24.415,0.72433,0.7244,1.00,2.06
2016.12.20 16:14:24.573,0.72435,0.7244,1.00,2.06
2016.12.20 16:14:29.450,0.72434,0.7244,1.00,2.44
2016.12.20 16:14:31.462,0.72433,0.7244,1.00,2.44
2016.12.20 16:14:31.766,0.72435,0.7244,1.00,1.50
2016.12.20 16:14:32.366,0.72436,0.7244,1.00,1.00
2016.12.20 16:14:32.417,0.72433,0.7244,1.00,1.00
2016.12.20 16:14:32.467,0.72436,0.72441,1.00,3.37
2016.12.20 16:14:32.970,0.72435,0.72441,1.00,1.12
2016.12.20 16:14:33.822,0.72436,0.72441,1.00,1.12
2016.12.20 16:14:34.343,0.72436,0.72442,1.00,1.00
2016.12.20 16:14:34.873,0.72435,0.72442,1.00,1.00
2016.12.20 16:14:37.681,0.72435,0.72443,1.00,2.81
2016.12.20 16:14:37.732,0.72433,0.72443,3.75,2.81
2016.12.20 16:14:39.014,0.72435,0.72443,1.00,2.81
2016.12.20 16:14:41.120,0.72436,0.72443,1.00,1.12
2016.12.20 16:14:41.653,0.72435,0.72443,1.00,1.12
2016.12.20 16:14:43.613,0.72436,0.72443,1.00,1.12
2016.12.20 16:14:44.169,0.72435,0.72444,1.00,2.81
2016.12.20 16:14:44.515,0.72437,0.72444,1.12,1.25
2016.12.20 16:14:44.971,0.72435,0.72443,2.62,1.00
2016.12.20 16:14:45.173,0.72433,0.72443,3.75,1.00
2016.12.20 16:14:45.325,0.72436,0.72443,1.00,1.12
2016.12.20 16:14:45.633,0.72433,0.72442,3.37,1.00
2016.12.20 16:14:45.886,0.72435,0.72442,1.00,1.12
2016.12.20 16:14:46.537,0.72436,0.72442,1.00,1.12
2016.12.20 16:14:47.142,0.72435,0.72442,1.00,1.12
2016.12.20 16:14:48.016,0.72436,0.72442,1.00,1.12
2016.12.20 16:14:48.401,0.72433,0.72442,2.25,1.12
2016.12.20 16:14:50.202,0.72435,0.72442,1.00,1.12
2016.12.20 16:14:50.661,0.72433,0.72441,1.50,1.00
2016.12.20 16:14:51.198,0.72432,0.7244,1.87,1.00
2016.12.20 16:14:51.927,0.72433,0.7244,1.00,1.00
2016.12.20 16:14:52.431,0.72432,0.7244,1.00,1.00
2016.12.20 16:14:52.963,0.72433,0.7244,1.00,1.00
2016.12.20 16:14:54.213,0.72432,0.7244,1.00,1.00
2016.12.20 16:14:56.214,0.72432,0.72438,1.50,1.00
2016.12.20 16:14:57.473,0.72432,0.7244,1.00,1.12
2016.12.20 16:15:02.302,0.72432,0.72441,3.75,1.00
2016.12.20 16:15:04.528,0.72434,0.72441,1.00,3.75
2016.12.20 16:15:04.833,0.72431,0.72439,3.00,1.00
2016.12.20 16:15:05.360,0.72431,0.72439,2.62,1.00
2016.12.20 16:15:08.643,0.72431,0.72439,1.87,1.00
2016.12.20 16:15:10.240,0.72431,0.72439,1.87,1.00
2016.12.20 16:15:12.011,0.72433,0.72439,1.00,1.00
2016.12.20 16:15:12.410,0.72431,0.72439,3.37,1.00
2016.12.20 16:15:14.965,0.72433,0.72439,1.00,1.00
2016.12.20 16:15:16.421,0.72432,0.72439,1.12,1.00
2016.12.20 16:15:17.722,0.72433,0.72439,1.00,1.00
2016.12.20 16:15:17.773,0.72431,0.72439,2.25,1.00
2016.12.20 16:15:17.945,0.72433,0.72439,1.00,1.00
2016.12.20 16:15:18.510,0.72432,0.72439,1.00,1.00
2016.12.20 16:15:20.043,0.72433,0.72439,1.00,1.00
2016.12.20 16:15:20.560,0.72432,0.72439,1.50,1.00
2016.12.20 16:15:21.512,0.72431,0.72439,2.25,1.00
2016.12.20 16:15:22.040,0.72432,0.72439,1.00,1.00
2016.12.20 16:15:23.970,0.72433,0.72439,1.00,1.00
2016.12.20 16:15:24.122,0.72431,0.72439,1.50,1.00
2016.12.20 16:15:24.647,0.72432,0.72439,1.00,1.00
2016.12.20 16:15:26.762,0.72433,0.72439,1.00,1.00
2016.12.20 16:15:26.886,0.72433,0.72441,1.00,1.00
2016.12.20 16:15:27.450,0.72432,0.72441,1.00,1.12
2016.12.20 16:15:27.963,0.72434,0.72441,1.00,1.12
2016.12.20 16:15:28.468,0.72435,0.72441,1.00,1.00
2016.12.20 16:15:28.519,0.72433,0.72441,5.25,1.00
2016.12.20 16:15:33.204,0.72436,0.72443,1.00,3.19
2016.12.20 16:15:33.305,0.72437,0.72445,2.62,1.50
2016.12.20 16:15:33.507,0.72438,0.72446,1.00,1.00
2016.12.20 16:15:34.686,0.72435,0.72445,4.12,1.00
2016.12.20 16:15:34.737,0.72435,0.72443,1.37,1.00
2016.12.20 16:15:34.939,0.72435,0.72445,1.12,1.50
2016.12.20 16:15:35.040,0.72434,0.72443,4.50,1.00
2016.12.20 16:15:35.344,0.72434,0.72441,1.00,1.00
2016.12.20 16:15:41.833,0.72433,0.72441,1.00,1.00
2016.12.20 16:15:45.169,0.72432,0.72441,1.87,1.00
2016.12.20 16:15:45.422,0.7243,0.7244,4.12,1.50
2016.12.20 16:15:45.525,0.7243,0.7244,4.50,1.50
2016.12.20 16:16:06.364,0.7243,0.72436,1.75,1.00
2016.12.20 16:16:06.465,0.72426,0.72435,2.62,2.10
2016.12.20 16:16:06.516,0.72426,0.72433,2.62,2.44
2016.12.20 16:16:06.668,0.72423,0.72433,2.62,2.06
2016.12.20 16:16:06.770,0.72425,0.72433,1.00,1.69
2016.12.20 16:16:07.275,0.72424,0.72432,1.00,1.87
2016.12.20 16:16:08.565,0.72426,0.72432,1.00,1.12
2016.12.20 16:16:11.062,0.72426,0.72431,1.00,1.00
2016.12.20 16:16:11.547,0.72424,0.72431,1.00,1.00
2016.12.20 16:16:11.799,0.72426,0.72432,1.00,1.12
2016.12.20 16:16:12.309,0.72426,0.72431,1.00,1.00
2016.12.20 16:16:12.814,0.72426,0.72432,1.00,1.87
2016.12.20 16:16:16.061,0.72426,0.72431,1.00,1.00
2016.12.20 16:16:16.222,0.72422,0.72431,1.69,1.00
2016.12.20 16:16:20.332,0.72422,0.72432,2.06,6.75
2016.12.20 16:16:20.861,0.72422,0.72431,3.56,2.62
2016.12.20 16:16:20.962,0.72422,0.72429,2.81,1.00
2016.12.20 16:16:25.125,0.72423,0.72429,1.00,1.00
2016.12.20 16:16:25.630,0.72422,0.72429,2.81,1.00
2016.12.20 16:16:26.299,0.72423,0.72429,1.00,1.00
2016.12.20 16:16:28.261,0.72422,0.72429,3.56,1.00
2016.12.20 16:16:30.961,0.72425,0.72432,1.00,6.00
2016.12.20 16:16:32.513,0.72425,0.72432,1.00,4.12
2016.12.20 16:16:32.564,0.72423,0.72431,1.50,1.37
2016.12.20 16:16:33.069,0.72423,0.72429,1.00,1.00
2016.12.20 16:16:33.594,0.72422,0.72428,1.00,1.00
2016.12.20 16:16:33.961,0.72418,0.72425,1.87,1.50
2016.12.20 16:16:34.063,0.72416,0.72424,1.50,1.50
2016.12.20 16:16:34.114,0.72419,0.72425,1.00,2.02
2016.12.20 16:16:34.165,0.72417,0.72425,1.00,1.87
2016.12.20 16:16:34.670,0.72418,0.72426,1.00,3.75
2016.12.20 16:16:34.721,0.72418,0.72424,1.00,1.50
2016.12.20 16:16:34.772,0.72416,0.72425,1.00,3.37
2016.12.20 16:16:34.924,0.72419,0.72425,1.00,1.87
2016.12.20 16:16:35.456,0.72418,0.72425,1.00,2.62
2016.12.20 16:16:35.960,0.72419,0.72425,1.00,1.87
2016.12.20 16:16:36.365,0.72419,0.72427,1.00,2.81
2016.12.20 16:16:36.870,0.72419,0.72426,1.00,1.00
2016.12.20 16:16:37.525,0.72419,0.72427,1.00,2.44
2016.12.20 16:16:38.030,0.7242,0.72427,1.00,3.56
2016.12.20 16:16:39.487,0.72419,0.72427,1.00,2.81
2016.12.20 16:16:39.930,0.72418,0.72425,1.00,1.00
2016.12.20 16:16:39.981,0.72416,0.72425,1.00,1.00
2016.12.20 16:16:40.335,0.72415,0.72423,1.12,1.00
2016.12.20 16:16:40.842,0.72415,0.72424,1.00,1.87
2016.12.20 16:16:41.916,0.72415,0.72423,1.00,1.12
2016.12.20 16:16:42.421,0.72415,0.72424,1.12,1.87
2016.12.20 16:16:42.756,0.72417,0.72424,1.00,1.50
2016.12.20 16:16:46.588,0.72417,0.72425,1.00,5.25
2016.12.20 16:16:47.118,0.72417,0.72425,1.00,6.00
2016.12.20 16:16:49.558,0.72416,0.72424,1.00,1.00
2016.12.20 16:16:49.878,0.72419,0.72427,1.00,7.31
2016.12.20 16:16:50.412,0.72419,0.72427,1.00,6.56
2016.12.20 16:16:51.563,0.72419,0.72426,1.00,4.69
2016.12.20 16:16:51.816,0.72416,0.72424,1.00,2.25
2016.12.20 16:16:51.910,0.72415,0.72422,1.50,1.25
2016.12.20 16:16:51.968,0.72414,0.72422,1.00,2.44
2016.12.20 16:16:52.474,0.72413,0.72422,1.00,4.31
2016.12.20 16:16:52.982,0.72414,0.72421,1.00,2.25
2016.12.20 16:16:53.042,0.72412,0.7242,1.00,1.00
2016.12.20 16:16:53.580,0.72411,0.72421,1.12,3.37
2016.12.20 16:16:54.112,0.72411,0.7242,1.12,1.69
2016.12.20 16:16:55.055,0.72411,0.72418,1.00,1.00
2016.12.20 16:16:55.398,0.7241,0.72416,1.00,3.19
2016.12.20 16:16:55.449,0.72408,0.72415,1.00,1.00
2016.12.20 16:16:55.955,0.72408,0.72416,1.00,1.25
2016.12.20 16:16:56.489,0.72407,0.72415,1.50,1.00
2016.12.20 16:16:56.692,0.72406,0.72414,1.00,1.87
2016.12.20 16:16:56.995,0.7241,0.72416,1.00,2.81
2016.12.20 16:16:57.046,0.72407,0.72416,1.12,2.81
2016.12.20 16:16:57.248,0.7241,0.72416,1.00,1.31
2016.12.20 16:16:57.501,0.72411,0.72418,1.00,1.87
2016.12.20 16:16:58.036,0.72412,0.72419,1.00,2.62
2016.12.20 16:16:59.381,0.72412,0.72418,1.00,1.50
2016.12.20 16:16:59.655,0.72409,0.72415,1.00,1.25
2016.12.20 16:17:00.160,0.72407,0.72415,1.50,3.04
2016.12.20 16:17:00.464,0.72408,0.72415,1.87,1.25
2016.12.20 16:17:00.767,0.72409,0.72417,1.12,2.06
2016.12.20 16:17:01.293,0.72409,0.72417,1.87,1.54
2016.12.20 16:17:02.202,0.72411,0.72417,1.00,1.00
2016.12.20 16:17:02.253,0.72412,0.72421,1.00,3.56
2016.12.20 16:17:02.760,0.72413,0.72421,1.00,1.25
2016.12.20 16:17:08.127,0.72412,0.72421,1.00,2.81
2016.12.20 16:17:08.281,0.72412,0.72419,1.00,1.00
2016.12.20 16:17:08.794,0.72412,0.7242,1.00,1.50
2016.12.20 16:17:09.299,0.72412,0.72419,1.00,1.00
2016.12.20 16:17:11.707,0.72412,0.7242,1.00,1.50
2016.12.20 16:17:12.213,0.72412,0.72419,1.00,1.00
2016.12.20 16:17:12.760,0.72412,0.7242,1.00,3.75
2016.12.20 16:17:13.700,0.72411,0.72419,1.00,3.00
2016.12.20 16:17:14.204,0.7241,0.72418,1.00,2.06
2016.12.20 16:17:16.422,0.72409,0.72418,1.12,6.41
2016.12.20 16:17:16.991,0.72409,0.72416,1.00,1.87
2016.12.20 16:17:19.447,0.7241,0.72417,1.00,1.35
2016.12.20 16:17:19.904,0.72408,0.72416,1.00,1.87
2016.12.20 16:17:20.409,0.72409,0.72416,1.00,1.12
2016.12.20 16:17:20.972,0.72408,0.72416,1.00,1.12
2016.12.20 16:17:21.478,0.72409,0.72418,1.00,2.62
2016.12.20 16:17:21.579,0.72411,0.72418,1.00,3.00
2016.12.20 16:17:21.933,0.7241,0.72416,1.00,1.00
2016.12.20 16:17:22.464,0.7241,0.72417,1.00,2.25
2016.12.20 16:17:24.416,0.72408,0.72417,1.12,3.00
2016.12.20 16:17:25.334,0.72408,0.72415,1.00,1.00
2016.12.20 16:17:25.396,0.72408,0.72417,1.00,5.10
2016.12.20 16:17:25.901,0.72408,0.72416,1.00,1.00
2016.12.20 16:17:26.163,0.72408,0.72414,1.00,1.00
2016.12.20 16:17:26.215,0.72405,0.72413,1.87,1.00
2016.12.20 16:17:26.720,0.72409,0.72416,1.00,1.00
2016.12.20 16:17:27.024,0.72411,0.72417,1.00,1.50
2016.12.20 16:17:27.449,0.72409,0.72417,1.00,2.25
2016.12.20 16:17:29.756,0.72409,0.72415,1.00,1.00
2016.12.20 16:17:29.858,0.72407,0.72415,2.25,1.00
2016.12.20 16:17:30.365,0.72406,0.72414,1.87,1.00
2016.12.20 16:17:30.862,0.72406,0.72412,1.12,1.00
2016.12.20 16:17:30.964,0.72405,0.72415,1.50,2.81
2016.12.20 16:17:31.169,0.72405,0.72413,1.50,1.00
2016.12.20 16:17:31.439,0.72404,0.72412,3.00,1.00
2016.12.20 16:17:33.535,0.72403,0.7241,2.25,1.00
2016.12.20 16:17:33.838,0.72402,0.7241,2.81,1.00
2016.12.20 16:17:33.939,0.72403,0.72412,1.00,1.00
2016.12.20 16:17:36.963,0.72403,0.72413,1.00,3.37
2016.12.20 16:17:37.468,0.72402,0.72412,1.69,1.50
2016.12.20 16:17:38.091,0.72404,0.72412,1.00,1.37
2016.12.20 16:17:43.775,0.72404,0.72412,1.00,1.00
2016.12.20 16:17:44.313,0.72404,0.72413,1.00,1.87
2016.12.20 16:17:44.841,0.72404,0.72412,1.00,1.00
2016.12.20 16:17:45.612,0.72405,0.72413,1.00,3.75
2016.12.20 16:17:45.915,0.72407,0.72414,1.50,1.00
2016.12.20 16:17:45.967,0.72407,0.72417,1.12,1.50
2016.12.20 16:17:46.593,0.72407,0.72415,1.12,1.12
2016.12.20 16:17:46.897,0.72408,0.72417,1.00,3.00
2016.12.20 16:17:47.402,0.72407,0.72417,1.12,1.37
2016.12.20 16:17:48.445,0.72407,0.72415,1.12,1.00
2016.12.20 16:17:48.951,0.72407,0.72416,1.00,2.62
2016.12.20 16:17:49.457,0.72407,0.72415,1.00,1.00
2016.12.20 16:17:49.996,0.72407,0.72416,1.00,2.62
2016.12.20 16:17:50.149,0.72406,0.72412,1.37,1.00
2016.12.20 16:17:50.209,0.72404,0.72412,2.25,1.00
2016.12.20 16:17:50.361,0.72403,0.72411,1.00,1.37
2016.12.20 16:17:50.486,0.72403,0.72413,1.00,1.87
2016.12.20 16:17:50.991,0.72403,0.72411,1.00,1.12
2016.12.20 16:17:51.496,0.72402,0.72411,3.00,1.12
2016.12.20 16:17:57.823,0.72403,0.72411,1.25,1.00
2016.12.20 16:17:58.328,0.72402,0.72411,1.00,1.00
2016.12.20 16:18:00.059,0.72401,0.7241,2.44,1.00
2016.12.20 16:18:00.564,0.72402,0.7241,2.25,1.00
2016.12.20 16:18:00.919,0.72402,0.72412,3.00,2.25
2016.12.20 16:18:02.231,0.72403,0.72412,1.00,2.25
2016.12.20 16:18:02.763,0.72404,0.72412,1.00,1.00
2016.12.20 16:18:03.119,0.72407,0.72414,1.00,2.62
2016.12.20 16:18:03.323,0.72411,0.72421,2.25,4.12
2016.12.20 16:18:03.678,0.72414,0.72422,1.00,1.69
2016.12.20 16:18:06.764,0.72412,0.72421,2.25,1.00
2016.12.20 16:18:06.816,0.72409,0.72413,2.62,1.00
2016.12.20 16:18:06.867,0.72409,0.72413,1.50,1.00
2016.12.20 16:18:06.918,0.72405,0.72412,2.62,1.12
2016.12.20 16:18:07.019,0.72404,0.72412,1.00,1.50
2016.12.20 16:18:07.525,0.72404,0.72412,1.00,1.87
2016.12.20 16:18:12.878,0.72404,0.72411,1.00,1.00
2016.12.20 16:18:13.395,0.72404,0.72412,1.00,1.87
2016.12.20 16:18:24.141,0.72403,0.72411,1.00,1.00
2016.12.20 16:18:27.516,0.72402,0.7241,1.00,2.25
2016.12.20 16:18:27.667,0.724,0.7241,1.12,3.00
2016.12.20 16:18:28.179,0.724,0.72409,1.00,1.00
2016.12.20 16:18:32.015,0.724,0.7241,1.12,4.12
2016.12.20 16:18:33.658,0.724,0.72409,1.12,1.00
2016.12.20 16:18:35.756,0.724,0.7241,1.87,4.12
2016.12.20 16:18:36.263,0.724,0.72409,1.87,1.00
2016.12.20 16:18:36.813,0.724,0.7241,1.87,6.00
2016.12.20 16:18:38.865,0.724,0.72409,1.87,1.00
2016.12.20 16:18:39.370,0.724,0.7241,1.87,3.37
2016.12.20 16:18:42.611,0.72401,0.7241,1.50,2.62
2016.12.20 16:18:42.898,0.72404,0.72412,1.00,1.87
2016.12.20 16:18:43.202,0.72408,0.72415,1.00,1.50
2016.12.20 16:18:43.908,0.72408,0.72416,1.12,1.25
2016.12.20 16:18:44.421,0.72409,0.72416,1.00,1.69
2016.12.20 16:18:45.762,0.72409,0.72415,1.00,1.00
2016.12.20 16:18:46.690,0.72409,0.72416,1.00,1.69
2016.12.20 16:18:47.043,0.72411,0.72415,1.00,1.00
2016.12.20 16:18:47.246,0.72411,0.72418,1.00,1.00
2016.12.20 16:18:47.765,0.72411,0.72419,1.00,1.87
2016.12.20 16:18:48.698,0.72412,0.7242,1.00,2.44
2016.12.20 16:18:49.267,0.72411,0.72419,1.00,1.00
2016.12.20 16:18:52.611,0.72409,0.72419,3.37,1.50
2016.12.20 16:18:53.353,0.7241,0.72418,1.12,1.00
2016.12.20 16:18:54.161,0.7241,0.72419,1.12,2.62
2016.12.20 16:18:54.819,0.7241,0.72418,1.12,1.00
2016.12.20 16:18:55.455,0.7241,0.72417,1.12,1.00
2016.12.20 16:18:55.975,0.7241,0.72418,1.12,1.50
2016.12.20 16:18:56.492,0.72411,0.72419,1.00,1.12
2016.12.20 16:18:57.350,0.72417,0.72421,1.00,3.37
2016.12.20 16:18:57.451,0.72416,0.72424,1.00,4.50
2016.12.20 16:18:57.967,0.72415,0.72423,1.00,1.50
2016.12.20 16:19:04.791,0.72415,0.72422,1.00,1.00
2016.12.20 16:19:06.471,0.72418,0.72422,1.00,1.25
2016.12.20 16:19:06.522,0.72418,0.72425,1.00,4.12
2016.12.20 16:19:06.724,0.72418,0.72426,1.00,2.44
2016.12.20 16:19:07.234,0.72418,0.72425,1.00,1.00
2016.12.20 16:19:07.754,0.72419,0.72426,1.00,1.69
2016.12.20 16:19:08.269,0.72418,0.72425,1.00,1.00
2016.12.20 16:19:08.775,0.72418,0.72426,1.00,3.94
2016.12.20 16:19:09.280,0.72418,0.72425,1.00,1.00
2016.12.20 16:19:09.992,0.72418,0.72426,1.00,3.94
2016.12.20 16:19:10.510,0.72418,0.72425,1.00,1.00
2016.12.20 16:19:11.412,0.72418,0.72426,1.00,4.69
2016.12.20 16:19:13.589,0.72418,0.72425,1.00,1.00
2016.12.20 16:19:14.094,0.72418,0.72427,1.00,2.62
2016.12.20 16:19:14.246,0.72419,0.72425,1.00,1.00
2016.12.20 16:19:15.219,0.72418,0.72425,1.00,1.69
2016.12.20 16:19:15.463,0.7242,0.72428,1.12,1.12
2016.12.20 16:19:15.615,0.72422,0.72429,1.00,2.06
2016.12.20 16:19:16.696,0.7242,0.72428,2.25,1.00
2016.12.20 16:19:17.215,0.7242,0.72429,3.00,1.25
2016.12.20 16:19:18.219,0.7242,0.72428,3.00,1.00
2016.12.20 16:19:18.736,0.7242,0.72429,3.00,1.25
2016.12.20 16:19:20.205,0.7242,0.72428,3.00,1.00
2016.12.20 16:19:20.866,0.7242,0.72429,3.00,1.69
2016.12.20 16:19:21.408,0.7242,0.72428,1.12,1.00
2016.12.20 16:19:21.946,0.72419,0.72427,1.12,1.50
2016.12.20 16:19:22.754,0.72419,0.72426,1.00,1.00
2016.12.20 16:19:23.259,0.72418,0.72426,1.00,1.00
2016.12.20 16:19:23.769,0.72418,0.72427,1.00,1.50
2016.12.20 16:19:24.366,0.7242,0.72427,1.00,1.00
2016.12.20 16:19:30.012,0.7242,0.72428,1.00,1.50
2016.12.20 16:19:31.521,0.72421,0.72428,1.00,1.12
2016.12.20 16:19:33.713,0.72422,0.7243,1.00,1.87
2016.12.20 16:19:33.815,0.72422,0.72432,1.00,3.00
2016.12.20 16:19:34.319,0.72423,0.72432,1.00,1.50
2016.12.20 16:19:37.027,0.72423,0.72432,1.00,3.00
2016.12.20 16:19:42.492,0.72423,0.72431,1.00,1.00
2016.12.20 16:19:42.997,0.72423,0.72432,1.00,5.25
2016.12.20 16:19:43.791,0.72423,0.72431,1.00,1.00
2016.12.20 16:19:45.565,0.72423,0.72432,1.00,3.37
2016.12.20 16:19:47.083,0.72423,0.7243,1.00,1.00
2016.12.20 16:19:47.185,0.72423,0.72432,1.00,2.25
2016.12.20 16:19:48.171,0.72423,0.72431,1.00,1.50
2016.12.20 16:19:48.879,0.72423,0.72431,1.00,2.25
2016.12.20 16:19:50.580,0.72422,0.72431,1.00,3.75
2016.12.20 16:19:51.086,0.72422,0.72429,1.00,1.00
2016.12.20 16:19:51.687,0.72422,0.7243,1.00,1.87
2016.12.20 16:19:51.839,0.72421,0.72427,1.00,1.00
2016.12.20 16:19:52.143,0.72419,0.72426,1.00,1.00
2016.12.20 16:19:52.396,0.72419,0.72428,1.00,5.62
2016.12.20 16:19:52.598,0.72421,0.72428,1.00,3.37
2016.12.20 16:19:53.158,0.72421,0.72428,1.00,1.87
2016.12.20 16:19:53.689,0.72421,0.72428,1.00,1.50
2016.12.20 16:19:55.131,0.72421,0.72427,1.00,1.00
2016.12.20 16:19:55.664,0.7242,0.72428,1.00,4.50
2016.12.20 16:19:56.205,0.7242,0.72428,1.00,4.50
2016.12.20 16:19:57.906,0.7242,0.72427,1.00,1.00
2016.12.20 16:20:00.127,0.7242,0.72428,1.00,2.62
2016.12.20 16:20:00.560,0.72418,0.72428,1.00,3.00
2016.12.20 16:20:01.220,0.72418,0.72428,1.00,2.62
2016.12.20 16:20:01.760,0.72418,0.72428,1.50,2.62
2016.12.20 16:20:04.577,0.72419,0.72427,1.12,1.00
2016.12.20 16:20:05.078,0.72418,0.72426,1.50,1.00
2016.12.20 16:20:05.582,0.72418,0.72426,1.00,1.00
2016.12.20 16:20:06.680,0.72418,0.72428,2.25,4.50
2016.12.20 16:20:07.832,0.72418,0.72427,1.50,1.00
2016.12.20 16:20:08.337,0.72418,0.72428,2.62,2.25
2016.12.20 16:20:09.174,0.7242,0.72428,1.00,1.00
2016.12.20 16:20:11.562,0.72418,0.72426,1.12,1.00
2016.12.20 16:20:11.865,0.72416,0.72425,1.50,1.00
2016.12.20 16:20:12.321,0.72415,0.72423,1.69,1.00
2016.12.20 16:20:12.827,0.72415,0.72422,1.25,1.12
2016.12.20 16:20:13.357,0.72415,0.72424,1.25,2.25
2016.12.20 16:20:13.663,0.72417,0.72424,1.00,1.50
2016.12.20 16:20:13.815,0.72417,0.72425,1.00,1.00
2016.12.20 16:20:14.328,0.72415,0.72425,2.44,1.00
2016.12.20 16:20:14.834,0.72415,0.72425,2.06,2.25
2016.12.20 16:20:20.192,0.72416,0.72426,1.00,3.94
2016.12.20 16:20:20.395,0.72417,0.72427,1.12,1.87
2016.12.20 16:20:20.904,0.72418,0.72427,1.00,1.87
2016.12.20 16:20:21.409,0.72418,0.72426,1.00,1.00
2016.12.20 16:20:21.914,0.72417,0.72426,2.62,1.00
2016.12.20 16:20:22.498,0.72417,0.72428,2.62,4.87
2016.12.20 16:20:23.003,0.72418,0.72426,1.00,1.50
2016.12.20 16:20:23.104,0.72416,0.72426,2.81,1.50
2016.12.20 16:20:23.306,0.72418,0.72426,1.00,1.00
2016.12.20 16:20:23.811,0.72418,0.72428,1.12,4.50
2016.12.20 16:20:27.618,0.72417,0.72426,1.37,3.94
2016.12.20 16:20:27.821,0.72412,0.72422,3.52,1.37
2016.12.20 16:20:28.326,0.72413,0.7242,1.00,1.00
2016.12.20 16:20:28.478,0.72411,0.7242,2.25,1.00
2016.12.20 16:20:29.002,0.7241,0.72419,1.31,1.50
2016.12.20 16:20:29.462,0.72408,0.72415,1.87,1.00
2016.12.20 16:20:29.563,0.72406,0.72416,3.94,1.50
2016.12.20 16:20:29.614,0.72406,0.72415,3.94,1.50
2016.12.20 16:20:29.917,0.72406,0.72415,2.44,1.12
2016.12.20 16:20:30.473,0.72406,0.72416,2.81,1.37
2016.12.20 16:20:30.938,0.72405,0.72413,3.00,2.25
2016.12.20 16:20:31.040,0.72403,0.72413,3.56,3.37
2016.12.20 16:20:31.243,0.72401,0.72412,1.12,6.19
2016.12.20 16:20:31.344,0.72403,0.72411,1.00,1.37
2016.12.20 16:20:31.871,0.72402,0.7241,1.00,1.12
2016.12.20 16:20:32.554,0.72401,0.72412,1.00,8.06
2016.12.20 16:20:33.558,0.72402,0.72412,1.00,5.44
2016.12.20 16:20:33.871,0.72404,0.72412,1.00,2.06
2016.12.20 16:20:34.276,0.72402,0.72412,1.00,2.06
2016.12.20 16:20:34.791,0.72403,0.72411,1.00,1.00
2016.12.20 16:20:36.604,0.72402,0.72411,1.00,3.75
2016.12.20 16:20:36.857,0.72401,0.7241,1.00,2.25
2016.12.20 16:20:39.750,0.72401,0.72406,1.00,1.00
2016.12.20 16:20:39.851,0.724,0.72408,1.00,2.25
2016.12.20 16:20:40.053,0.724,0.72406,1.00,1.00
2016.12.20 16:20:40.357,0.724,0.72408,1.00,3.37
2016.12.20 16:20:47.403,0.724,0.72409,3.19,1.12
2016.12.20 16:20:47.454,0.72402,0.7241,1.00,1.00
2016.12.20 16:20:47.759,0.72405,0.72412,1.00,1.25
2016.12.20 16:20:48.280,0.72404,0.72412,1.00,1.25
2016.12.20 16:20:49.711,0.72405,0.72412,1.00,1.25
2016.12.20 16:20:50.216,0.72404,0.72412,1.00,1.25
2016.12.20 16:20:51.101,0.72406,0.72413,1.00,1.00
2016.12.20 16:20:51.253,0.72408,0.72416,1.00,3.19
2016.12.20 16:20:51.760,0.72406,0.72416,1.50,6.56
2016.12.20 16:20:51.811,0.72406,0.72414,1.00,1.00
2016.12.20 16:20:51.963,0.72404,0.72413,1.25,1.50
2016.12.20 16:20:52.468,0.72404,0.72414,1.69,3.37
2016.12.20 16:20:53.125,0.72403,0.72412,1.00,1.87
2016.12.20 16:20:53.327,0.72407,0.72412,1.00,1.00
2016.12.20 16:20:53.479,0.72407,0.72415,1.00,1.50
2016.12.20 16:20:53.631,0.72409,0.72416,1.00,4.31
2016.12.20 16:20:53.682,0.72407,0.72416,1.00,4.69
2016.12.20 16:20:54.200,0.72408,0.72416,1.00,1.31
2016.12.20 16:20:54.655,0.72409,0.72418,1.00,1.50
2016.12.20 16:20:55.010,0.72411,0.72418,1.00,1.12
2016.12.20 16:20:55.162,0.72411,0.72421,1.12,2.25
2016.12.20 16:20:55.897,0.72411,0.72421,1.12,1.87
2016.12.20 16:20:56.503,0.72411,0.7242,1.12,1.00
2016.12.20 16:20:57.009,0.72411,0.72421,1.00,2.62
2016.12.20 16:20:57.540,0.72411,0.7242,1.00,1.50
2016.12.20 16:21:00.233,0.72409,0.72417,1.50,1.00
2016.12.20 16:21:01.295,0.72408,0.72415,1.37,1.20
2016.12.20 16:21:01.397,0.72404,0.72414,1.87,1.12
2016.12.20 16:21:01.899,0.72403,0.72413,2.06,1.00
2016.12.20 16:21:02.407,0.72404,0.72414,1.00,2.62
2016.12.20 16:21:02.561,0.72403,0.72412,2.06,1.00
2016.12.20 16:21:03.191,0.72402,0.72412,1.50,1.50
2016.12.20 16:21:03.835,0.72404,0.72412,1.00,2.25
2016.12.20 16:21:04.088,0.72405,0.72415,1.87,1.50
2016.12.20 16:21:04.290,0.72404,0.72414,1.50,1.50
2016.12.20 16:21:04.493,0.72403,0.72413,1.69,1.50
2016.12.20 16:21:04.921,0.72404,0.72414,1.00,2.62
2016.12.20 16:21:05.860,0.72404,0.72412,1.00,1.00
2016.12.20 16:21:06.737,0.72402,0.72412,1.87,1.87
2016.12.20 16:21:07.242,0.72403,0.72411,1.00,1.50
2016.12.20 16:21:09.215,0.72401,0.72411,1.00,1.50
2016.12.20 16:21:09.731,0.72401,0.7241,1.12,1.00
2016.12.20 16:21:10.236,0.72401,0.7241,1.00,1.50
2016.12.20 16:21:12.716,0.724,0.7241,2.25,3.75
2016.12.20 16:21:13.156,0.724,0.72407,1.00,1.00
2016.12.20 16:21:13.661,0.724,0.72408,1.00,2.25
2016.12.20 16:21:14.166,0.724,0.72407,1.00,1.00
2016.12.20 16:21:14.670,0.724,0.72408,1.00,2.25
2016.12.20 16:21:16.872,0.724,0.72409,1.00,4.31
2016.12.20 16:21:18.080,0.724,0.72409,1.00,4.31
2016.12.20 16:21:18.585,0.724,0.72409,1.00,2.81
2016.12.20 16:21:24.406,0.724,0.72408,1.00,1.00
2016.12.20 16:21:25.644,0.724,0.72409,1.00,1.31
2016.12.20 16:21:28.210,0.724,0.72408,1.00,1.50
2016.12.20 16:21:28.730,0.724,0.72407,1.00,1.00
2016.12.20 16:21:30.230,0.724,0.72409,1.00,3.94
2016.12.20 16:21:30.865,0.724,0.72409,2.62,2.44
2016.12.20 16:21:31.389,0.72401,0.7241,1.12,1.50
2016.12.20 16:21:33.821,0.72401,0.72409,1.00,1.00
2016.12.20 16:21:46.237,0.724,0.7241,1.87,1.12
2016.12.20 16:21:48.659,0.724,0.72409,1.87,1.00
2016.12.20 16:21:49.319,0.724,0.7241,1.87,1.50
2016.12.20 16:21:50.166,0.72401,0.7241,1.00,1.12
2016.12.20 16:21:50.445,0.72404,0.72414,1.25,3.00
2016.12.20 16:21:51.001,0.72404,0.72413,1.25,1.12
2016.12.20 16:21:52.616,0.72404,0.72412,2.06,1.00
2016.12.20 16:21:54.694,0.72404,0.72413,1.25,1.87
2016.12.20 16:21:57.211,0.72404,0.72414,1.69,1.87
2016.12.20 16:21:58.017,0.72404,0.72413,1.69,1.00
2016.12.20 16:21:59.007,0.72404,0.72414,1.69,3.75
2016.12.20 16:21:59.210,0.72408,0.72414,1.00,1.12
2016.12.20 16:21:59.484,0.72408,0.72416,1.12,1.25
2016.12.20 16:21:59.535,0.72408,0.72418,3.00,3.00
2016.12.20 16:21:59.687,0.7241,0.72419,1.12,1.12
2016.12.20 16:21:59.990,0.7241,0.72419,2.62,1.37
2016.12.20 16:22:00.345,0.7241,0.7242,2.62,5.81
2016.12.20 16:22:00.851,0.7241,0.72419,2.62,1.00
2016.12.20 16:22:01.498,0.72411,0.7242,1.00,2.81
2016.12.20 16:22:04.317,0.72411,0.72421,1.00,2.62
2016.12.20 16:22:04.418,0.72413,0.72422,1.00,4.12
2016.12.20 16:22:09.883,0.72411,0.72422,1.87,3.00
2016.12.20 16:22:10.388,0.72412,0.7242,1.00,1.12
2016.12.20 16:22:12.337,0.72412,0.72419,1.00,1.00
2016.12.20 16:22:17.685,0.72411,0.72419,1.00,1.50
2016.12.20 16:22:18.192,0.72411,0.7242,1.00,3.75
2016.12.20 16:22:18.762,0.72411,0.72419,1.00,3.00
2016.12.20 16:22:20.807,0.7241,0.72418,1.31,1.00
2016.12.20 16:22:21.060,0.72408,0.72414,1.37,1.00
2016.12.20 16:22:21.212,0.72406,0.72414,1.69,1.00
2016.12.20 16:22:21.718,0.72406,0.72413,1.25,1.00
2016.12.20 16:22:22.251,0.72403,0.72411,1.50,1.00
2016.12.20 16:22:24.270,0.72402,0.72411,3.19,1.00
2016.12.20 16:22:26.216,0.72402,0.7241,3.94,1.00
2016.12.20 16:22:26.318,0.72402,0.72412,4.31,1.50
2016.12.20 16:22:26.823,0.72403,0.72412,1.00,1.50
2016.12.20 16:22:28.197,0.72403,0.72411,1.50,1.00
2016.12.20 16:22:30.070,0.72403,0.7241,1.12,1.00
2016.12.20 16:22:30.741,0.72402,0.72412,3.56,1.50
2016.12.20 16:22:32.658,0.72402,0.72411,4.31,1.00
2016.12.20 16:22:33.176,0.72401,0.7241,1.12,1.12
2016.12.20 16:22:33.278,0.72401,0.72407,1.12,1.00
2016.12.20 16:22:33.379,0.72399,0.72407,1.00,1.00
2016.12.20 16:22:33.884,0.72398,0.72406,2.62,1.00
2016.12.20 16:22:35.192,0.72398,0.72407,2.62,1.00
2016.12.20 16:22:38.560,0.72398,0.72408,2.62,2.25
2016.12.20 16:22:39.065,0.72398,0.72408,2.62,4.87
2016.12.20 16:22:41.775,0.72398,0.72408,3.00,4.87
2016.12.20 16:22:41.901,0.72399,0.72408,1.37,4.87
2016.12.20 16:22:45.213,0.72399,0.72408,3.75,1.00
2016.12.20 16:22:48.889,0.724,0.72409,1.37,4.31
2016.12.20 16:22:49.790,0.724,0.7241,4.12,1.00
2016.12.20 16:22:50.295,0.724,0.7241,3.75,1.12
2016.12.20 16:22:54.812,0.724,0.72409,1.12,1.00
2016.12.20 16:22:55.166,0.72399,0.72407,1.12,1.00
2016.12.20 16:22:55.671,0.72399,0.72408,1.00,2.06
2016.12.20 16:22:59.971,0.72403,0.72408,3.00,1.25
2016.12.20 16:23:00.073,0.72405,0.72412,1.50,1.69
2016.12.20 16:23:00.377,0.72403,0.72412,2.25,1.69
2016.12.20 16:23:02.721,0.72402,0.72411,2.25,1.50
2016.12.20 16:23:03.336,0.72403,0.72412,1.50,2.06
2016.12.20 16:23:05.121,0.72401,0.7241,4.69,1.00
2016.12.20 16:23:05.660,0.72401,0.7241,3.19,1.00
2016.12.20 16:23:05.963,0.72401,0.72408,1.69,1.00
2016.12.20 16:23:07.473,0.724,0.72408,1.50,1.00
2016.12.20 16:23:08.334,0.72398,0.72408,1.12,1.00
2016.12.20 16:23:10.074,0.72399,0.72408,1.37,1.87
2016.12.20 16:23:11.378,0.72399,0.72407,1.37,1.00
2016.12.20 16:23:11.732,0.72398,0.72408,1.00,1.00
2016.12.20 16:23:15.335,0.72398,0.72407,1.00,1.00
2016.12.20 16:23:16.350,0.72397,0.72406,2.25,1.00
2016.12.20 16:23:17.840,0.72396,0.72404,4.12,1.00
2016.12.20 16:23:18.144,0.72391,0.72401,3.00,1.00
2016.12.20 16:23:18.195,0.72391,0.72401,1.12,1.12
2016.12.20 16:23:18.880,0.72391,0.72401,1.00,3.00
2016.12.20 16:23:20.135,0.7239,0.724,2.62,1.12
2016.12.20 16:23:21.724,0.7239,0.72399,2.25,1.00
2016.12.20 16:23:22.828,0.7239,0.724,2.25,1.12
2016.12.20 16:23:25.383,0.72391,0.72399,1.00,1.50
2016.12.20 16:23:30.608,0.7239,0.72398,1.00,1.00
2016.12.20 16:23:30.709,0.72388,0.72398,1.50,1.87
2016.12.20 16:23:34.080,0.72389,0.72398,1.50,2.81
2016.12.20 16:23:39.799,0.72391,0.72398,1.00,1.69
2016.12.20 16:23:46.349,0.72396,0.72402,1.00,2.25
2016.12.20 16:23:46.400,0.72397,0.72403,1.00,1.69
2016.12.20 16:23:46.503,0.72398,0.72403,1.00,1.25
2016.12.20 16:23:46.706,0.72398,0.72405,1.00,1.00
2016.12.20 16:23:47.211,0.72398,0.72406,1.00,2.25
2016.12.20 16:23:47.464,0.724,0.72406,1.00,1.00
2016.12.20 16:23:49.133,0.724,0.72407,1.00,1.25
2016.12.20 16:23:50.198,0.724,0.72406,1.00,1.00
2016.12.20 16:23:51.215,0.724,0.72407,1.00,1.25
2016.12.20 16:23:51.518,0.724,0.72405,1.00,1.00
2016.12.20 16:23:52.031,0.72398,0.72406,1.37,1.50
2016.12.20 16:23:52.148,0.72397,0.72405,1.12,1.00
2016.12.20 16:23:59.780,0.72396,0.72401,1.37,1.00
2016.12.20 16:23:59.933,0.72395,0.72402,1.00,1.12
2016.12.20 16:23:59.984,0.72393,0.724,1.37,1.00
2016.12.20 16:24:00.035,0.72393,0.724,1.00,1.00
2016.12.20 16:24:00.540,0.72392,0.724,1.50,1.00
2016.12.20 16:24:01.046,0.72392,0.72401,2.25,1.00
2016.12.20 16:24:01.596,0.72392,0.724,1.50,1.00
2016.12.20 16:24:01.749,0.72392,0.72402,2.25,3.37
2016.12.20 16:24:02.712,0.72392,0.72401,2.25,1.00
2016.12.20 16:24:03.444,0.72392,0.72402,3.00,1.12
2016.12.20 16:24:03.797,0.72392,0.724,3.00,1.00
2016.12.20 16:24:07.162,0.72393,0.72401,1.00,1.00
2016.12.20 16:24:07.668,0.72392,0.724,3.00,1.00
2016.12.20 16:24:07.867,0.72393,0.72402,1.00,1.12
2016.12.20 16:24:08.373,0.72392,0.72402,1.12,1.37
2016.12.20 16:24:09.565,0.72392,0.72403,1.87,2.25
2016.12.20 16:24:10.111,0.72393,0.72403,1.50,3.00
2016.12.20 16:24:11.216,0.72393,0.72401,3.00,1.00
2016.12.20 16:24:11.368,0.72391,0.72401,1.87,2.25
2016.12.20 16:24:11.419,0.72391,0.72399,2.62,1.00
2016.12.20 16:24:11.925,0.72388,0.72398,3.37,1.00
2016.12.20 16:24:12.265,0.72388,0.72398,2.62,2.25
2016.12.20 16:24:13.211,0.72387,0.72398,3.00,1.00
2016.12.20 16:24:13.716,0.72388,0.72398,1.50,1.00
2016.12.20 16:24:14.889,0.72388,0.72398,2.25,1.00
2016.12.20 16:24:16.413,0.72387,0.72397,2.25,1.00
2016.12.20 16:24:16.918,0.72388,0.72397,2.62,1.00
2016.12.20 16:24:18.960,0.72388,0.72397,3.37,1.00
2016.12.20 16:24:22.477,0.72388,0.72397,2.62,1.00
2016.12.20 16:24:23.898,0.72389,0.72397,1.50,1.00
2016.12.20 16:24:24.729,0.72389,0.72396,1.50,1.00
2016.12.20 16:24:24.982,0.72387,0.72396,3.37,1.00
2016.12.20 16:24:25.135,0.72387,0.72392,1.00,1.00
2016.12.20 16:24:25.236,0.72384,0.72392,1.50,1.00
2016.12.20 16:24:25.590,0.72383,0.72391,1.50,1.00
2016.12.20 16:24:26.113,0.72382,0.7239,1.12,1.00
2016.12.20 16:24:29.236,0.72381,0.72389,1.50,1.00
2016.12.20 16:24:31.151,0.72381,0.7239,2.25,1.00
2016.12.20 16:24:31.666,0.72381,0.72389,1.50,1.00
2016.12.20 16:24:32.914,0.7238,0.72389,3.00,1.00
2016.12.20 16:24:33.066,0.7238,0.72386,1.00,1.00
2016.12.20 16:24:33.723,0.72378,0.72389,5.25,2.81
2016.12.20 16:24:36.326,0.72384,0.7239,1.00,2.25
2016.12.20 16:24:36.529,0.72383,0.72391,3.37,1.00
2016.12.20 16:24:36.580,0.72383,0.72391,2.62,1.00
2016.12.20 16:24:36.682,0.72382,0.72391,3.37,1.00
2016.12.20 16:24:37.187,0.72382,0.72391,3.00,1.00
2016.12.20 16:24:37.692,0.72382,0.72392,2.25,1.12
2016.12.20 16:24:41.399,0.72382,0.72391,1.69,1.00
2016.12.20 16:24:41.903,0.72381,0.7239,4.50,1.00
2016.12.20 16:24:42.411,0.72381,0.7239,4.87,1.00
2016.12.20 16:24:42.462,0.72384,0.72392,4.12,1.62
2016.12.20 16:24:42.615,0.72386,0.72395,2.62,1.87
2016.12.20 16:24:43.021,0.72387,0.72396,2.62,1.69
2016.12.20 16:24:46.887,0.72388,0.72396,1.50,1.69
2016.12.20 16:24:49.650,0.72388,0.72396,3.56,1.00
2016.12.20 16:24:50.159,0.7239,0.72398,1.50,1.00
2016.12.20 16:24:50.299,0.72391,0.72399,1.50,1.00
2016.12.20 16:24:50.906,0.72391,0.724,1.50,1.69
2016.12.20 16:24:51.412,0.72393,0.724,1.00,1.69
2016.12.20 16:24:51.717,0.72389,0.72393,1.00,1.00
2016.12.20 16:24:51.829,0.72387,0.72395,1.12,2.25
2016.12.20 16:24:52.285,0.72388,0.72397,1.00,2.44
2016.12.20 16:24:56.403,0.72388,0.72396,1.00,1.00
2016.12.20 16:24:59.367,0.7239,0.72397,1.00,3.19
2016.12.20 16:25:04.473,0.72388,0.72397,1.50,1.25
2016.12.20 16:25:07.478,0.72389,0.72397,1.00,1.31
2016.12.20 16:25:07.579,0.72391,0.72399,1.00,3.37
2016.12.20 16:25:08.368,0.7239,0.72398,1.00,1.12
2016.12.20 16:25:12.050,0.7239,0.72397,1.00,1.00
2016.12.20 16:25:12.322,0.72388,0.72397,1.87,1.00
2016.12.20 16:25:12.826,0.72389,0.72398,1.00,2.62
2016.12.20 16:25:14.507,0.72389,0.72397,1.00,1.00
2016.12.20 16:25:15.561,0.72389,0.72398,1.00,3.37
2016.12.20 16:25:18.974,0.72391,0.72398,1.00,1.12
2016.12.20 16:25:19.603,0.72391,0.72399,1.00,2.25
2016.12.20 16:25:19.907,0.72395,0.72402,1.12,1.00
2016.12.20 16:25:19.958,0.72396,0.72405,1.00,4.12
2016.12.20 16:25:20.009,0.72399,0.72406,1.00,1.00
2016.12.20 16:25:20.061,0.72397,0.72406,1.12,1.50
2016.12.20 16:25:20.214,0.72399,0.72406,1.00,1.00
2016.12.20 16:25:20.988,0.72399,0.72407,1.00,3.75
2016.12.20 16:25:21.645,0.72399,0.72405,1.00,1.00
2016.12.20 16:25:21.695,0.72397,0.72404,1.00,1.00
2016.12.20 16:25:21.797,0.72395,0.72404,1.50,3.56
2016.12.20 16:25:22.000,0.72397,0.72405,1.00,1.00
2016.12.20 16:25:22.506,0.72397,0.72406,1.00,2.25
2016.12.20 16:25:23.198,0.72399,0.72407,1.00,2.44
2016.12.20 16:25:23.754,0.724,0.72407,1.00,1.31
2016.12.20 16:25:23.957,0.72402,0.7241,1.50,1.00
2016.12.20 16:25:24.463,0.72401,0.72411,1.00,3.19
2016.12.20 16:25:26.867,0.72401,0.7241,1.50,1.50
2016.12.20 16:25:27.372,0.724,0.72409,1.50,1.50
2016.12.20 16:25:28.448,0.724,0.72411,1.50,4.69
2016.12.20 16:25:30.844,0.724,0.72409,1.50,1.50
2016.12.20 16:25:32.161,0.72402,0.72411,2.25,2.06
2016.12.20 16:25:32.465,0.72407,0.72417,1.00,4.50
2016.12.20 16:25:32.617,0.72405,0.72413,2.25,1.00
2016.12.20 16:25:32.820,0.72404,0.72414,1.00,5.44
2016.12.20 16:25:33.322,0.72403,0.72414,1.12,5.06
2016.12.20 16:25:36.964,0.72404,0.72413,1.00,1.87
2016.12.20 16:25:37.065,0.72403,0.72411,1.00,1.00
2016.12.20 16:25:39.962,0.72403,0.72413,1.00,2.62
2016.12.20 16:25:40.473,0.72404,0.72413,1.00,1.87
2016.12.20 16:25:40.979,0.72403,0.72412,1.00,1.00
2016.12.20 16:25:41.484,0.72403,0.72411,1.00,1.00
2016.12.20 16:25:41.926,0.72401,0.72405,1.12,1.50
2016.12.20 16:25:42.130,0.72399,0.72406,1.00,3.19
2016.12.20 16:25:43.810,0.72399,0.72408,1.12,1.00
2016.12.20 16:25:43.861,0.72403,0.72409,1.00,1.87
2016.12.20 16:25:44.151,0.72407,0.72414,1.00,1.69
2016.12.20 16:25:44.253,0.72405,0.72414,2.25,1.25
2016.12.20 16:25:44.758,0.72406,0.72414,1.00,1.25
2016.12.20 16:25:45.213,0.72404,0.72414,1.00,1.69
2016.12.20 16:25:45.315,0.72403,0.72413,1.12,4.87
2016.12.20 16:25:45.852,0.72402,0.72411,1.69,1.00
2016.12.20 16:25:46.056,0.72403,0.72413,1.00,1.87
2016.12.20 16:25:46.107,0.72407,0.72414,1.00,3.56
2016.12.20 16:25:47.121,0.72408,0.72415,1.00,1.00
2016.12.20 16:25:47.324,0.72409,0.72417,1.00,1.31
2016.12.20 16:25:47.885,0.72408,0.72417,1.00,2.06
2016.12.20 16:25:48.403,0.72409,0.72417,1.00,1.31
2016.12.20 16:25:49.263,0.72407,0.72416,1.50,1.00
2016.12.20 16:25:49.770,0.72409,0.72417,1.00,1.25
2016.12.20 16:25:50.556,0.7241,0.72417,1.00,1.25
2016.12.20 16:25:53.712,0.7241,0.72419,1.00,1.00
2016.12.20 16:25:54.359,0.72408,0.72415,1.12,1.00
2016.12.20 16:25:54.511,0.72409,0.72417,1.00,3.56
2016.12.20 16:25:55.028,0.72409,0.72418,1.00,3.00
2016.12.20 16:25:56.365,0.72409,0.72417,1.00,1.00
2016.12.20 16:25:56.466,0.72406,0.72413,2.25,1.00
2016.12.20 16:25:56.567,0.72404,0.72411,1.00,1.12
2016.12.20 16:25:56.669,0.72403,0.72409,1.00,1.00
2016.12.20 16:25:56.868,0.724,0.72408,1.00,1.12
2016.12.20 16:25:57.373,0.724,0.72409,1.00,2.06
2016.12.20 16:25:57.882,0.724,0.72408,1.12,1.00
2016.12.20 16:25:58.387,0.724,0.72409,1.12,2.44
2016.12.20 16:25:59.671,0.72404,0.72411,1.00,3.00
2016.12.20 16:25:59.772,0.72406,0.72414,1.00,2.62
2016.12.20 16:25:59.874,0.72408,0.72415,1.00,1.00
2016.12.20 16:25:59.926,0.72405,0.72415,1.12,2.25
2016.12.20 16:25:59.988,0.72405,0.72415,1.87,3.15
2016.12.20 16:26:00.241,0.72404,0.72414,1.69,2.25
2016.12.20 16:26:00.342,0.72406,0.72414,1.00,4.50
2016.12.20 16:26:01.616,0.72406,0.72413,1.00,1.00
2016.12.20 16:26:02.121,0.72406,0.72414,1.00,2.62
2016.12.20 16:26:02.626,0.72403,0.7241,1.50,1.00
2016.12.20 16:26:02.829,0.72402,0.7241,1.00,1.00
2016.12.20 16:26:04.008,0.72405,0.72412,1.00,1.37
2016.12.20 16:26:04.515,0.72405,0.72412,1.00,1.00
2016.12.20 16:26:04.667,0.72406,0.72416,1.00,2.25
2016.12.20 16:26:04.768,0.72409,0.72417,1.00,3.94
2016.12.20 16:26:04.894,0.72409,0.72417,1.00,3.56
2016.12.20 16:26:05.399,0.72408,0.72418,1.12,2.25
2016.12.20 16:26:05.754,0.7241,0.72419,1.00,3.75
2016.12.20 16:26:06.261,0.72411,0.72419,1.00,1.12
2016.12.20 16:26:06.786,0.72412,0.72419,1.00,1.12
2016.12.20 16:26:08.534,0.72409,0.72415,1.75,1.00
2016.12.20 16:26:08.736,0.72409,0.72417,1.00,3.94
2016.12.20 16:26:09.242,0.72409,0.72417,1.12,1.25
2016.12.20 16:26:10.485,0.72407,0.72417,2.62,1.69
2016.12.20 16:26:19.058,0.72408,0.72418,3.19,1.00
2016.12.20 16:26:19.564,0.72409,0.72418,1.87,1.00
2016.12.20 16:26:25.969,0.72409,0.72418,1.87,1.00
2016.12.20 16:26:29.441,0.72409,0.72418,3.37,1.00
2016.12.20 16:26:29.492,0.72411,0.7242,1.00,1.00
2016.12.20 16:26:29.997,0.72412,0.7242,1.50,1.00
2016.12.20 16:26:30.503,0.7241,0.72419,1.87,1.00
2016.12.20 16:26:31.559,0.7241,0.7242,3.37,1.12
2016.12.20 16:26:34.060,0.72411,0.72419,1.50,1.00
2016.12.20 16:26:34.859,0.72409,0.72418,3.19,1.00
2016.12.20 16:26:35.365,0.72409,0.72417,1.31,1.00
2016.12.20 16:26:36.399,0.72409,0.72416,1.31,1.00
2016.12.20 16:26:39.164,0.72407,0.72416,2.62,1.00
2016.12.20 16:26:42.918,0.72407,0.72415,1.50,1.00
2016.12.20 16:26:44.936,0.72407,0.72417,1.50,1.00
2016.12.20 16:26:45.443,0.72408,0.72418,1.50,3.56
2016.12.20 16:26:47.669,0.72409,0.72418,1.00,2.44
2016.12.20 16:26:48.173,0.72407,0.72417,1.87,1.00
2016.12.20 16:26:59.814,0.72409,0.72418,3.56,1.12
2016.12.20 16:27:00.321,0.7241,0.72419,1.00,1.00
2016.12.20 16:27:00.978,0.72409,0.72419,5.44,1.00
2016.12.20 16:27:04.354,0.7241,0.72419,1.50,1.00
2016.12.20 16:27:06.961,0.72409,0.72419,5.44,1.00
2016.12.20 16:27:07.012,0.72411,0.72419,1.00,1.00
2016.12.20 16:27:09.819,0.7241,0.72419,1.00,1.00
2016.12.20 16:27:10.324,0.72409,0.72418,2.81,1.00
2016.12.20 16:27:14.901,0.72409,0.72418,2.44,1.00
2016.12.20 16:27:18.610,0.72409,0.72419,1.87,1.50
2016.12.20 16:27:19.122,0.72412,0.7242,1.50,1.12
2016.12.20 16:27:19.627,0.72413,0.72422,1.00,2.81
2016.12.20 16:27:20.159,0.72412,0.72421,1.50,1.12
2016.12.20 16:27:21.909,0.72412,0.7242,1.00,1.00
2016.12.20 16:27:22.419,0.72411,0.7242,1.87,1.00
2016.12.20 16:27:23.349,0.7241,0.72419,1.87,1.00
2016.12.20 16:27:26.003,0.7241,0.7242,1.37,1.50
2016.12.20 16:27:26.306,0.7241,0.72418,1.00,1.50
2016.12.20 16:27:26.812,0.72409,0.72418,1.69,1.50
2016.12.20 16:27:27.316,0.7241,0.72418,1.00,1.50
2016.12.20 16:27:27.911,0.72409,0.72417,2.44,1.00
2016.12.20 16:27:33.432,0.7241,0.72418,1.00,1.12
2016.12.20 16:27:34.089,0.7241,0.72419,1.00,1.50
2016.12.20 16:27:34.631,0.72409,0.72419,1.69,2.25
2016.12.20 16:27:34.934,0.72409,0.72417,2.81,1.00
2016.12.20 16:27:39.668,0.72409,0.72418,1.37,1.00
2016.12.20 16:27:40.177,0.72409,0.72419,1.37,3.37
2016.12.20 16:27:42.320,0.72409,0.72418,1.37,1.00
2016.12.20 16:27:42.825,0.72409,0.72417,1.37,1.00
2016.12.20 16:27:45.429,0.72408,0.72417,1.87,3.00
2016.12.20 16:27:45.583,0.72403,0.72412,2.62,1.00
2016.12.20 16:27:45.886,0.72406,0.72413,1.00,1.37
2016.12.20 16:27:45.988,0.72406,0.72414,1.00,1.12
2016.12.20 16:27:46.291,0.72403,0.72414,1.87,1.87
2016.12.20 16:27:46.342,0.72403,0.72411,1.87,1.00
2016.12.20 16:27:46.393,0.72402,0.72413,3.75,2.25
2016.12.20 16:27:46.898,0.72402,0.72412,3.75,1.50
2016.12.20 16:27:48.441,0.72402,0.7241,1.50,1.00
2016.12.20 16:27:48.593,0.72401,0.72409,3.56,1.00
2016.12.20 16:27:48.941,0.72399,0.72409,1.50,3.37
2016.12.20 16:27:52.013,0.72399,0.72408,1.87,1.87
2016.12.20 16:27:52.518,0.724,0.72409,1.37,1.00
2016.12.20 16:27:54.068,0.724,0.72408,1.37,1.00
2016.12.20 16:27:54.581,0.72399,0.72407,1.12,1.00
2016.12.20 16:27:55.228,0.72399,0.72408,1.12,3.00
2016.12.20 16:27:56.143,0.72399,0.72403,1.12,1.00
2016.12.20 16:27:56.194,0.72395,0.72405,6.37,1.00
2016.12.20 16:27:56.296,0.72397,0.72405,1.12,1.00
2016.12.20 16:27:56.801,0.72398,0.72406,1.12,1.00
2016.12.20 16:27:57.357,0.72398,0.72407,1.12,2.81
2016.12.20 16:27:58.265,0.72398,0.72408,2.62,1.37
2016.12.20 16:27:58.812,0.72398,0.72409,2.25,1.87
2016.12.20 16:27:59.795,0.72399,0.72407,1.12,1.00
2016.12.20 16:28:01.646,0.72398,0.72404,1.50,1.00
2016.12.20 16:28:01.697,0.72397,0.72405,1.00,2.62
2016.12.20 16:28:02.202,0.72397,0.72406,1.87,1.69
2016.12.20 16:28:02.885,0.72397,0.72408,3.19,4.12
2016.12.20 16:28:07.620,0.72397,0.72408,3.56,3.75
2016.12.20 16:28:08.276,0.72397,0.72407,3.56,1.00
2016.12.20 16:28:10.220,0.72397,0.72408,3.56,3.75
2016.12.20 16:28:10.761,0.72397,0.72405,3.56,1.50
2016.12.20 16:28:11.030,0.72393,0.72402,2.44,2.25
2016.12.20 16:28:11.535,0.72392,0.72401,1.87,1.12
2016.12.20 16:28:12.040,0.72392,0.72402,1.87,1.12
2016.12.20 16:28:12.615,0.72391,0.72401,1.87,1.12
2016.12.20 16:28:14.911,0.72391,0.724,1.87,1.00
2016.12.20 16:28:15.012,0.72391,0.724,1.50,1.37
2016.12.20 16:28:16.201,0.7239,0.724,1.87,1.75
2016.12.20 16:28:17.212,0.72389,0.72399,4.31,1.50
2016.12.20 16:28:17.726,0.72389,0.72399,3.56,1.50
2016.12.20 16:28:18.241,0.72388,0.72397,1.00,1.87
2016.12.20 16:28:19.291,0.72388,0.72397,1.87,1.12
2016.12.20 16:28:20.165,0.72388,0.72398,3.37,1.50
2016.12.20 16:28:20.941,0.7239,0.72398,1.00,1.50
2016.12.20 16:28:21.651,0.72391,0.724,1.00,1.50
2016.12.20 16:28:21.753,0.72393,0.72402,1.50,3.75
2016.12.20 16:28:21.855,0.72393,0.72402,2.25,1.50
2016.12.20 16:28:22.445,0.72392,0.72402,1.50,1.50
2016.12.20 16:28:22.950,0.72393,0.72401,1.00,1.00
2016.12.20 16:28:23.457,0.72393,0.72402,1.12,1.00
2016.12.20 16:28:23.609,0.72396,0.72402,1.00,1.00
2016.12.20 16:28:23.739,0.72396,0.72404,1.00,1.00
2016.12.20 16:28:23.841,0.72396,0.72406,1.87,1.87
2016.12.20 16:28:24.346,0.72396,0.72406,1.87,1.50
2016.12.20 16:28:24.858,0.72396,0.72407,3.37,5.81
2016.12.20 16:28:25.364,0.72398,0.72406,1.00,1.00
2016.12.20 16:28:25.913,0.72397,0.72408,1.50,1.50
2016.12.20 16:28:27.160,0.72398,0.72408,1.00,1.87
2016.12.20 16:28:27.312,0.72399,0.72409,1.37,3.00
2016.12.20 16:28:27.858,0.72401,0.72409,1.00,1.00
2016.12.20 16:28:28.515,0.724,0.72409,2.62,1.50
2016.12.20 16:28:30.591,0.72399,0.72408,1.87,1.00
2016.12.20 16:28:31.115,0.72399,0.72407,1.87,1.00
2016.12.20 16:28:31.709,0.72399,0.72408,1.37,1.50
2016.12.20 16:28:34.655,0.72399,0.72408,1.37,4.50
2016.12.20 16:28:35.910,0.72398,0.72408,1.87,3.75
2016.12.20 16:28:36.170,0.72398,0.72408,2.25,2.62
2016.12.20 16:28:36.865,0.72398,0.72408,1.87,4.12
2016.12.20 16:28:41.866,0.72398,0.72406,1.12,1.00
2016.12.20 16:28:42.380,0.72397,0.72407,3.75,1.87
2016.12.20 16:28:43.742,0.72399,0.72407,1.00,1.12
2016.12.20 16:28:43.939,0.724,0.72407,1.37,1.12
2016.12.20 16:28:44.445,0.724,0.72408,1.00,2.25
2016.12.20 16:28:44.963,0.724,0.72408,1.00,1.50
2016.12.20 16:28:49.659,0.72399,0.72408,1.00,1.50
2016.12.20 16:28:50.166,0.72398,0.72408,1.12,5.25
2016.12.20 16:28:50.703,0.72398,0.72408,1.12,3.75
2016.12.20 16:28:52.188,0.72398,0.72407,1.12,1.00
2016.12.20 16:28:52.718,0.72398,0.72408,1.12,4.87
2016.12.20 16:28:53.021,0.72398,0.72406,1.12,1.50
2016.12.20 16:28:56.911,0.72398,0.72406,1.87,1.50
2016.12.20 16:28:57.417,0.72398,0.72406,1.12,1.50
2016.12.20 16:28:58.009,0.72398,0.72408,1.12,4.12
2016.12.20 16:28:58.543,0.72398,0.72408,1.12,4.12
2016.12.20 16:28:59.412,0.72398,0.72407,1.12,1.00
2016.12.20 16:28:59.963,0.72398,0.72406,1.12,1.50
2016.12.20 16:29:02.332,0.72398,0.72405,1.00,1.00
2016.12.20 16:29:02.837,0.72398,0.72406,1.00,3.00
2016.12.20 16:29:06.541,0.72398,0.72405,1.00,1.00
2016.12.20 16:29:06.895,0.72396,0.72405,4.31,1.00
2016.12.20 16:29:08.611,0.72397,0.72405,1.00,1.50
2016.12.20 16:29:08.987,0.72395,0.72403,1.87,3.00
2016.12.20 16:29:09.038,0.72394,0.72402,1.12,1.00
2016.12.20 16:29:09.291,0.72392,0.724,2.06,1.00
2016.12.20 16:29:09.796,0.72392,0.72401,1.25,2.62
2016.12.20 16:29:10.998,0.72392,0.724,1.69,1.00
2016.12.20 16:29:11.561,0.72392,0.72401,1.69,1.50
2016.12.20 16:29:12.711,0.72392,0.72402,1.25,3.37
2016.12.20 16:29:13.719,0.72395,0.72402,1.00,1.00
2016.12.20 16:29:14.018,0.72398,0.72408,2.62,4.50
2016.12.20 16:29:14.726,0.72398,0.72408,2.62,4.12
2016.12.20 16:29:16.857,0.72398,0.72408,2.62,3.37
2016.12.20 16:29:17.965,0.72398,0.72408,3.00,3.75
2016.12.20 16:29:18.769,0.724,0.72408,1.00,2.62
2016.12.20 16:29:20.207,0.72399,0.72408,1.00,3.37
2016.12.20 16:29:21.414,0.72398,0.72408,3.00,2.62
2016.12.20 16:29:23.535,0.724,0.72408,1.00,1.12
2016.12.20 16:29:23.939,0.72401,0.72411,3.00,4.87
2016.12.20 16:29:24.193,0.72402,0.72412,2.62,3.75
2016.12.20 16:29:27.312,0.72403,0.72412,1.00,2.25
2016.12.20 16:29:27.538,0.72405,0.72413,1.00,1.69
2016.12.20 16:29:27.841,0.72407,0.72413,1.00,1.25
2016.12.20 16:29:29.839,0.72404,0.72413,1.50,1.69
2016.12.20 16:29:30.748,0.72406,0.72415,1.00,4.50
2016.12.20 16:29:30.900,0.72407,0.72415,1.00,1.00
2016.12.20 16:29:31.407,0.72407,0.72416,1.00,1.00
2016.12.20 16:29:34.115,0.72406,0.72416,2.44,1.87
2016.12.20 16:29:34.998,0.72406,0.72416,2.81,1.20
2016.12.20 16:29:37.100,0.72407,0.72417,1.12,4.27
2016.12.20 16:29:37.712,0.72407,0.72417,1.50,4.50
2016.12.20 16:29:37.966,0.7241,0.72417,1.00,1.00
2016.12.20 16:29:38.150,0.7241,0.72419,1.00,1.87
2016.12.20 16:29:38.403,0.7241,0.72417,1.00,1.00
2016.12.20 16:29:38.557,0.72409,0.72419,1.87,4.12
2016.12.20 16:29:41.153,0.7241,0.72419,1.00,1.12
2016.12.20 16:29:41.255,0.72411,0.72419,1.87,1.12
2016.12.20 16:29:41.999,0.72411,0.7242,1.37,1.31
2016.12.20 16:29:42.556,0.72411,0.72419,1.87,1.00
2016.12.20 16:29:43.061,0.72411,0.72419,1.00,1.50
2016.12.20 16:29:43.593,0.72411,0.72421,3.00,2.62
2016.12.20 16:29:44.313,0.7241,0.72418,1.50,1.00
2016.12.20 16:29:44.851,0.72409,0.72417,1.50,1.00
2016.12.20 16:29:45.104,0.72408,0.72416,1.00,1.00
2016.12.20 16:29:45.610,0.72408,0.72418,2.62,2.62
2016.12.20 16:29:46.115,0.72408,0.72418,3.00,2.25
2016.12.20 16:29:52.409,0.72409,0.72417,1.12,1.00
2016.12.20 16:29:52.939,0.72408,0.72417,1.12,1.87
2016.12.20 16:29:54.317,0.72408,0.72418,1.75,3.37
