2017.05.15 18:00:01.444,0.74148,0.74157,1.00,7.50
2017.05.15 18:00:03.667,0.74148,0.74155,1.00,1.00
2017.05.15 18:00:04.191,0.74148,0.74157,1.00,6.00
2017.05.15 18:00:05.095,0.74149,0.74157,1.50,5.62
2017.05.15 18:00:06.197,0.7415,0.74156,1.00,1.00
2017.05.15 18:00:06.731,0.74149,0.74156,1.50,1.00
2017.05.15 18:00:07.403,0.74148,0.74156,3.00,1.00
2017.05.15 18:00:15.242,0.74148,0.74154,1.50,1.00
2017.05.15 18:00:15.751,0.74146,0.74154,3.94,1.00
2017.05.15 18:00:18.249,0.74146,0.74154,5.44,1.00
2017.05.15 18:00:18.452,0.74146,0.74156,4.31,1.50
2017.05.15 18:00:26.441,0.74147,0.74156,1.50,1.50
2017.05.15 18:00:32.097,0.74147,0.74157,3.00,4.50
2017.05.15 18:00:33.593,0.74147,0.74156,3.00,1.00
2017.05.15 18:00:34.630,0.74147,0.74157,3.00,4.50
2017.05.15 18:00:38.956,0.74147,0.74156,3.00,1.00
2017.05.15 18:00:39.802,0.74147,0.74156,1.50,1.50
2017.05.15 18:00:49.602,0.74147,0.74157,2.62,5.62
2017.05.15 18:00:52.369,0.74147,0.74156,4.12,1.50
2017.05.15 18:01:07.255,0.74146,0.74155,2.25,1.12
2017.05.15 18:01:34.789,0.74146,0.74156,3.37,1.50
2017.05.15 18:01:35.362,0.74147,0.74156,1.00,2.25
2017.05.15 18:01:41.690,0.74146,0.74156,3.94,1.50
2017.05.15 18:01:42.205,0.74147,0.74156,1.50,1.50
2017.05.15 18:01:42.750,0.74146,0.74156,3.94,1.50
2017.05.15 18:01:43.325,0.74147,0.74156,1.50,1.50
2017.05.15 18:01:44.087,0.74146,0.74156,4.69,1.50
2017.05.15 18:01:44.622,0.74147,0.74156,1.50,3.00
2017.05.15 18:01:45.324,0.74146,0.74156,3.19,1.50
2017.05.15 18:01:47.812,0.74146,0.74156,5.06,3.75
2017.05.15 18:01:49.460,0.74147,0.74156,1.00,3.75
2017.05.15 18:01:50.516,0.74146,0.74156,5.06,3.00
2017.05.15 18:02:01.119,0.74147,0.74156,3.75,1.50
2017.05.15 18:02:01.671,0.74148,0.74156,1.50,1.50
2017.05.15 18:02:02.430,0.74147,0.74156,2.25,1.50
2017.05.15 18:02:03.074,0.74148,0.74156,1.50,1.87
2017.05.15 18:02:05.678,0.74147,0.74156,3.00,1.12
2017.05.15 18:02:06.373,0.74148,0.74156,1.50,1.87
2017.05.15 18:02:06.965,0.74147,0.74156,3.37,1.12
2017.05.15 18:02:07.707,0.74147,0.74155,3.37,1.00
2017.05.15 18:02:09.446,0.74148,0.74155,1.50,1.00
2017.05.15 18:02:09.979,0.74148,0.74156,1.00,1.50
2017.05.15 18:02:14.266,0.74146,0.74156,3.37,1.00
2017.05.15 18:02:17.173,0.74146,0.74156,6.60,1.00
2017.05.15 18:02:20.220,0.74146,0.74156,8.47,1.87
2017.05.15 18:02:25.230,0.74147,0.74156,1.12,2.25
2017.05.15 18:02:27.010,0.74148,0.74156,1.00,1.50
2017.05.15 18:02:30.766,0.74147,0.74156,1.00,1.50
2017.05.15 18:02:31.297,0.74146,0.74156,6.37,2.25
2017.05.15 18:02:34.867,0.74148,0.74156,1.00,2.25
2017.05.15 18:02:44.983,0.74148,0.74156,1.00,3.00
2017.05.15 18:03:11.661,0.74148,0.74156,1.00,3.00
2017.05.15 18:03:20.682,0.74146,0.74156,1.00,1.87
2017.05.15 18:03:40.565,0.74146,0.74156,1.00,3.00
2017.05.15 18:03:44.716,0.74146,0.74156,3.00,3.75
2017.05.15 18:03:48.636,0.74147,0.74155,1.50,1.00
2017.05.15 18:03:51.740,0.74146,0.74155,1.00,1.00
2017.05.15 18:03:57.294,0.74146,0.74154,3.37,1.00
2017.05.15 18:04:11.806,0.74147,0.74155,1.00,2.62
2017.05.15 18:04:12.327,0.74146,0.74154,1.87,1.00
2017.05.15 18:04:12.954,0.74146,0.74154,1.12,1.87
2017.05.15 18:04:13.519,0.74145,0.74154,4.12,2.62
2017.05.15 18:04:13.723,0.74149,0.74153,1.00,2.25
2017.05.15 18:04:13.918,0.74147,0.74153,1.00,3.75
2017.05.15 18:04:14.494,0.74146,0.74152,1.00,2.25
2017.05.15 18:04:15.035,0.74145,0.74152,1.00,1.87
2017.05.15 18:04:16.043,0.74142,0.74149,2.62,1.87
2017.05.15 18:04:16.377,0.7414,0.74147,1.00,4.12
2017.05.15 18:04:17.137,0.7414,0.74144,1.00,1.00
2017.05.15 18:04:17.290,0.7414,0.74147,1.00,6.00
2017.05.15 18:04:22.388,0.74144,0.74148,1.00,2.62
2017.05.15 18:04:22.440,0.74144,0.7415,1.00,1.00
2017.05.15 18:04:22.836,0.74145,0.74154,1.00,4.12
2017.05.15 18:04:23.601,0.74144,0.74153,1.50,1.12
2017.05.15 18:04:30.018,0.74145,0.74154,1.00,1.87
2017.05.15 18:04:32.272,0.74144,0.74154,1.50,3.37
2017.05.15 18:04:45.197,0.74144,0.74154,1.50,4.12
2017.05.15 18:04:45.888,0.74144,0.74153,1.50,2.25
2017.05.15 18:04:49.139,0.74143,0.7415,2.25,3.19
2017.05.15 18:04:49.241,0.7414,0.7415,2.25,4.50
2017.05.15 18:04:49.591,0.7414,0.74148,2.25,1.00
2017.05.15 18:04:54.755,0.74142,0.74148,1.00,1.00
2017.05.15 18:04:54.858,0.74142,0.74151,1.00,5.25
2017.05.15 18:04:55.411,0.74143,0.74151,1.50,1.50
2017.05.15 18:04:55.564,0.74141,0.74151,2.62,4.12
2017.05.15 18:04:56.094,0.74141,0.74151,1.50,5.62
2017.05.15 18:04:56.399,0.74143,0.74152,1.00,1.12
2017.05.15 18:04:56.914,0.74142,0.74152,3.37,1.12
2017.05.15 18:04:58.703,0.74142,0.7415,4.50,1.00
2017.05.15 18:04:59.163,0.74142,0.74152,4.12,2.25
2017.05.15 18:04:59.675,0.74142,0.74151,2.62,1.00
2017.05.15 18:05:00.215,0.74143,0.74151,1.00,1.00
2017.05.15 18:05:00.731,0.74142,0.74151,2.62,1.00
2017.05.15 18:05:01.487,0.74143,0.74151,1.00,1.00
2017.05.15 18:05:02.495,0.74142,0.74151,2.62,1.00
2017.05.15 18:05:03.004,0.74143,0.74151,1.00,1.00
2017.05.15 18:05:03.803,0.74142,0.74151,3.75,1.00
2017.05.15 18:05:04.814,0.74143,0.74151,1.00,1.00
2017.05.15 18:05:05.364,0.74142,0.74151,2.25,1.00
2017.05.15 18:05:06.671,0.74142,0.74152,2.25,1.87
2017.05.15 18:05:07.207,0.74143,0.74152,1.00,1.87
2017.05.15 18:05:07.780,0.74142,0.74152,2.25,1.87
2017.05.15 18:05:09.900,0.74143,0.74152,1.00,1.50
2017.05.15 18:05:10.806,0.74143,0.74151,1.50,1.00
2017.05.15 18:05:11.307,0.74143,0.74152,1.00,1.87
2017.05.15 18:05:11.857,0.74143,0.74151,1.00,1.00
2017.05.15 18:05:14.514,0.74143,0.74152,1.50,2.62
2017.05.15 18:05:16.681,0.74143,0.74151,1.00,1.00
2017.05.15 18:05:17.070,0.74144,0.74153,1.50,3.75
2017.05.15 18:05:17.737,0.74143,0.74153,3.00,3.37
2017.05.15 18:05:18.321,0.74143,0.74152,1.00,1.00
2017.05.15 18:05:18.875,0.74142,0.74152,2.25,1.00
2017.05.15 18:05:19.824,0.74143,0.74152,1.00,1.00
2017.05.15 18:05:20.403,0.74142,0.74152,2.25,1.00
2017.05.15 18:05:24.145,0.74143,0.74152,1.00,1.00
2017.05.15 18:05:29.906,0.74143,0.74151,1.00,1.50
2017.05.15 18:05:32.282,0.74142,0.74151,1.87,1.50
2017.05.15 18:05:32.846,0.74143,0.74152,1.00,4.12
2017.05.15 18:05:33.369,0.74143,0.74151,1.50,1.50
2017.05.15 18:05:36.408,0.74142,0.74152,1.50,4.87
2017.05.15 18:05:36.764,0.74142,0.7415,1.00,1.00
2017.05.15 18:05:37.528,0.74141,0.74151,3.75,1.50
2017.05.15 18:05:39.233,0.74142,0.7415,1.00,1.00
2017.05.15 18:05:39.762,0.74143,0.7415,1.00,1.00
2017.05.15 18:05:40.263,0.74143,0.74151,1.00,2.25
2017.05.15 18:05:40.981,0.74143,0.7415,1.00,1.00
2017.05.15 18:05:41.719,0.74143,0.74151,1.00,2.25
2017.05.15 18:05:42.576,0.74144,0.74151,1.00,1.50
2017.05.15 18:05:43.087,0.74144,0.74152,1.00,1.00
2017.05.15 18:05:45.400,0.74142,0.74152,3.37,1.00
2017.05.15 18:05:46.441,0.74143,0.74153,1.00,4.87
2017.05.15 18:05:47.000,0.74142,0.74153,2.62,3.37
2017.05.15 18:05:47.911,0.74142,0.74153,2.62,3.37
2017.05.15 18:05:50.105,0.74143,0.74153,1.00,4.12
2017.05.15 18:05:51.175,0.74143,0.7415,1.00,2.25
2017.05.15 18:05:51.277,0.74141,0.74149,1.12,1.87
2017.05.15 18:05:51.328,0.74139,0.74149,3.00,1.87
2017.05.15 18:05:51.533,0.74138,0.74146,1.00,1.00
2017.05.15 18:05:52.092,0.74137,0.74146,1.50,1.50
2017.05.15 18:05:52.648,0.74138,0.74146,1.00,1.50
2017.05.15 18:05:53.187,0.74137,0.74146,1.50,1.50
2017.05.15 18:06:01.716,0.74136,0.74146,1.87,3.75
2017.05.15 18:06:02.245,0.74136,0.74145,1.00,1.12
2017.05.15 18:06:02.861,0.74135,0.74145,1.12,3.00
2017.05.15 18:06:03.168,0.74136,0.74143,1.00,1.87
2017.05.15 18:06:03.676,0.74135,0.74143,1.50,1.50
2017.05.15 18:06:04.238,0.74136,0.74143,1.00,1.12
2017.05.15 18:06:04.764,0.74135,0.74143,1.50,1.12
2017.05.15 18:06:05.404,0.74136,0.74143,1.00,1.12
2017.05.15 18:06:05.908,0.74135,0.74143,1.50,1.12
2017.05.15 18:06:06.967,0.74136,0.74143,1.00,1.12
2017.05.15 18:06:07.808,0.74135,0.74143,1.50,1.12
2017.05.15 18:06:08.387,0.74136,0.74143,1.00,1.12
2017.05.15 18:06:09.267,0.74135,0.74143,1.50,1.12
2017.05.15 18:06:09.795,0.74135,0.74142,1.50,1.50
2017.05.15 18:06:10.414,0.74136,0.74142,1.00,1.12
2017.05.15 18:06:10.935,0.74136,0.74144,1.00,5.25
2017.05.15 18:06:11.679,0.74135,0.74144,1.50,4.50
2017.05.15 18:06:12.263,0.74133,0.74144,1.12,6.00
2017.05.15 18:06:17.030,0.74133,0.74144,1.37,5.25
2017.05.15 18:06:20.711,0.74133,0.74144,1.12,5.25
2017.05.15 18:06:21.899,0.74133,0.74144,1.37,6.37
2017.05.15 18:06:22.592,0.74133,0.74144,1.00,5.62
2017.05.15 18:06:23.128,0.74133,0.74142,1.12,1.00
2017.05.15 18:06:23.858,0.74133,0.74143,1.12,4.50
2017.05.15 18:06:35.632,0.74134,0.74142,1.00,1.00
2017.05.15 18:06:37.098,0.74133,0.74141,1.00,1.00
2017.05.15 18:06:37.200,0.74133,0.74143,1.00,2.62
2017.05.15 18:06:37.701,0.74134,0.74143,1.50,3.37
2017.05.15 18:06:38.620,0.74134,0.74142,1.50,1.00
2017.05.15 18:06:42.809,0.74134,0.74141,1.00,1.50
2017.05.15 18:06:42.985,0.7412,0.74126,3.26,1.00
2017.05.15 18:06:43.037,0.74121,0.74126,1.00,1.00
2017.05.15 18:06:43.088,0.74121,0.74125,1.50,1.00
2017.05.15 18:06:43.241,0.7412,0.74126,2.25,1.00
2017.05.15 18:06:43.344,0.74121,0.74129,1.00,1.50
2017.05.15 18:06:43.548,0.74123,0.74129,1.00,1.00
2017.05.15 18:06:44.064,0.74122,0.7413,1.50,1.00
2017.05.15 18:06:49.055,0.74121,0.74131,2.62,1.12
2017.05.15 18:06:49.612,0.74123,0.74132,1.00,3.37
2017.05.15 18:06:50.932,0.74122,0.74132,1.50,3.37
2017.05.15 18:06:51.786,0.74123,0.74132,1.00,3.37
2017.05.15 18:06:52.331,0.74122,0.74132,2.25,2.62
2017.05.15 18:06:52.905,0.74123,0.74132,1.00,2.62
2017.05.15 18:06:53.454,0.74122,0.74132,2.25,2.62
2017.05.15 18:06:54.202,0.74123,0.74132,1.00,1.50
2017.05.15 18:06:54.759,0.74122,0.74131,1.00,1.50
2017.05.15 18:06:55.419,0.74122,0.74131,1.00,2.25
2017.05.15 18:06:55.950,0.74121,0.74131,3.37,2.25
2017.05.15 18:06:56.713,0.74122,0.74131,1.00,2.25
2017.05.15 18:06:57.222,0.74121,0.74131,2.62,2.25
2017.05.15 18:06:57.772,0.74123,0.74131,1.00,2.25
2017.05.15 18:06:57.874,0.74121,0.74131,3.75,2.25
2017.05.15 18:06:58.452,0.74122,0.74131,1.00,2.25
2017.05.15 18:06:58.961,0.74124,0.74131,1.50,1.00
2017.05.15 18:06:59.472,0.74125,0.74132,1.00,1.87
2017.05.15 18:07:00.057,0.74124,0.74131,1.50,1.00
2017.05.15 18:07:01.104,0.74125,0.74132,1.00,1.37
2017.05.15 18:07:01.757,0.74124,0.74132,1.50,1.37
2017.05.15 18:07:02.309,0.74125,0.74132,1.00,1.37
2017.05.15 18:07:02.796,0.74123,0.74132,1.00,1.37
2017.05.15 18:07:03.762,0.74123,0.74132,1.00,1.12
2017.05.15 18:07:04.448,0.74123,0.74132,1.00,1.37
2017.05.15 18:07:06.624,0.74123,0.74132,1.00,1.87
2017.05.15 18:07:07.133,0.74123,0.74133,1.50,1.12
2017.05.15 18:07:15.781,0.74125,0.74133,1.00,1.12
2017.05.15 18:07:17.539,0.74127,0.74133,1.00,1.87
2017.05.15 18:07:18.924,0.74127,0.74134,1.00,1.12
2017.05.15 18:07:20.085,0.7413,0.74137,1.00,1.37
2017.05.15 18:07:20.188,0.74131,0.74139,1.00,1.12
2017.05.15 18:07:20.697,0.7413,0.74137,1.50,1.12
2017.05.15 18:07:21.430,0.74128,0.74137,1.42,1.12
2017.05.15 18:07:21.988,0.74128,0.74137,2.17,1.12
2017.05.15 18:07:22.571,0.74128,0.74137,1.42,1.12
2017.05.15 18:07:22.826,0.7413,0.74139,1.50,3.37
2017.05.15 18:07:23.072,0.74128,0.74138,2.55,2.25
2017.05.15 18:07:26.586,0.7413,0.74138,1.00,3.75
2017.05.15 18:07:26.774,0.74131,0.74139,1.00,1.12
2017.05.15 18:07:27.453,0.74131,0.7414,1.00,4.12
2017.05.15 18:07:27.911,0.74133,0.74141,1.00,2.62
2017.05.15 18:07:28.453,0.74132,0.74141,1.00,4.12
2017.05.15 18:07:29.005,0.74129,0.74138,4.12,1.00
2017.05.15 18:07:29.541,0.74129,0.74138,1.50,3.00
2017.05.15 18:07:32.380,0.74129,0.74138,1.00,3.00
2017.05.15 18:07:32.482,0.74129,0.74138,1.00,4.50
2017.05.15 18:07:32.635,0.74131,0.74139,1.00,1.00
2017.05.15 18:07:33.146,0.7413,0.7414,2.25,2.62
2017.05.15 18:07:34.531,0.74129,0.74137,1.50,1.00
2017.05.15 18:07:34.687,0.74127,0.74137,2.62,3.00
2017.05.15 18:07:49.216,0.74127,0.74136,1.00,2.62
2017.05.15 18:07:50.160,0.74127,0.74133,1.00,1.50
2017.05.15 18:07:50.211,0.74125,0.74133,3.37,1.50
2017.05.15 18:07:50.720,0.74126,0.74133,1.00,1.00
2017.05.15 18:07:51.112,0.74124,0.74133,1.00,1.00
2017.05.15 18:07:51.920,0.74124,0.74134,1.00,2.62
2017.05.15 18:07:52.545,0.74124,0.74133,1.00,1.00
2017.05.15 18:07:53.585,0.74124,0.74134,1.00,4.12
2017.05.15 18:07:54.597,0.74124,0.74133,1.00,1.00
2017.05.15 18:07:55.174,0.74124,0.74134,1.00,4.87
2017.05.15 18:07:55.690,0.74124,0.74133,1.00,1.00
2017.05.15 18:07:57.242,0.74124,0.74134,1.00,4.12
2017.05.15 18:07:59.788,0.74124,0.74133,1.00,1.00
2017.05.15 18:08:00.343,0.74124,0.74134,1.00,4.12
2017.05.15 18:08:00.899,0.74124,0.74133,1.00,1.00
2017.05.15 18:08:01.618,0.74124,0.74134,1.00,4.87
2017.05.15 18:08:02.131,0.74124,0.74133,1.00,2.25
2017.05.15 18:08:02.670,0.74123,0.74133,1.12,3.75
2017.05.15 18:08:16.357,0.74123,0.74132,1.87,1.50
2017.05.15 18:08:16.866,0.74122,0.74131,2.25,1.50
2017.05.15 18:08:17.786,0.74122,0.7413,1.37,1.12
2017.05.15 18:08:17.838,0.74121,0.74124,1.87,1.00
2017.05.15 18:08:17.891,0.74119,0.74125,1.00,1.87
2017.05.15 18:08:17.993,0.74119,0.74127,2.55,1.50
2017.05.15 18:08:18.148,0.74122,0.74129,1.00,2.62
2017.05.15 18:08:18.199,0.74122,0.74129,1.00,1.12
2017.05.15 18:08:18.708,0.74121,0.7413,1.12,3.19
2017.05.15 18:08:19.378,0.74122,0.7413,1.00,1.69
2017.05.15 18:08:19.887,0.74122,0.74132,1.50,2.44
2017.05.15 18:08:19.938,0.74124,0.74132,1.00,1.69
2017.05.15 18:08:20.495,0.74124,0.74132,1.00,1.69
2017.05.15 18:08:43.791,0.74123,0.74134,1.00,5.06
2017.05.15 18:08:58.064,0.74123,0.74133,1.50,3.19
2017.05.15 18:09:06.547,0.74122,0.7413,1.12,1.00
2017.05.15 18:09:07.139,0.7412,0.7413,4.87,1.00
2017.05.15 18:09:07.701,0.7412,0.74131,6.37,4.12
2017.05.15 18:09:08.209,0.7412,0.74131,5.25,4.12
2017.05.15 18:09:10.342,0.7412,0.74131,7.50,4.87
2017.05.15 18:09:11.085,0.7412,0.74127,1.37,1.00
2017.05.15 18:09:11.188,0.74118,0.74127,1.12,1.12
2017.05.15 18:09:11.700,0.74117,0.74126,1.00,1.00
2017.05.15 18:09:20.285,0.74117,0.74126,1.00,2.62
2017.05.15 18:09:20.820,0.74117,0.74126,1.50,2.25
2017.05.15 18:09:21.461,0.74117,0.74125,1.00,1.50
2017.05.15 18:09:21.512,0.74115,0.74124,4.50,1.00
2017.05.15 18:09:26.451,0.74117,0.74125,2.25,2.25
2017.05.15 18:09:26.712,0.74119,0.74129,3.75,1.00
2017.05.15 18:09:26.909,0.74118,0.74128,8.25,3.00
2017.05.15 18:09:27.011,0.74117,0.74127,3.37,1.00
2017.05.15 18:09:27.706,0.74117,0.74127,3.37,1.00
2017.05.15 18:09:27.960,0.74119,0.74128,1.12,2.25
2017.05.15 18:09:28.356,0.7412,0.7413,1.00,3.00
2017.05.15 18:09:28.890,0.74121,0.7413,1.00,1.12
2017.05.15 18:09:31.884,0.7412,0.7413,2.02,3.00
2017.05.15 18:09:32.394,0.7412,0.7413,3.00,1.87
2017.05.15 18:09:32.540,0.74122,0.7413,1.00,1.87
2017.05.15 18:09:34.135,0.74123,0.74131,1.00,1.69
2017.05.15 18:09:34.239,0.74123,0.74132,1.50,1.69
2017.05.15 18:09:38.190,0.74123,0.7413,1.87,1.50
2017.05.15 18:09:38.344,0.74121,0.74131,1.00,2.25
2017.05.15 18:09:38.756,0.74119,0.74127,2.25,1.87
2017.05.15 18:09:39.304,0.74119,0.74127,1.00,2.25
2017.05.15 18:09:40.909,0.74118,0.74127,1.00,1.50
2017.05.15 18:09:50.426,0.74117,0.74127,2.62,1.00
2017.05.15 18:09:51.001,0.74117,0.74126,1.50,1.87
2017.05.15 18:09:51.511,0.74117,0.74126,1.50,2.62
2017.05.15 18:09:53.644,0.74117,0.74124,1.00,1.00
2017.05.15 18:09:54.247,0.74116,0.74124,1.00,1.00
2017.05.15 18:09:57.959,0.74116,0.74125,1.00,1.00
2017.05.15 18:10:01.400,0.74116,0.74125,1.00,1.37
2017.05.15 18:10:05.726,0.74119,0.74124,1.00,1.00
2017.05.15 18:10:05.880,0.74121,0.74128,4.50,2.62
2017.05.15 18:10:05.982,0.74122,0.74131,1.00,1.87
2017.05.15 18:10:06.135,0.74124,0.74132,1.50,1.87
2017.05.15 18:10:06.699,0.74125,0.74133,1.00,2.44
2017.05.15 18:10:07.247,0.74124,0.74134,1.50,8.81
2017.05.15 18:10:07.852,0.74125,0.74134,1.00,7.31
2017.05.15 18:10:08.560,0.74124,0.74134,1.50,8.06
2017.05.15 18:10:10.031,0.74125,0.74134,1.00,7.31
2017.05.15 18:10:10.460,0.74127,0.74134,1.00,4.12
2017.05.15 18:10:10.766,0.7413,0.74134,1.00,1.00
2017.05.15 18:10:11.679,0.74126,0.74134,1.87,1.00
2017.05.15 18:10:13.705,0.74126,0.74134,2.62,1.00
2017.05.15 18:10:14.855,0.74126,0.74134,1.37,1.00
2017.05.15 18:10:16.866,0.74129,0.74136,1.00,1.12
2017.05.15 18:10:16.968,0.74129,0.74137,1.00,1.37
2017.05.15 18:10:17.020,0.74131,0.74138,1.12,3.94
2017.05.15 18:10:17.122,0.7413,0.74139,1.50,2.25
2017.05.15 18:10:18.117,0.74131,0.7414,1.12,1.50
2017.05.15 18:10:18.576,0.7413,0.74138,1.12,1.87
2017.05.15 18:10:18.678,0.7413,0.7414,1.12,7.12
2017.05.15 18:10:18.932,0.74129,0.74138,1.00,2.44
2017.05.15 18:10:19.475,0.74128,0.74137,2.25,1.87
2017.05.15 18:10:20.033,0.74127,0.74137,3.00,2.62
2017.05.15 18:10:20.736,0.74128,0.74137,1.50,2.62
2017.05.15 18:10:21.289,0.74127,0.74137,2.25,2.62
2017.05.15 18:10:21.800,0.74128,0.74137,1.50,2.62
2017.05.15 18:10:22.420,0.74127,0.74137,1.00,2.62
2017.05.15 18:10:23.011,0.74126,0.74137,9.00,2.62
2017.05.15 18:10:23.546,0.74126,0.74137,9.00,2.62
2017.05.15 18:10:24.712,0.74127,0.74137,2.25,1.37
2017.05.15 18:10:35.211,0.74126,0.74137,5.25,4.12
2017.05.15 18:11:05.798,0.74128,0.74135,1.50,4.12
2017.05.15 18:11:19.671,0.74127,0.74133,1.00,1.37
2017.05.15 18:11:19.979,0.74122,0.74131,3.37,2.62
2017.05.15 18:11:20.031,0.74125,0.74131,1.00,3.00
2017.05.15 18:11:20.541,0.74124,0.74132,1.50,2.25
2017.05.15 18:11:21.082,0.74124,0.74132,1.50,2.25
2017.05.15 18:11:21.275,0.74119,0.74129,3.37,3.37
2017.05.15 18:11:21.327,0.74119,0.74127,1.50,4.87
2017.05.15 18:11:21.532,0.74117,0.74126,1.50,3.37
2017.05.15 18:11:21.686,0.74119,0.74125,1.00,1.50
2017.05.15 18:11:21.737,0.74116,0.74126,3.00,3.00
2017.05.15 18:11:21.789,0.74116,0.74126,2.62,5.62
2017.05.15 18:11:22.043,0.74116,0.74127,4.50,3.00
2017.05.15 18:11:22.095,0.74118,0.74127,1.50,3.75
2017.05.15 18:11:22.694,0.74117,0.74127,1.50,3.37
2017.05.15 18:11:23.420,0.74118,0.74127,1.50,4.12
2017.05.15 18:11:23.974,0.74117,0.74127,1.50,4.87
2017.05.15 18:11:24.515,0.74116,0.74127,2.62,2.25
2017.05.15 18:11:25.723,0.74116,0.74125,2.25,1.00
2017.05.15 18:11:26.232,0.74115,0.74124,2.62,1.00
2017.05.15 18:11:30.810,0.74116,0.74124,1.50,1.50
2017.05.15 18:11:31.350,0.74117,0.74126,1.00,4.12
2017.05.15 18:11:33.930,0.74116,0.74124,1.12,1.00
2017.05.15 18:11:34.463,0.74115,0.74124,4.12,1.50
2017.05.15 18:11:34.971,0.74116,0.74126,4.12,3.37
2017.05.15 18:11:36.821,0.74116,0.74125,1.12,1.50
2017.05.15 18:11:37.330,0.74115,0.74124,2.62,1.12
2017.05.15 18:11:38.911,0.74116,0.74124,2.62,1.37
2017.05.15 18:11:41.106,0.74116,0.74125,5.62,1.87
2017.05.15 18:11:46.793,0.74117,0.74125,1.00,1.87
2017.05.15 18:11:48.454,0.74116,0.74125,5.62,1.87
2017.05.15 18:11:49.494,0.74117,0.74125,1.00,1.87
2017.05.15 18:11:50.193,0.74116,0.74125,4.12,1.87
2017.05.15 18:11:50.955,0.74117,0.74125,1.00,1.87
2017.05.15 18:11:52.562,0.74116,0.74125,4.12,1.87
2017.05.15 18:11:53.148,0.74117,0.74125,1.00,1.37
2017.05.15 18:11:53.754,0.74116,0.74125,3.37,1.37
2017.05.15 18:11:55.691,0.74117,0.74125,1.00,1.37
2017.05.15 18:11:57.766,0.74116,0.74125,2.25,1.37
2017.05.15 18:11:58.276,0.74117,0.74125,1.00,1.37
2017.05.15 18:11:59.615,0.74116,0.74125,2.25,1.37
2017.05.15 18:12:00.137,0.74117,0.74125,1.00,1.37
2017.05.15 18:12:00.762,0.74116,0.74125,3.00,1.37
2017.05.15 18:12:02.134,0.74117,0.74125,1.00,1.37
2017.05.15 18:12:02.713,0.74116,0.74125,3.75,1.37
2017.05.15 18:12:03.732,0.74117,0.74125,1.50,1.50
2017.05.15 18:12:04.266,0.74116,0.74125,6.00,1.50
2017.05.15 18:12:07.486,0.74117,0.74125,2.62,1.50
2017.05.15 18:12:10.369,0.74116,0.74125,6.37,1.50
2017.05.15 18:12:13.216,0.74117,0.74125,1.50,1.50
2017.05.15 18:12:15.535,0.74116,0.74125,6.75,1.50
2017.05.15 18:12:16.054,0.74117,0.74125,1.50,1.50
2017.05.15 18:12:17.617,0.74116,0.74125,6.75,1.50
2017.05.15 18:12:18.201,0.74116,0.74127,6.37,7.87
2017.05.15 18:12:18.715,0.74117,0.74126,1.00,2.25
2017.05.15 18:12:19.379,0.74116,0.74127,4.87,5.62
2017.05.15 18:12:20.009,0.74117,0.74126,1.00,1.50
2017.05.15 18:12:20.700,0.74116,0.74127,6.75,1.50
2017.05.15 18:12:21.819,0.74117,0.74126,1.00,1.87
2017.05.15 18:12:22.344,0.74116,0.74126,5.25,1.12
2017.05.15 18:12:24.661,0.74117,0.74126,1.00,1.87
2017.05.15 18:12:26.561,0.74116,0.74126,2.62,1.12
2017.05.15 18:12:27.112,0.74116,0.74125,1.87,1.12
2017.05.15 18:12:27.859,0.74118,0.74126,1.00,2.62
2017.05.15 18:12:32.101,0.74118,0.74126,1.00,3.00
2017.05.15 18:12:32.353,0.74116,0.74124,5.25,1.00
2017.05.15 18:12:32.864,0.74116,0.74125,4.87,1.12
2017.05.15 18:12:33.388,0.74117,0.74125,1.12,1.12
2017.05.15 18:12:34.048,0.74118,0.74126,1.00,3.75
2017.05.15 18:12:37.295,0.74117,0.74126,1.87,6.37
2017.05.15 18:12:47.870,0.74117,0.74126,1.00,1.00
2017.05.15 18:12:54.366,0.74118,0.74127,1.00,5.25
2017.05.15 18:13:12.450,0.74118,0.74126,1.50,1.12
2017.05.15 18:13:18.322,0.74118,0.74127,1.00,5.62
2017.05.15 18:13:23.532,0.74118,0.74127,1.12,1.50
2017.05.15 18:13:26.615,0.74118,0.74126,1.12,1.00
2017.05.15 18:13:28.014,0.74118,0.74127,1.12,1.00
2017.05.15 18:13:31.515,0.74118,0.74127,1.87,1.00
2017.05.15 18:13:32.041,0.74118,0.74127,1.87,1.00
2017.05.15 18:13:38.513,0.7412,0.74127,1.00,2.25
2017.05.15 18:14:02.821,0.7412,0.74127,1.00,2.62
2017.05.15 18:14:07.025,0.74119,0.74127,1.00,2.62
2017.05.15 18:14:17.347,0.74118,0.74126,1.00,1.87
2017.05.15 18:15:00.876,0.74116,0.74124,3.75,1.00
2017.05.15 18:15:01.339,0.74118,0.74124,1.00,1.00
2017.05.15 18:15:01.882,0.74117,0.74124,1.50,1.00
2017.05.15 18:15:02.391,0.74118,0.74124,1.00,1.00
2017.05.15 18:15:03.618,0.74117,0.74124,1.50,1.00
2017.05.15 18:15:05.081,0.74118,0.74124,1.00,1.00
2017.05.15 18:15:06.616,0.74117,0.74124,1.50,1.00
2017.05.15 18:15:07.616,0.74118,0.74124,1.00,1.00
2017.05.15 18:15:08.149,0.74117,0.74124,1.50,1.00
2017.05.15 18:15:08.667,0.74118,0.74124,1.00,1.00
2017.05.15 18:15:11.108,0.74117,0.74124,1.50,1.00
2017.05.15 18:15:12.692,0.74118,0.74124,1.00,1.00
2017.05.15 18:15:13.214,0.74117,0.74124,1.50,1.00
2017.05.15 18:15:13.759,0.74118,0.74124,1.00,1.00
2017.05.15 18:15:14.338,0.74118,0.74125,1.00,1.00
2017.05.15 18:15:14.986,0.74117,0.74125,1.50,1.00
2017.05.15 18:15:15.916,0.74118,0.74125,1.00,1.00
2017.05.15 18:15:18.016,0.74117,0.74125,1.50,1.00
2017.05.15 18:15:18.988,0.74118,0.74125,1.00,1.00
2017.05.15 18:15:20.094,0.74117,0.74125,1.50,1.00
2017.05.15 18:15:20.614,0.74117,0.74125,2.62,2.25
2017.05.15 18:15:21.797,0.74118,0.74125,1.00,2.25
2017.05.15 18:15:22.506,0.74117,0.74125,2.62,2.25
2017.05.15 18:15:26.477,0.74118,0.74125,1.00,2.25
2017.05.15 18:15:28.879,0.74117,0.74125,2.62,1.50
2017.05.15 18:15:29.688,0.74118,0.74125,1.00,1.50
2017.05.15 18:15:31.788,0.74117,0.74125,2.62,1.50
2017.05.15 18:15:33.372,0.74118,0.74125,1.00,1.50
2017.05.15 18:15:34.109,0.74117,0.74125,2.25,1.50
2017.05.15 18:15:37.318,0.74118,0.74125,1.00,1.50
2017.05.15 18:16:00.772,0.74118,0.74127,1.87,1.50
2017.05.15 18:16:04.754,0.74118,0.74128,2.62,1.00
2017.05.15 18:16:05.297,0.74118,0.74128,3.75,1.00
2017.05.15 18:16:07.076,0.74118,0.74128,2.62,1.50
2017.05.15 18:16:19.379,0.74121,0.74128,1.00,3.00
2017.05.15 18:16:22.510,0.74121,0.74127,1.00,1.50
2017.05.15 18:16:23.491,0.74121,0.74128,1.00,5.25
2017.05.15 18:16:24.081,0.74125,0.74129,1.00,2.25
2017.05.15 18:16:24.133,0.74126,0.7413,1.00,1.00
2017.05.15 18:16:24.236,0.74126,0.74133,1.12,3.37
2017.05.15 18:16:24.287,0.74126,0.74134,1.12,1.12
2017.05.15 18:16:24.800,0.74126,0.74135,1.00,1.87
2017.05.15 18:16:25.312,0.74126,0.74134,1.00,1.50
2017.05.15 18:16:26.626,0.74123,0.7413,2.62,3.19
2017.05.15 18:16:26.779,0.74121,0.74129,1.00,2.25
2017.05.15 18:16:27.309,0.74121,0.74129,1.00,3.00
2017.05.15 18:16:28.606,0.74121,0.74129,1.00,3.00
2017.05.15 18:16:29.123,0.74121,0.74128,1.00,1.00
2017.05.15 18:16:37.393,0.74121,0.74128,1.00,2.62
2017.05.15 18:16:38.551,0.74125,0.74129,1.00,4.12
2017.05.15 18:16:38.653,0.74123,0.7413,1.00,3.37
2017.05.15 18:16:38.704,0.74125,0.74131,1.00,1.50
2017.05.15 18:16:39.214,0.74124,0.74131,1.00,1.50
2017.05.15 18:16:41.090,0.74125,0.74131,1.00,2.62
2017.05.15 18:16:41.192,0.74122,0.74129,1.00,1.50
2017.05.15 18:16:41.549,0.74121,0.74128,1.00,1.50
2017.05.15 18:16:41.858,0.74125,0.74131,1.00,1.00
2017.05.15 18:16:42.377,0.74125,0.74132,1.00,1.00
2017.05.15 18:16:49.287,0.74125,0.74133,1.00,2.62
2017.05.15 18:16:49.848,0.74123,0.74129,1.50,1.50
2017.05.15 18:16:49.954,0.74122,0.74129,1.00,2.62
2017.05.15 18:16:50.108,0.74122,0.74128,1.00,4.12
2017.05.15 18:16:50.639,0.74121,0.74128,2.25,3.00
2017.05.15 18:16:52.525,0.74121,0.74128,1.00,2.25
2017.05.15 18:16:53.833,0.74121,0.74129,1.00,2.25
2017.05.15 18:16:54.379,0.74121,0.74129,1.50,2.25
2017.05.15 18:16:54.904,0.74121,0.74129,1.50,1.50
2017.05.15 18:16:55.415,0.74121,0.7413,2.25,1.00
2017.05.15 18:16:55.829,0.74122,0.74128,1.00,1.12
2017.05.15 18:16:56.339,0.74121,0.74128,1.50,1.00
2017.05.15 18:16:56.710,0.74123,0.74131,1.00,1.50
2017.05.15 18:16:57.220,0.74124,0.74132,1.00,6.75
2017.05.15 18:16:58.247,0.74125,0.74131,1.00,1.00
2017.05.15 18:16:58.400,0.74126,0.74134,1.00,2.62
2017.05.15 18:16:59.288,0.74126,0.74133,1.00,1.50
2017.05.15 18:17:01.175,0.74124,0.74133,1.50,1.50
2017.05.15 18:17:01.726,0.74125,0.74133,1.00,2.25
2017.05.15 18:17:02.717,0.74124,0.74131,1.00,3.37
2017.05.15 18:17:02.871,0.74121,0.74129,2.62,1.87
2017.05.15 18:17:03.372,0.74121,0.74129,1.50,6.00
2017.05.15 18:17:03.833,0.74125,0.74129,1.00,1.12
2017.05.15 18:17:04.022,0.74126,0.7413,1.00,1.00
2017.05.15 18:17:04.074,0.74125,0.74134,1.12,3.00
2017.05.15 18:17:06.459,0.74124,0.74134,1.00,3.00
2017.05.15 18:17:06.562,0.74124,0.74132,1.50,1.00
2017.05.15 18:17:07.065,0.74124,0.74131,2.25,2.25
2017.05.15 18:17:07.269,0.74122,0.7413,1.87,1.87
2017.05.15 18:17:07.321,0.74122,0.74129,1.00,3.00
2017.05.15 18:17:07.859,0.74122,0.74129,1.00,2.62
2017.05.15 18:17:08.388,0.74122,0.74129,1.00,2.62
2017.05.15 18:17:11.238,0.74124,0.7413,1.50,1.12
2017.05.15 18:17:11.289,0.74124,0.74131,1.50,3.37
2017.05.15 18:17:11.392,0.74125,0.74133,1.00,3.56
2017.05.15 18:17:11.906,0.74125,0.74134,1.00,3.75
2017.05.15 18:17:27.022,0.74125,0.74133,1.00,1.50
2017.05.15 18:17:29.212,0.74124,0.74132,1.50,1.50
2017.05.15 18:17:29.365,0.74123,0.74129,1.00,1.50
2017.05.15 18:17:30.017,0.74122,0.74129,2.25,1.87
2017.05.15 18:17:30.328,0.74122,0.74128,1.50,2.25
2017.05.15 18:17:30.481,0.74121,0.74129,1.50,1.50
2017.05.15 18:17:30.888,0.74121,0.74129,1.00,3.75
2017.05.15 18:17:31.176,0.74121,0.74129,1.50,3.75
2017.05.15 18:17:32.028,0.74122,0.74129,1.00,2.25
2017.05.15 18:17:32.536,0.74122,0.74129,1.00,3.00
2017.05.15 18:17:34.746,0.7412,0.74128,1.50,4.12
2017.05.15 18:17:43.567,0.74123,0.74129,1.00,3.75
2017.05.15 18:17:43.772,0.74124,0.74132,1.50,4.12
2017.05.15 18:17:43.824,0.74124,0.74132,1.50,1.87
2017.05.15 18:17:44.712,0.74124,0.74133,1.50,3.00
2017.05.15 18:17:45.453,0.74124,0.74132,2.25,1.50
2017.05.15 18:17:46.019,0.74124,0.74133,1.50,1.00
2017.05.15 18:17:47.181,0.74124,0.74134,2.25,7.50
2017.05.15 18:17:53.442,0.74124,0.74133,2.25,1.00
2017.05.15 18:17:54.336,0.74124,0.74134,1.50,4.87
2017.05.15 18:17:54.936,0.74124,0.74133,2.25,1.00
2017.05.15 18:17:55.896,0.74124,0.74134,1.50,6.37
2017.05.15 18:17:58.546,0.74124,0.74133,2.25,1.00
2017.05.15 18:17:59.050,0.74124,0.74134,1.50,4.87
2017.05.15 18:17:59.956,0.74124,0.74133,2.25,1.00
2017.05.15 18:18:00.702,0.74124,0.74134,1.50,4.87
2017.05.15 18:18:02.405,0.74124,0.74133,2.25,1.00
2017.05.15 18:18:02.456,0.74127,0.74135,1.00,8.81
2017.05.15 18:18:02.811,0.74129,0.74136,1.00,3.00
2017.05.15 18:18:03.337,0.74129,0.74136,1.00,1.00
2017.05.15 18:18:03.996,0.7413,0.74136,1.00,1.00
2017.05.15 18:18:04.149,0.74128,0.74136,1.00,1.00
2017.05.15 18:18:04.674,0.74127,0.74136,1.50,1.00
2017.05.15 18:18:05.232,0.74127,0.74135,1.50,1.50
2017.05.15 18:18:05.777,0.74128,0.74136,1.00,1.00
2017.05.15 18:18:05.830,0.7413,0.74138,1.00,7.31
2017.05.15 18:18:06.361,0.74129,0.74137,1.00,2.25
2017.05.15 18:18:07.707,0.74131,0.74138,1.00,3.19
2017.05.15 18:18:07.862,0.74132,0.7414,1.00,3.37
2017.05.15 18:18:07.913,0.74134,0.7414,1.00,2.62
2017.05.15 18:18:08.050,0.74136,0.74142,1.50,2.25
2017.05.15 18:18:08.820,0.74136,0.74143,2.25,2.62
2017.05.15 18:18:17.142,0.74136,0.74144,2.25,2.44
2017.05.15 18:18:23.460,0.74136,0.74145,2.25,2.62
2017.05.15 18:18:23.970,0.74137,0.74145,1.00,1.87
2017.05.15 18:18:24.512,0.74137,0.74145,1.00,1.87
2017.05.15 18:18:26.830,0.74137,0.74145,1.00,1.87
2017.05.15 18:18:31.680,0.74138,0.74146,3.75,1.69
2017.05.15 18:18:31.783,0.74138,0.74146,2.25,1.50
2017.05.15 18:18:32.285,0.74138,0.74147,3.75,3.00
2017.05.15 18:18:32.791,0.74138,0.74146,2.25,1.00
2017.05.15 18:18:33.393,0.74138,0.74147,2.25,3.37
2017.05.15 18:18:33.998,0.74138,0.74146,2.25,1.00
2017.05.15 18:18:34.598,0.74138,0.74147,2.25,3.37
2017.05.15 18:18:35.124,0.74138,0.74146,3.75,1.00
2017.05.15 18:18:35.227,0.7414,0.74147,1.00,1.87
2017.05.15 18:18:42.672,0.74141,0.74148,1.00,1.50
2017.05.15 18:18:42.774,0.74139,0.74148,1.87,1.50
2017.05.15 18:18:42.826,0.74142,0.74149,1.00,5.06
2017.05.15 18:18:43.254,0.7414,0.74149,1.00,4.31
2017.05.15 18:18:45.647,0.74139,0.74148,1.00,1.87
2017.05.15 18:18:46.156,0.74138,0.74146,1.00,1.00
2017.05.15 18:18:46.678,0.74138,0.74147,1.00,2.25
2017.05.15 18:18:47.533,0.74138,0.74146,1.00,1.00
2017.05.15 18:18:48.100,0.74138,0.74147,1.00,3.37
2017.05.15 18:18:48.697,0.74138,0.74146,1.00,1.00
2017.05.15 18:18:49.934,0.74138,0.74147,1.00,3.37
2017.05.15 18:18:49.991,0.7414,0.74147,1.00,3.75
2017.05.15 18:18:50.337,0.74146,0.74154,1.00,3.75
2017.05.15 18:18:51.457,0.74147,0.74155,1.00,2.62
2017.05.15 18:18:52.001,0.74148,0.74155,1.00,1.00
2017.05.15 18:18:53.555,0.74147,0.74155,1.00,1.00
2017.05.15 18:18:56.008,0.74146,0.74154,1.00,4.12
2017.05.15 18:18:56.111,0.74145,0.74152,1.12,1.50
2017.05.15 18:18:58.518,0.74145,0.74153,1.87,1.00
2017.05.15 18:18:59.024,0.74146,0.74154,1.00,2.62
2017.05.15 18:19:00.066,0.74149,0.74155,1.00,1.87
2017.05.15 18:19:00.579,0.74149,0.74155,1.00,1.00
2017.05.15 18:19:02.513,0.74147,0.74155,1.00,1.00
2017.05.15 18:19:03.555,0.74147,0.74156,1.00,5.25
2017.05.15 18:19:04.449,0.74147,0.74155,1.00,1.50
2017.05.15 18:19:04.957,0.74147,0.74156,1.00,4.50
2017.05.15 18:19:05.567,0.74147,0.74155,1.00,1.50
2017.05.15 18:19:06.271,0.74147,0.74156,1.00,4.50
2017.05.15 18:19:07.379,0.74149,0.74156,1.00,5.25
2017.05.15 18:19:11.633,0.74148,0.74156,1.00,4.50
2017.05.15 18:19:12.130,0.74146,0.74154,1.00,4.87
2017.05.15 18:19:36.824,0.74148,0.74156,1.00,4.87
2017.05.15 18:19:37.529,0.74148,0.74156,1.00,6.00
2017.05.15 18:19:43.201,0.74146,0.74155,1.00,1.87
2017.05.15 18:19:46.165,0.74144,0.74153,4.87,1.50
2017.05.15 18:19:46.854,0.74144,0.74154,2.62,3.75
2017.05.15 18:19:47.736,0.74145,0.74154,1.00,4.50
2017.05.15 18:19:48.245,0.74146,0.74155,1.00,6.00
2017.05.15 18:19:49.525,0.74146,0.74153,1.00,1.50
2017.05.15 18:19:50.034,0.74145,0.74152,1.50,1.50
2017.05.15 18:19:52.212,0.74145,0.74154,1.50,2.25
2017.05.15 18:19:53.494,0.74145,0.74155,1.50,9.75
2017.05.15 18:19:55.918,0.74145,0.74153,1.00,1.00
2017.05.15 18:19:56.475,0.74145,0.74154,1.00,3.37
2017.05.15 18:19:57.747,0.74145,0.74153,1.00,1.00
2017.05.15 18:19:58.456,0.74145,0.74154,1.00,3.37
2017.05.15 18:20:00.997,0.74145,0.74153,1.00,1.00
2017.05.15 18:20:01.715,0.74145,0.74154,1.00,1.87
2017.05.15 18:20:02.254,0.74146,0.74154,1.00,1.87
2017.05.15 18:20:11.086,0.74145,0.74154,1.50,1.12
2017.05.15 18:20:26.134,0.74146,0.74154,1.00,1.12
2017.05.15 18:20:35.022,0.74148,0.74155,1.00,2.62
2017.05.15 18:20:35.531,0.74148,0.74155,1.00,3.00
2017.05.15 18:20:36.511,0.74148,0.74156,1.00,3.75
2017.05.15 18:20:37.149,0.74148,0.74155,1.00,1.50
2017.05.15 18:20:38.256,0.74148,0.74156,1.00,3.75
2017.05.15 18:20:39.660,0.74148,0.74155,1.00,1.50
2017.05.15 18:20:39.826,0.74146,0.74156,1.00,3.00
2017.05.15 18:20:41.957,0.74146,0.74155,1.00,1.50
2017.05.15 18:20:43.335,0.74145,0.74155,3.37,1.50
2017.05.15 18:20:44.107,0.74145,0.74154,3.37,1.00
2017.05.15 18:20:49.815,0.74145,0.74153,1.00,1.00
2017.05.15 18:20:50.383,0.74144,0.74153,2.06,1.00
2017.05.15 18:20:50.942,0.74145,0.74153,1.00,1.00
2017.05.15 18:20:51.451,0.74143,0.74153,3.00,4.87
2017.05.15 18:20:52.251,0.74143,0.74152,1.69,1.00
2017.05.15 18:20:57.735,0.74143,0.74153,2.59,1.87
2017.05.15 18:21:00.348,0.74143,0.74152,2.44,1.00
2017.05.15 18:21:00.956,0.74143,0.74153,1.69,3.75
2017.05.15 18:21:01.489,0.74143,0.74153,1.69,3.75
2017.05.15 18:21:02.150,0.74143,0.74152,2.44,1.00
2017.05.15 18:21:02.657,0.74143,0.74153,1.69,3.75
2017.05.15 18:21:03.166,0.74143,0.74153,2.44,3.37
2017.05.15 18:21:03.813,0.74143,0.74153,1.69,2.25
2017.05.15 18:21:06.548,0.74143,0.74153,2.44,3.37
2017.05.15 18:21:10.036,0.74144,0.74154,3.00,3.37
2017.05.15 18:21:30.520,0.74147,0.74155,1.00,3.00
2017.05.15 18:21:36.666,0.74145,0.74153,1.00,2.25
2017.05.15 18:21:37.545,0.74146,0.74153,1.00,1.50
2017.05.15 18:21:38.060,0.74146,0.74154,1.00,4.12
2017.05.15 18:22:11.770,0.74145,0.74154,2.25,2.25
2017.05.15 18:22:36.742,0.74144,0.74153,3.75,1.50
2017.05.15 18:22:39.757,0.74145,0.74153,1.00,1.50
2017.05.15 18:22:39.910,0.74147,0.74155,1.00,2.62
2017.05.15 18:22:59.361,0.74147,0.74154,1.00,2.25
2017.05.15 18:22:59.874,0.74147,0.74155,1.00,5.62
2017.05.15 18:23:01.730,0.74145,0.74154,5.44,2.25
2017.05.15 18:23:02.250,0.74146,0.74154,1.00,2.25
2017.05.15 18:23:04.656,0.74145,0.74153,3.19,1.00
2017.05.15 18:23:05.174,0.74145,0.74154,1.00,1.50
2017.05.15 18:23:12.781,0.74147,0.74154,1.00,3.75
2017.05.15 18:23:22.353,0.74148,0.74155,1.00,3.37
2017.05.15 18:23:26.252,0.74146,0.74155,1.00,2.25
2017.05.15 18:23:30.919,0.74146,0.74153,1.00,1.50
2017.05.15 18:23:33.209,0.74146,0.74154,1.00,3.00
2017.05.15 18:23:39.317,0.74146,0.74156,1.00,7.87
2017.05.15 18:23:39.829,0.74146,0.74156,1.12,4.87
2017.05.15 18:23:40.349,0.74146,0.74155,1.12,1.50
2017.05.15 18:23:41.100,0.74146,0.74156,1.12,4.87
2017.05.15 18:23:47.016,0.74146,0.74155,1.12,1.50
2017.05.15 18:23:47.619,0.74146,0.74156,1.12,4.87
2017.05.15 18:23:48.633,0.74146,0.74155,1.12,1.50
2017.05.15 18:23:49.338,0.74146,0.74156,1.12,5.25
2017.05.15 18:23:50.053,0.74146,0.74155,1.12,1.50
2017.05.15 18:23:50.578,0.74146,0.74156,1.12,5.25
2017.05.15 18:23:51.125,0.74146,0.74153,1.00,1.50
2017.05.15 18:23:51.635,0.74145,0.74153,1.00,2.25
2017.05.15 18:23:53.898,0.74147,0.74154,1.00,1.50
2017.05.15 18:23:54.399,0.74147,0.74155,1.00,3.00
2017.05.15 18:24:00.966,0.74146,0.74154,1.69,1.50
2017.05.15 18:24:01.273,0.74143,0.7415,1.00,8.25
2017.05.15 18:24:01.324,0.7414,0.74149,1.12,5.25
2017.05.15 18:24:01.426,0.7414,0.74148,1.00,1.87
2017.05.15 18:24:01.928,0.7414,0.74148,1.00,1.87
2017.05.15 18:24:02.437,0.74139,0.74148,4.31,1.50
2017.05.15 18:24:02.743,0.74146,0.74153,1.00,3.00
2017.05.15 18:24:03.264,0.74145,0.74154,1.50,3.00
2017.05.15 18:24:03.870,0.74146,0.74155,1.00,5.62
2017.05.15 18:24:04.425,0.74147,0.74155,1.00,4.12
2017.05.15 18:24:05.167,0.74147,0.74154,1.00,1.50
2017.05.15 18:24:07.609,0.74146,0.74154,1.69,3.75
2017.05.15 18:24:08.596,0.74146,0.74155,1.69,6.37
2017.05.15 18:24:09.155,0.74146,0.74154,1.69,1.00
2017.05.15 18:24:09.663,0.74146,0.74155,1.69,2.62
2017.05.15 18:24:10.414,0.74146,0.74154,1.69,1.50
2017.05.15 18:24:10.919,0.74146,0.74155,1.69,6.37
2017.05.15 18:24:12.137,0.74146,0.74154,1.69,1.50
2017.05.15 18:24:12.687,0.74146,0.74155,1.69,5.62
2017.05.15 18:24:13.875,0.74146,0.74154,1.69,1.50
2017.05.15 18:24:14.442,0.74146,0.74155,1.69,6.37
2017.05.15 18:24:15.266,0.74146,0.74154,1.69,1.50
2017.05.15 18:24:15.905,0.74146,0.74155,1.69,4.87
2017.05.15 18:24:16.498,0.74146,0.74154,1.69,1.50
2017.05.15 18:24:17.364,0.74146,0.74155,1.69,4.87
2017.05.15 18:24:17.918,0.74146,0.74154,1.69,1.50
2017.05.15 18:24:18.470,0.74146,0.74155,1.69,6.37
2017.05.15 18:24:18.980,0.74146,0.74154,1.69,1.50
2017.05.15 18:24:19.704,0.74146,0.74155,1.69,6.37
2017.05.15 18:24:50.690,0.74146,0.74154,1.00,1.50
2017.05.15 18:24:51.200,0.74145,0.74155,2.44,6.00
2017.05.15 18:24:52.256,0.74145,0.74154,2.44,1.50
2017.05.15 18:24:52.572,0.74147,0.74155,1.00,1.00
2017.05.15 18:24:53.894,0.74147,0.74154,1.00,1.50
2017.05.15 18:24:55.107,0.74146,0.74154,1.00,1.50
2017.05.15 18:25:00.536,0.74145,0.74153,1.12,1.50
2017.05.15 18:25:01.045,0.74145,0.74154,1.00,4.50
2017.05.15 18:25:01.548,0.74146,0.74154,1.00,4.50
2017.05.15 18:25:14.518,0.74144,0.74153,1.12,1.50
2017.05.15 18:25:15.047,0.74145,0.74153,1.00,1.50
2017.05.15 18:25:20.761,0.74145,0.74149,1.00,1.50
2017.05.15 18:25:20.812,0.74142,0.74149,1.12,2.25
2017.05.15 18:25:20.914,0.74139,0.74147,4.27,1.00
2017.05.15 18:25:21.319,0.74139,0.74145,1.00,1.00
2017.05.15 18:25:21.676,0.74138,0.74147,1.50,1.50
2017.05.15 18:25:22.311,0.7414,0.74147,1.00,1.00
2017.05.15 18:25:26.746,0.7414,0.74144,1.00,1.00
2017.05.15 18:25:26.798,0.74138,0.74146,1.12,1.00
2017.05.15 18:25:27.306,0.74138,0.74147,3.37,1.12
2017.05.15 18:25:27.842,0.7414,0.74147,1.00,1.00
2017.05.15 18:25:28.479,0.7414,0.74148,1.00,2.25
2017.05.15 18:25:29.362,0.7414,0.74145,1.00,1.00
2017.05.15 18:25:29.464,0.74138,0.74145,1.00,1.00
2017.05.15 18:25:41.021,0.74136,0.74145,1.31,1.00
2017.05.15 18:25:44.366,0.74135,0.74144,2.81,1.50
2017.05.15 18:25:44.773,0.74135,0.74142,1.25,1.50
2017.05.15 18:25:45.390,0.74135,0.74144,2.06,1.50
2017.05.15 18:25:45.734,0.74135,0.74142,1.31,1.00
2017.05.15 18:25:45.836,0.74135,0.74144,1.31,1.00
2017.05.15 18:25:46.447,0.74135,0.74145,1.31,3.75
2017.05.15 18:25:47.591,0.74135,0.74144,2.06,1.00
2017.05.15 18:25:48.847,0.74135,0.74145,1.31,3.37
2017.05.15 18:25:49.498,0.74135,0.74144,1.31,1.00
2017.05.15 18:25:50.107,0.74135,0.74145,1.31,3.75
2017.05.15 18:25:50.747,0.74135,0.74144,2.06,1.00
2017.05.15 18:25:51.995,0.74135,0.74145,1.31,3.00
2017.05.15 18:25:52.622,0.74135,0.74144,2.06,1.00
2017.05.15 18:25:53.178,0.74135,0.74145,2.81,3.00
2017.05.15 18:25:54.957,0.74135,0.74144,2.06,1.00
2017.05.15 18:25:55.362,0.74135,0.74142,2.06,1.00
2017.05.15 18:25:55.902,0.74136,0.74142,1.00,1.00
2017.05.15 18:25:57.080,0.74134,0.74142,1.87,1.50
2017.05.15 18:25:57.638,0.74134,0.74141,1.87,1.00
2017.05.15 18:25:58.337,0.74134,0.74142,1.37,1.50
2017.05.15 18:25:58.741,0.7413,0.74138,3.75,1.00
2017.05.15 18:25:58.926,0.74129,0.74138,1.12,2.25
2017.05.15 18:25:59.028,0.74128,0.74135,7.31,1.00
2017.05.15 18:25:59.335,0.74133,0.74142,1.12,1.87
2017.05.15 18:26:03.364,0.74133,0.74143,1.87,4.50
2017.05.15 18:26:03.466,0.74136,0.74143,1.00,3.00
2017.05.15 18:26:04.031,0.74136,0.74145,1.50,6.37
2017.05.15 18:26:04.780,0.74136,0.74143,1.00,1.50
2017.05.15 18:26:08.657,0.74136,0.74145,1.00,7.50
2017.05.15 18:26:13.162,0.74136,0.74143,1.00,1.50
2017.05.15 18:26:16.094,0.74136,0.74144,1.00,4.87
2017.05.15 18:26:36.596,0.74136,0.74145,1.00,1.87
2017.05.15 18:26:39.465,0.74136,0.74144,1.00,1.50
2017.05.15 18:26:39.770,0.74135,0.74142,1.00,1.00
2017.05.15 18:26:40.311,0.74135,0.74143,1.00,1.50
2017.05.15 18:26:41.670,0.74135,0.74142,1.00,1.00
2017.05.15 18:26:42.378,0.74135,0.74143,1.00,1.50
2017.05.15 18:26:45.765,0.74135,0.74142,1.00,1.00
2017.05.15 18:26:46.268,0.74135,0.74143,1.00,1.50
2017.05.15 18:26:46.846,0.74135,0.74142,1.00,1.00
2017.05.15 18:26:47.577,0.74135,0.74143,1.00,1.50
2017.05.15 18:26:48.371,0.74135,0.74142,1.00,1.00
2017.05.15 18:26:49.198,0.74135,0.74143,1.00,1.50
2017.05.15 18:26:49.711,0.74135,0.74142,1.00,1.00
2017.05.15 18:26:50.319,0.74135,0.74143,1.00,1.50
2017.05.15 18:26:51.929,0.74135,0.74142,1.00,1.00
2017.05.15 18:26:52.474,0.74134,0.74142,2.44,1.50
2017.05.15 18:26:57.941,0.74135,0.74143,3.00,1.50
2017.05.15 18:26:58.145,0.74137,0.74146,1.00,2.62
2017.05.15 18:26:58.352,0.74136,0.74143,1.31,1.50
2017.05.15 18:26:59.047,0.74133,0.74143,6.19,2.25
2017.05.15 18:26:59.954,0.74133,0.74142,7.13,1.00
2017.05.15 18:27:00.683,0.74133,0.74143,5.63,2.25
2017.05.15 18:27:02.662,0.74133,0.74142,7.69,1.00
2017.05.15 18:27:03.180,0.74133,0.74143,5.44,2.25
2017.05.15 18:27:04.068,0.74134,0.74144,1.12,1.00
2017.05.15 18:27:11.611,0.74135,0.74145,1.50,4.87
2017.05.15 18:27:12.764,0.74136,0.74145,1.00,1.87
2017.05.15 18:27:13.278,0.74135,0.74145,1.50,1.50
2017.05.15 18:27:13.784,0.74136,0.74145,1.00,1.50
2017.05.15 18:27:14.344,0.74135,0.74145,3.00,1.50
2017.05.15 18:27:15.696,0.74136,0.74145,1.00,1.50
2017.05.15 18:27:18.624,0.74135,0.74146,7.12,1.87
2017.05.15 18:27:18.930,0.74138,0.74147,1.00,4.87
2017.05.15 18:27:21.911,0.74137,0.74147,1.00,1.87
2017.05.15 18:27:22.623,0.74138,0.74146,1.00,1.12
2017.05.15 18:27:28.256,0.74136,0.74147,2.62,3.37
2017.05.15 18:27:28.868,0.74137,0.74146,1.50,2.62
2017.05.15 18:27:31.665,0.74137,0.74144,2.25,1.00
2017.05.15 18:27:32.176,0.74136,0.74145,1.12,2.25
2017.05.15 18:27:32.736,0.74135,0.74144,1.69,1.00
2017.05.15 18:27:33.249,0.74134,0.74144,5.44,2.25
2017.05.15 18:27:36.151,0.74136,0.74144,1.00,1.50
2017.05.15 18:27:36.888,0.74136,0.74145,1.00,2.62
2017.05.15 18:27:37.394,0.74135,0.74145,1.12,3.00
2017.05.15 18:27:37.941,0.74136,0.74144,1.00,1.00
2017.05.15 18:27:38.442,0.74134,0.74145,6.94,3.37
2017.05.15 18:27:39.057,0.74134,0.74144,6.94,1.00
2017.05.15 18:27:40.966,0.74134,0.74144,2.44,1.50
2017.05.15 18:27:41.272,0.74134,0.74142,1.25,1.00
2017.05.15 18:27:41.780,0.74133,0.74141,1.50,1.00
2017.05.15 18:27:46.534,0.74134,0.74142,1.00,1.00
2017.05.15 18:27:47.079,0.74132,0.74141,3.19,1.00
2017.05.15 18:27:47.591,0.74133,0.74142,6.00,1.00
2017.05.15 18:27:52.145,0.74133,0.74141,1.50,1.00
2017.05.15 18:27:52.247,0.74132,0.74141,2.81,1.50
2017.05.15 18:27:52.778,0.74131,0.74138,2.62,1.00
2017.05.15 18:27:52.830,0.74129,0.74138,4.50,1.00
2017.05.15 18:27:53.378,0.74129,0.74138,1.00,2.62
2017.05.15 18:27:54.363,0.74131,0.74139,2.25,3.00
2017.05.15 18:27:54.518,0.74131,0.74141,5.62,1.00
2017.05.15 18:27:55.039,0.74132,0.74141,2.25,1.00
2017.05.15 18:27:55.142,0.74133,0.74143,3.37,5.62
2017.05.15 18:27:57.064,0.74133,0.74141,1.00,1.00
2017.05.15 18:27:57.268,0.74133,0.74143,2.62,6.00
2017.05.15 18:27:58.808,0.74133,0.74142,2.62,1.50
2017.05.15 18:28:01.428,0.74133,0.7414,1.50,1.00
2017.05.15 18:28:01.683,0.74131,0.7414,1.00,1.00
2017.05.15 18:28:02.143,0.74131,0.7414,12.75,1.00
2017.05.15 18:28:02.704,0.74132,0.74141,1.37,1.50
2017.05.15 18:28:03.865,0.74132,0.74142,2.62,2.25
2017.05.15 18:28:04.202,0.74133,0.74142,1.37,1.00
2017.05.15 18:28:04.710,0.74133,0.74142,1.87,1.00
2017.05.15 18:28:05.224,0.74132,0.74141,3.37,1.50
2017.05.15 18:28:06.313,0.74132,0.74139,1.50,1.00
2017.05.15 18:28:06.467,0.74129,0.74137,3.37,1.00
2017.05.15 18:28:07.009,0.74128,0.74137,3.37,1.87
2017.05.15 18:28:07.791,0.74128,0.74137,1.87,1.87
2017.05.15 18:28:09.434,0.74128,0.74137,1.87,1.87
2017.05.15 18:28:14.820,0.74128,0.74137,1.12,2.62
2017.05.15 18:28:14.922,0.74128,0.74135,1.00,1.00
2017.05.15 18:28:15.437,0.74128,0.74136,1.50,1.87
2017.05.15 18:28:16.746,0.74128,0.74135,1.00,1.00
2017.05.15 18:28:17.256,0.74128,0.74136,1.50,1.12
2017.05.15 18:28:17.762,0.74128,0.74135,1.00,1.00
2017.05.15 18:28:27.702,0.74128,0.74137,2.25,5.25
2017.05.15 18:28:28.234,0.74128,0.74137,2.25,3.37
2017.05.15 18:28:39.231,0.74128,0.74136,2.62,1.00
2017.05.15 18:28:40.866,0.74128,0.74137,2.62,2.25
2017.05.15 18:28:42.158,0.74128,0.74136,2.62,1.00
2017.05.15 18:28:43.969,0.74128,0.74137,2.62,1.12
2017.05.15 18:28:44.600,0.74128,0.74136,1.87,1.00
2017.05.15 18:28:44.805,0.74125,0.74134,6.19,1.00
2017.05.15 18:28:49.604,0.74124,0.74133,3.75,1.00
2017.05.15 18:28:49.707,0.74123,0.74132,3.56,1.00
2017.05.15 18:28:49.912,0.74123,0.7413,1.12,1.00
2017.05.15 18:28:50.413,0.74122,0.74131,3.37,3.75
2017.05.15 18:28:50.921,0.74122,0.74131,1.12,4.50
2017.05.15 18:28:51.628,0.74122,0.7413,1.12,1.00
2017.05.15 18:28:52.192,0.74122,0.74131,1.12,3.00
2017.05.15 18:28:53.405,0.74122,0.7413,1.12,1.00
2017.05.15 18:28:53.709,0.74124,0.74131,1.00,2.25
2017.05.15 18:28:53.914,0.74124,0.74133,1.37,6.37
2017.05.15 18:28:54.166,0.74124,0.74131,1.37,1.00
2017.05.15 18:28:54.706,0.74124,0.74131,1.00,2.25
2017.05.15 18:28:55.416,0.74124,0.7413,1.00,1.00
2017.05.15 18:28:55.929,0.74124,0.74131,1.00,2.25
2017.05.15 18:28:57.956,0.74124,0.7413,1.00,1.00
2017.05.15 18:28:58.490,0.74124,0.74131,1.00,2.25
2017.05.15 18:28:59.049,0.74124,0.7413,1.00,1.00
2017.05.15 18:28:59.713,0.74123,0.74131,1.00,3.37
2017.05.15 18:29:00.242,0.74123,0.7413,1.00,1.00
2017.05.15 18:29:00.445,0.74123,0.74133,1.50,3.00
2017.05.15 18:29:00.947,0.74124,0.74132,1.12,1.50
2017.05.15 18:29:01.100,0.74123,0.7413,3.00,1.00
2017.05.15 18:29:01.456,0.74124,0.74133,2.25,3.75
2017.05.15 18:29:04.711,0.74124,0.7413,1.87,1.00
2017.05.15 18:29:05.537,0.74122,0.7413,2.25,1.00
2017.05.15 18:29:06.235,0.74122,0.74129,1.50,1.00
2017.05.15 18:29:06.338,0.7412,0.74128,5.40,1.00
2017.05.15 18:29:06.745,0.74119,0.74124,1.62,1.00
2017.05.15 18:29:06.898,0.74118,0.74126,5.06,1.00
2017.05.15 18:29:07.553,0.74118,0.74126,1.69,1.00
2017.05.15 18:29:08.203,0.74118,0.74126,1.00,1.00
2017.05.15 18:29:08.997,0.7412,0.74127,5.02,1.50
2017.05.15 18:29:09.140,0.74121,0.74129,4.50,1.50
2017.05.15 18:29:09.699,0.74122,0.74129,1.69,1.00
2017.05.15 18:29:10.033,0.74121,0.74127,2.25,1.00
2017.05.15 18:29:10.238,0.74119,0.74126,2.06,1.00
2017.05.15 18:29:10.733,0.74119,0.74124,2.25,1.00
2017.05.15 18:29:11.258,0.74119,0.74124,1.87,1.00
2017.05.15 18:29:16.510,0.74119,0.74123,1.12,1.00
2017.05.15 18:29:21.171,0.74119,0.74124,1.00,1.00
2017.05.15 18:29:27.010,0.74118,0.74125,1.50,1.00
2017.05.15 18:29:27.943,0.74117,0.74125,1.37,1.00
2017.05.15 18:29:28.548,0.74117,0.74123,1.50,1.00
2017.05.15 18:29:28.650,0.74116,0.74123,2.06,1.00
2017.05.15 18:29:29.162,0.74115,0.74122,3.56,1.00
2017.05.15 18:29:55.744,0.74117,0.74122,1.00,1.00
2017.05.15 18:30:00.213,0.74118,0.74125,1.00,1.12
2017.05.15 18:30:00.264,0.74119,0.74126,1.30,2.25
2017.05.15 18:30:00.367,0.74122,0.74129,1.50,4.12
2017.05.15 18:30:00.419,0.74122,0.7413,1.12,1.00
2017.05.15 18:30:02.789,0.74122,0.74129,1.50,2.25
2017.05.15 18:30:02.841,0.7412,0.74127,3.37,1.00
2017.05.15 18:30:03.159,0.74119,0.74125,1.50,1.00
2017.05.15 18:30:03.669,0.74117,0.74125,1.87,1.00
2017.05.15 18:30:04.179,0.74117,0.74125,6.00,1.00
2017.05.15 18:30:04.383,0.74117,0.74124,5.25,1.00
2017.05.15 18:30:04.931,0.74116,0.74123,3.75,1.00
2017.05.15 18:30:08.135,0.74116,0.74124,2.62,1.00
2017.05.15 18:30:08.644,0.74116,0.74124,1.37,1.00
2017.05.15 18:30:09.155,0.74115,0.74124,7.87,1.00
2017.05.15 18:30:10.182,0.74115,0.74122,2.25,1.00
2017.05.15 18:30:14.206,0.74116,0.74124,1.50,1.00
2017.05.15 18:30:14.760,0.74115,0.74124,5.62,1.00
2017.05.15 18:30:15.710,0.74116,0.74124,1.00,1.00
2017.05.15 18:30:16.219,0.74116,0.74125,3.00,1.00
2017.05.15 18:30:17.691,0.74116,0.74124,2.62,1.00
2017.05.15 18:30:18.203,0.74116,0.74123,1.50,1.00
2017.05.15 18:30:20.590,0.7412,0.74124,1.00,1.00
2017.05.15 18:30:20.642,0.7412,0.74127,2.40,4.87
2017.05.15 18:30:20.694,0.74122,0.74127,1.50,1.87
2017.05.15 18:30:20.745,0.74122,0.74129,1.50,1.12
2017.05.15 18:30:21.264,0.74122,0.7413,3.37,1.00
2017.05.15 18:30:27.724,0.74122,0.7413,1.87,1.00
2017.05.15 18:30:28.907,0.74122,0.7413,1.87,1.00
2017.05.15 18:30:38.372,0.74122,0.7413,4.50,1.00
2017.05.15 18:30:39.573,0.74122,0.7413,3.00,1.00
2017.05.15 18:30:40.074,0.74122,0.7413,3.00,1.00
2017.05.15 18:30:42.108,0.74121,0.7413,8.25,2.25
2017.05.15 18:30:42.160,0.74121,0.74128,3.37,3.75
2017.05.15 18:30:42.211,0.74118,0.74126,1.87,1.00
2017.05.15 18:30:42.364,0.74116,0.74125,4.87,1.50
2017.05.15 18:30:42.875,0.74116,0.74124,1.50,1.00
2017.05.15 18:30:43.114,0.74116,0.74122,1.87,1.00
2017.05.15 18:30:43.752,0.74115,0.74122,4.12,1.00
2017.05.15 18:30:45.429,0.74115,0.74124,4.50,1.12
2017.05.15 18:31:00.216,0.74115,0.74122,1.50,1.00
2017.05.15 18:31:00.368,0.74115,0.74124,1.87,1.12
2017.05.15 18:31:00.735,0.74117,0.74125,3.75,3.00
2017.05.15 18:31:01.043,0.74121,0.74129,2.62,1.00
2017.05.15 18:31:01.147,0.74121,0.7413,8.06,2.25
2017.05.15 18:31:01.663,0.74122,0.7413,1.00,1.00
2017.05.15 18:31:02.174,0.74122,0.74128,1.50,1.00
2017.05.15 18:31:02.531,0.74122,0.74131,2.25,3.75
2017.05.15 18:31:03.042,0.74123,0.7413,1.50,1.00
2017.05.15 18:31:03.559,0.74123,0.74131,3.00,1.00
2017.05.15 18:31:07.229,0.74123,0.74131,4.12,1.00
2017.05.15 18:31:15.655,0.74126,0.74132,1.50,1.00
2017.05.15 18:31:15.891,0.74125,0.74134,2.25,2.25
2017.05.15 18:31:16.744,0.74126,0.74134,1.00,1.50
2017.05.15 18:31:17.758,0.74128,0.74135,1.00,1.12
2017.05.15 18:31:18.070,0.7413,0.74138,1.00,1.87
2017.05.15 18:31:20.971,0.7413,0.74138,3.37,6.37
2017.05.15 18:31:21.227,0.74134,0.74142,1.12,1.87
2017.05.15 18:31:21.903,0.74134,0.74142,1.00,2.25
2017.05.15 18:31:23.055,0.74135,0.74143,1.00,3.37
2017.05.15 18:31:23.593,0.74135,0.74143,1.37,1.50
2017.05.15 18:31:26.136,0.74135,0.74144,1.37,3.00
2017.05.15 18:31:27.270,0.74136,0.74143,1.12,1.00
2017.05.15 18:31:27.878,0.74136,0.74144,1.12,3.37
2017.05.15 18:31:28.379,0.74136,0.74143,1.12,1.00
2017.05.15 18:31:30.164,0.74136,0.74144,1.12,5.25
2017.05.15 18:31:30.728,0.74136,0.74143,1.12,1.00
2017.05.15 18:31:32.105,0.74136,0.74144,1.12,3.00
2017.05.15 18:31:33.973,0.74136,0.74143,1.12,1.00
2017.05.15 18:31:34.854,0.74136,0.74144,1.12,3.00
2017.05.15 18:31:37.494,0.74136,0.74143,1.00,1.00
2017.05.15 18:31:38.650,0.74136,0.74144,1.00,3.00
2017.05.15 18:31:39.159,0.74136,0.74143,1.00,1.00
2017.05.15 18:31:39.675,0.74136,0.74144,1.00,3.00
2017.05.15 18:31:44.066,0.74136,0.74145,1.00,6.75
2017.05.15 18:31:44.625,0.74136,0.74144,1.00,1.50
2017.05.15 18:31:45.129,0.74136,0.74145,1.00,6.75
2017.05.15 18:31:45.734,0.74136,0.74144,1.00,1.50
2017.05.15 18:31:46.482,0.74135,0.74144,2.25,3.00
2017.05.15 18:31:47.209,0.74135,0.74143,1.00,1.50
2017.05.15 18:31:47.929,0.74135,0.74144,1.00,4.50
2017.05.15 18:31:49.312,0.74135,0.74143,1.00,1.50
2017.05.15 18:31:49.910,0.74135,0.74144,1.00,6.75
2017.05.15 18:31:50.454,0.74135,0.74143,1.00,2.25
2017.05.15 18:31:50.962,0.74135,0.74144,1.00,5.25
2017.05.15 18:31:57.489,0.74135,0.74143,1.00,1.00
2017.05.15 18:31:58.031,0.74135,0.74144,1.00,6.75
2017.05.15 18:31:59.522,0.74135,0.74143,1.00,1.50
2017.05.15 18:32:00.130,0.74135,0.74144,1.00,4.50
2017.05.15 18:32:00.690,0.74136,0.74145,1.00,6.00
2017.05.15 18:32:03.637,0.74136,0.74146,1.00,3.37
2017.05.15 18:32:04.157,0.74136,0.74145,1.00,1.50
2017.05.15 18:32:05.764,0.74136,0.74146,1.50,4.12
2017.05.15 18:32:07.544,0.74136,0.74145,3.00,1.50
2017.05.15 18:32:07.798,0.74137,0.74147,1.50,3.75
2017.05.15 18:32:09.334,0.74136,0.74146,2.25,1.50
2017.05.15 18:32:11.829,0.74136,0.74145,2.25,1.00
2017.05.15 18:32:13.288,0.74136,0.74146,3.00,5.25
2017.05.15 18:32:14.004,0.74136,0.74145,2.25,1.00
2017.05.15 18:32:14.536,0.74136,0.74146,3.00,7.50
2017.05.15 18:32:15.648,0.74137,0.74146,1.00,1.50
2017.05.15 18:32:16.167,0.74136,0.74147,2.62,3.75
2017.05.15 18:32:17.037,0.74138,0.74147,1.50,6.00
2017.05.15 18:32:17.140,0.74139,0.74148,3.00,3.00
2017.05.15 18:32:18.218,0.7414,0.74149,1.00,6.37
2017.05.15 18:32:18.477,0.74142,0.74149,1.00,3.00
2017.05.15 18:32:18.580,0.74143,0.7415,1.00,1.87
2017.05.15 18:32:19.096,0.74143,0.74151,1.00,1.50
2017.05.15 18:32:20.019,0.74142,0.74151,3.37,1.50
2017.05.15 18:32:20.360,0.74144,0.74152,1.87,1.00
2017.05.15 18:32:21.028,0.74144,0.74153,2.25,1.50
2017.05.15 18:32:21.705,0.74145,0.74153,1.00,1.87
2017.05.15 18:32:22.252,0.74144,0.74153,3.00,1.87
2017.05.15 18:32:24.560,0.74147,0.74154,1.50,1.87
2017.05.15 18:32:25.639,0.74144,0.74154,4.50,2.25
2017.05.15 18:32:26.149,0.74144,0.74153,3.00,2.25
2017.05.15 18:32:26.727,0.74144,0.74153,3.00,3.75
2017.05.15 18:32:42.920,0.74144,0.74151,1.00,1.50
2017.05.15 18:32:43.227,0.7414,0.74147,4.12,1.00
2017.05.15 18:32:43.534,0.7414,0.74147,1.50,1.50
2017.05.15 18:32:44.094,0.7414,0.74146,1.50,1.00
2017.05.15 18:32:44.633,0.74141,0.74146,1.00,1.00
2017.05.15 18:32:45.299,0.7414,0.74146,1.50,1.00
2017.05.15 18:32:45.813,0.74141,0.74146,1.00,1.00
2017.05.15 18:32:47.778,0.7414,0.74146,1.50,1.00
2017.05.15 18:32:50.630,0.74141,0.74146,1.00,1.00
2017.05.15 18:32:51.153,0.7414,0.74146,1.50,1.00
2017.05.15 18:32:52.221,0.74141,0.74146,1.00,1.00
2017.05.15 18:32:52.741,0.7414,0.74146,1.50,1.00
2017.05.15 18:32:54.594,0.74141,0.74146,1.00,1.00
2017.05.15 18:32:55.112,0.7414,0.74146,1.50,1.00
2017.05.15 18:32:57.230,0.74141,0.74146,1.00,1.00
2017.05.15 18:32:57.791,0.7414,0.74146,1.50,1.00
2017.05.15 18:33:00.425,0.74141,0.74146,1.00,1.00
2017.05.15 18:33:01.014,0.7414,0.74146,1.50,1.00
2017.05.15 18:33:02.308,0.74142,0.74146,1.00,1.00
2017.05.15 18:33:02.872,0.74141,0.74145,5.25,1.00
2017.05.15 18:33:06.722,0.74142,0.74146,2.25,1.12
2017.05.15 18:33:07.733,0.74142,0.74147,2.25,1.12
2017.05.15 18:33:17.047,0.74141,0.74145,5.25,1.00
2017.05.15 18:33:26.369,0.74142,0.74147,1.00,2.25
2017.05.15 18:33:26.853,0.74145,0.74149,6.00,1.00
2017.05.15 18:33:26.956,0.74145,0.74152,6.00,2.62
2017.05.15 18:33:27.058,0.74149,0.74153,3.75,4.87
2017.05.15 18:33:27.161,0.74145,0.74152,6.00,1.00
2017.05.15 18:33:30.076,0.74146,0.74152,2.25,1.50
2017.05.15 18:33:30.628,0.74145,0.74152,6.00,1.50
2017.05.15 18:33:31.776,0.74146,0.74152,2.25,1.50
2017.05.15 18:33:32.283,0.74145,0.74152,6.00,1.50
2017.05.15 18:33:32.950,0.74146,0.74151,2.25,1.00
2017.05.15 18:33:33.103,0.74145,0.74149,3.75,1.50
2017.05.15 18:33:33.154,0.74143,0.74149,1.00,4.12
2017.05.15 18:33:35.382,0.74143,0.74148,1.00,3.00
2017.05.15 18:33:53.524,0.74145,0.74148,3.00,3.00
2017.05.15 18:33:53.576,0.74144,0.74148,1.00,2.62
2017.05.15 18:33:53.627,0.74144,0.7415,1.12,2.25
2017.05.15 18:33:53.678,0.74144,0.74152,1.50,3.00
2017.05.15 18:33:53.781,0.74144,0.74153,4.12,1.50
2017.05.15 18:33:54.487,0.74144,0.74155,3.37,6.37
2017.05.15 18:33:55.435,0.74144,0.74153,2.62,1.00
2017.05.15 18:33:55.945,0.74144,0.74153,1.50,2.25
2017.05.15 18:33:56.792,0.74144,0.74152,1.12,1.00
2017.05.15 18:33:57.326,0.74144,0.74153,1.50,2.25
2017.05.15 18:33:57.859,0.74145,0.74153,1.00,1.50
2017.05.15 18:33:58.408,0.74144,0.74149,1.00,3.75
2017.05.15 18:33:58.460,0.74141,0.74149,1.37,5.25
2017.05.15 18:33:58.562,0.74139,0.74148,3.19,2.62
2017.05.15 18:33:58.836,0.74139,0.74146,1.25,1.00
2017.05.15 18:33:58.939,0.74139,0.74148,1.69,1.12
2017.05.15 18:34:00.389,0.7414,0.74148,1.00,1.00
2017.05.15 18:34:02.697,0.74139,0.74148,3.19,1.00
2017.05.15 18:34:03.144,0.74139,0.74146,2.44,1.00
2017.05.15 18:34:04.632,0.74139,0.74147,1.25,2.62
2017.05.15 18:34:10.611,0.74139,0.74147,1.25,3.37
2017.05.15 18:34:11.179,0.74139,0.74147,1.25,4.87
2017.05.15 18:34:13.269,0.74139,0.74146,1.69,1.00
2017.05.15 18:34:15.649,0.74139,0.74147,1.69,4.87
2017.05.15 18:34:26.269,0.74139,0.74146,1.25,1.50
2017.05.15 18:34:26.676,0.74137,0.74145,2.06,1.50
2017.05.15 18:34:26.951,0.74139,0.74147,1.50,5.25
2017.05.15 18:34:28.135,0.74141,0.74147,1.20,1.00
2017.05.15 18:34:28.237,0.74141,0.74149,3.00,1.87
2017.05.15 18:34:28.740,0.7414,0.74148,1.25,1.00
2017.05.15 18:34:29.504,0.74141,0.74149,1.12,1.87
2017.05.15 18:34:29.555,0.74143,0.74149,1.00,1.87
2017.05.15 18:34:30.014,0.74144,0.74151,1.00,1.00
2017.05.15 18:34:30.116,0.74142,0.74152,5.44,1.50
2017.05.15 18:34:30.219,0.74145,0.74152,1.00,1.50
2017.05.15 18:34:30.783,0.74145,0.74151,1.00,1.00
2017.05.15 18:34:31.137,0.74145,0.74153,1.00,2.25
2017.05.15 18:34:32.116,0.74145,0.74152,1.00,1.00
2017.05.15 18:34:32.670,0.74145,0.74153,1.00,2.25
2017.05.15 18:34:34.014,0.74145,0.74152,1.00,1.00
2017.05.15 18:34:34.616,0.74145,0.74153,1.00,2.25
2017.05.15 18:34:35.616,0.74145,0.74152,1.00,1.00
2017.05.15 18:34:36.125,0.74145,0.74153,1.00,1.50
2017.05.15 18:34:36.635,0.74146,0.74155,1.00,5.62
2017.05.15 18:34:37.165,0.74146,0.74154,1.00,1.50
2017.05.15 18:34:41.693,0.74146,0.74155,1.00,2.25
2017.05.15 18:34:42.814,0.74146,0.74154,1.00,1.00
2017.05.15 18:34:43.455,0.74146,0.74155,1.50,3.75
2017.05.15 18:34:45.157,0.74146,0.74154,1.00,1.00
2017.05.15 18:34:45.739,0.74146,0.74155,1.00,6.00
2017.05.15 18:34:47.338,0.74145,0.74154,2.06,1.00
2017.05.15 18:34:55.579,0.74146,0.74155,1.00,3.37
2017.05.15 18:34:56.910,0.74146,0.74154,1.00,1.00
2017.05.15 18:34:57.456,0.74146,0.74155,1.00,6.00
2017.05.15 18:34:58.470,0.74146,0.74154,1.00,2.25
2017.05.15 18:35:01.125,0.74146,0.74155,1.00,5.44
2017.05.15 18:35:01.176,0.74145,0.7415,1.00,1.00
2017.05.15 18:35:01.227,0.74142,0.74149,2.77,1.00
2017.05.15 18:35:01.331,0.74142,0.74151,1.20,2.25
2017.05.15 18:35:01.844,0.74143,0.7415,1.00,1.00
2017.05.15 18:35:02.350,0.74143,0.74151,1.00,1.50
2017.05.15 18:35:02.912,0.74144,0.7415,1.00,1.00
2017.05.15 18:35:03.336,0.74144,0.74152,1.00,1.00
2017.05.15 18:35:18.042,0.74144,0.74153,2.62,1.87
2017.05.15 18:35:18.552,0.74144,0.74153,3.00,1.87
2017.05.15 18:35:19.226,0.74144,0.74154,2.62,4.87
2017.05.15 18:35:21.975,0.74145,0.74154,1.50,2.25
2017.05.15 18:35:28.618,0.74146,0.74155,1.00,5.62
2017.05.15 18:35:35.610,0.74146,0.74155,2.25,1.50
2017.05.15 18:35:37.752,0.74148,0.74155,1.00,1.50
2017.05.15 18:35:38.944,0.74148,0.74157,1.50,1.50
2017.05.15 18:35:39.454,0.74147,0.74155,2.62,1.00
2017.05.15 18:35:39.966,0.74146,0.74155,2.62,3.00
2017.05.15 18:35:40.496,0.74147,0.74155,1.00,3.00
2017.05.15 18:35:52.328,0.74147,0.74154,1.00,1.00
2017.05.15 18:35:53.068,0.74145,0.74154,4.12,1.00
2017.05.15 18:35:53.594,0.74146,0.74155,4.12,2.25
2017.05.15 18:35:56.491,0.74147,0.74156,1.00,3.75
2017.05.15 18:35:56.915,0.74147,0.74154,1.00,1.00
2017.05.15 18:35:57.220,0.74147,0.74156,1.12,2.25
2017.05.15 18:35:57.721,0.74146,0.74156,3.00,1.12
2017.05.15 18:35:58.284,0.74146,0.74155,2.62,1.00
2017.05.15 18:35:58.787,0.74147,0.74155,1.00,1.00
2017.05.15 18:35:59.331,0.74146,0.74155,2.62,1.00
2017.05.15 18:36:00.015,0.74147,0.74155,1.00,1.00
2017.05.15 18:36:00.568,0.74146,0.74156,2.62,1.87
2017.05.15 18:36:01.173,0.74147,0.74156,1.00,1.87
2017.05.15 18:36:01.691,0.74146,0.74156,2.62,1.87
2017.05.15 18:36:02.198,0.74146,0.74155,2.62,1.00
2017.05.15 18:36:02.725,0.74147,0.74155,1.00,1.00
2017.05.15 18:36:03.306,0.74146,0.74155,2.62,1.00
2017.05.15 18:36:03.873,0.74147,0.74155,1.00,1.00
2017.05.15 18:36:04.745,0.74146,0.74155,2.62,1.00
2017.05.15 18:36:06.019,0.74147,0.74155,1.00,1.00
2017.05.15 18:36:06.594,0.74146,0.74155,1.87,1.00
2017.05.15 18:36:07.159,0.74146,0.74155,1.87,1.37
2017.05.15 18:36:07.669,0.74145,0.74153,1.50,1.00
2017.05.15 18:36:09.866,0.74144,0.74153,1.87,1.00
2017.05.15 18:36:11.822,0.74144,0.74153,2.25,1.00
2017.05.15 18:36:12.341,0.74143,0.74153,6.37,1.00
2017.05.15 18:36:12.855,0.74144,0.74154,2.25,1.00
2017.05.15 18:36:14.378,0.74145,0.74154,1.50,2.25
2017.05.15 18:36:15.895,0.74145,0.74152,1.50,1.00
2017.05.15 18:36:16.434,0.74143,0.74152,7.87,1.00
2017.05.15 18:36:17.826,0.74144,0.74153,1.50,1.00
2017.05.15 18:36:21.222,0.74144,0.74153,4.12,1.00
2017.05.15 18:36:21.887,0.74144,0.74153,3.75,1.00
2017.05.15 18:36:32.520,0.74145,0.74153,1.00,1.00
2017.05.15 18:36:40.443,0.74146,0.74155,1.00,1.00
2017.05.15 18:36:56.992,0.74146,0.74154,1.00,1.50
2017.05.15 18:36:57.986,0.74146,0.74155,1.00,2.25
2017.05.15 18:36:59.888,0.74145,0.74155,1.50,1.50
2017.05.15 18:37:01.365,0.74145,0.74154,1.50,1.50
2017.05.15 18:37:04.457,0.74145,0.74155,2.25,2.25
2017.05.15 18:37:07.320,0.74146,0.74155,1.00,1.50
2017.05.15 18:37:08.237,0.74146,0.74154,1.00,1.00
2017.05.15 18:37:08.778,0.74146,0.74155,1.00,5.25
2017.05.15 18:37:17.713,0.74146,0.74154,1.00,1.00
2017.05.15 18:37:20.876,0.74145,0.74154,1.00,1.00
2017.05.15 18:37:22.217,0.74144,0.74155,1.50,3.75
2017.05.15 18:37:28.854,0.74144,0.74155,3.00,8.62
2017.05.15 18:37:29.410,0.74145,0.74155,1.00,7.12
2017.05.15 18:37:30.451,0.74144,0.74155,3.37,2.25
2017.05.15 18:37:31.053,0.74145,0.74155,1.00,5.25
2017.05.15 18:37:31.591,0.74144,0.74155,2.62,4.50
2017.05.15 18:37:32.955,0.74145,0.74155,1.00,6.00
2017.05.15 18:37:34.129,0.74144,0.74155,2.62,3.00
2017.05.15 18:37:35.664,0.74145,0.74155,1.50,3.00
2017.05.15 18:37:42.491,0.74145,0.74156,2.62,5.81
2017.05.15 18:37:43.036,0.74145,0.74155,1.00,3.37
2017.05.15 18:37:46.328,0.74146,0.74155,1.12,3.37
2017.05.15 18:37:48.224,0.74146,0.74154,1.00,1.00
2017.05.15 18:37:48.832,0.74146,0.74155,1.00,5.62
2017.05.15 18:37:51.541,0.74146,0.74154,1.00,1.00
2017.05.15 18:37:52.069,0.74146,0.74155,1.00,3.00
2017.05.15 18:37:52.576,0.74145,0.74156,2.62,5.62
2017.05.15 18:37:52.881,0.74145,0.74154,3.37,1.00
2017.05.15 18:38:04.960,0.74145,0.74153,1.00,2.25
2017.05.15 18:38:05.483,0.74144,0.74153,1.87,1.50
2017.05.15 18:38:06.220,0.74145,0.74153,1.00,1.00
2017.05.15 18:38:06.732,0.74144,0.74153,1.87,1.00
2017.05.15 18:38:07.235,0.74145,0.74154,1.00,3.00
2017.05.15 18:38:07.854,0.74144,0.74154,3.37,2.25
2017.05.15 18:38:08.537,0.74145,0.74154,1.00,3.00
2017.05.15 18:38:09.525,0.74144,0.74154,3.75,3.00
2017.05.15 18:38:10.881,0.74145,0.74154,1.00,3.00
2017.05.15 18:38:11.706,0.74144,0.74154,1.87,3.00
2017.05.15 18:38:12.216,0.74145,0.74154,1.00,3.00
2017.05.15 18:38:12.995,0.74144,0.74154,1.87,4.12
2017.05.15 18:38:13.984,0.74145,0.74154,1.00,5.62
2017.05.15 18:38:14.944,0.74145,0.74153,1.00,1.00
2017.05.15 18:38:15.462,0.74144,0.74153,1.87,1.00
2017.05.15 18:38:18.198,0.74145,0.74153,1.00,1.00
2017.05.15 18:38:19.025,0.74144,0.74153,1.87,1.00
2017.05.15 18:38:19.634,0.74145,0.74153,1.00,1.00
2017.05.15 18:38:20.206,0.74144,0.74153,3.37,1.00
2017.05.15 18:38:20.724,0.74145,0.74153,1.00,1.00
2017.05.15 18:38:21.374,0.74144,0.74153,2.25,1.00
2017.05.15 18:38:21.950,0.74145,0.74153,1.00,1.00
2017.05.15 18:38:22.494,0.74144,0.74153,2.25,1.00
2017.05.15 18:38:23.016,0.74145,0.74153,1.00,1.00
2017.05.15 18:38:23.525,0.74144,0.74153,2.25,1.00
2017.05.15 18:38:27.556,0.74145,0.74153,1.00,1.00
2017.05.15 18:38:30.459,0.74144,0.74153,1.12,1.00
2017.05.15 18:38:31.094,0.74145,0.74153,1.00,1.00
2017.05.15 18:38:31.604,0.74144,0.74153,1.12,1.00
2017.05.15 18:38:32.129,0.74145,0.74153,1.00,1.00
2017.05.15 18:38:34.150,0.74144,0.74153,1.12,1.00
2017.05.15 18:38:34.686,0.74145,0.74153,1.00,1.00
2017.05.15 18:38:36.004,0.74144,0.74153,1.50,1.00
2017.05.15 18:38:36.642,0.74145,0.74153,1.00,1.00
2017.05.15 18:38:39.117,0.74144,0.74153,1.12,1.00
2017.05.15 18:38:40.115,0.74145,0.74153,1.00,1.00
2017.05.15 18:38:43.286,0.74144,0.74153,1.12,1.00
2017.05.15 18:38:44.317,0.74145,0.74153,1.00,1.00
2017.05.15 18:38:44.830,0.74144,0.74153,1.12,1.00
2017.05.15 18:38:45.379,0.74145,0.74153,1.00,1.00
2017.05.15 18:38:46.173,0.74144,0.74153,1.12,1.00
2017.05.15 18:38:47.792,0.74145,0.74153,1.00,1.00
2017.05.15 18:38:49.114,0.74144,0.74153,1.12,1.00
2017.05.15 18:38:49.790,0.74144,0.74154,1.12,1.00
2017.05.15 18:38:50.571,0.74145,0.74154,1.00,1.00
2017.05.15 18:38:51.220,0.74144,0.74154,1.12,1.00
2017.05.15 18:38:52.335,0.74144,0.74154,1.87,1.00
2017.05.15 18:38:59.579,0.74145,0.74153,1.12,1.50
2017.05.15 18:39:01.020,0.74144,0.74154,1.87,1.00
2017.05.15 18:39:23.889,0.74145,0.74152,1.12,1.00
2017.05.15 18:39:28.371,0.74145,0.74154,1.12,1.00
2017.05.15 18:39:34.216,0.74144,0.74152,1.87,1.00
2017.05.15 18:39:40.840,0.74144,0.74152,1.00,1.00
2017.05.15 18:39:40.995,0.74142,0.74151,1.00,3.75
2017.05.15 18:39:41.503,0.74142,0.7415,1.00,1.00
2017.05.15 18:39:42.634,0.74142,0.74151,1.00,3.75
2017.05.15 18:39:44.859,0.74142,0.7415,1.50,1.00
2017.05.15 18:39:45.447,0.74142,0.74151,1.50,3.75
2017.05.15 18:39:45.956,0.74142,0.74151,2.25,1.50
2017.05.15 18:39:53.266,0.74142,0.74151,3.00,1.50
2017.05.15 18:39:53.317,0.74142,0.74151,3.00,1.50
2017.05.15 18:39:55.057,0.74143,0.74152,2.25,3.37
2017.05.15 18:39:56.105,0.74142,0.74151,1.50,3.00
2017.05.15 18:39:56.624,0.74142,0.74151,1.87,1.00
2017.05.15 18:40:01.686,0.74142,0.74151,1.75,1.00
2017.05.15 18:40:02.210,0.74142,0.74151,1.50,1.00
2017.05.15 18:40:03.372,0.74141,0.74152,8.62,3.00
2017.05.15 18:40:04.032,0.74141,0.74151,6.37,1.50
2017.05.15 18:40:04.712,0.74141,0.7415,10.87,1.00
2017.05.15 18:40:06.172,0.74141,0.74149,5.25,2.25
2017.05.15 18:40:06.275,0.74139,0.74148,1.00,2.25
2017.05.15 18:40:06.413,0.74138,0.74145,1.00,1.00
2017.05.15 18:40:06.924,0.74136,0.74144,1.00,1.50
2017.05.15 18:40:07.445,0.74135,0.74144,1.12,1.50
2017.05.15 18:40:07.959,0.74136,0.74144,1.00,1.50
2017.05.15 18:40:08.810,0.74135,0.74144,1.12,1.12
2017.05.15 18:40:28.614,0.74136,0.74144,1.00,2.25
2017.05.15 18:40:43.618,0.74135,0.74144,4.12,2.25
2017.05.15 18:40:45.385,0.74136,0.74144,1.00,3.75
2017.05.15 18:40:45.901,0.74135,0.74144,4.12,3.00
2017.05.15 18:40:46.816,0.74136,0.74144,1.12,1.00
2017.05.15 18:40:54.009,0.74136,0.74145,1.50,2.62
2017.05.15 18:40:57.700,0.7414,0.74145,1.27,1.12
2017.05.15 18:40:57.854,0.7414,0.74147,2.77,1.12
2017.05.15 18:40:58.212,0.7414,0.74149,4.80,3.75
2017.05.15 18:40:58.489,0.7414,0.74147,1.00,1.00
2017.05.15 18:40:58.642,0.74137,0.74146,1.87,1.50
2017.05.15 18:40:59.158,0.74136,0.74145,2.62,1.00
2017.05.15 18:40:59.796,0.74136,0.74144,1.87,1.00
2017.05.15 18:41:11.605,0.74136,0.74144,1.50,1.50
2017.05.15 18:41:19.156,0.74133,0.74142,1.87,3.00
2017.05.15 18:41:19.207,0.74132,0.74142,2.25,3.37
2017.05.15 18:41:19.361,0.74136,0.74142,1.00,4.87
2017.05.15 18:41:19.896,0.74136,0.74143,1.00,2.25
2017.05.15 18:41:20.408,0.74136,0.74144,1.50,2.25
2017.05.15 18:41:21.321,0.74136,0.74145,1.00,5.62
2017.05.15 18:41:21.863,0.74136,0.74144,1.00,1.50
2017.05.15 18:41:23.442,0.74136,0.74143,1.00,1.87
2017.05.15 18:41:24.003,0.74136,0.74144,1.00,3.37
2017.05.15 18:41:31.898,0.74136,0.74144,1.50,4.31
2017.05.15 18:41:32.436,0.74136,0.74142,1.00,1.00
2017.05.15 18:41:32.947,0.74136,0.74143,1.00,1.50
2017.05.15 18:41:33.460,0.74136,0.74144,1.00,3.94
2017.05.15 18:41:40.829,0.74136,0.74143,1.50,3.75
2017.05.15 18:41:50.847,0.74136,0.74144,1.00,3.94
2017.05.15 18:41:51.391,0.74136,0.74144,1.00,3.94
2017.05.15 18:41:51.898,0.74136,0.74144,1.00,6.19
2017.05.15 18:41:52.612,0.74136,0.74143,1.50,1.50
2017.05.15 18:41:52.917,0.74136,0.74141,1.00,1.00
2017.05.15 18:42:17.666,0.74133,0.74141,1.50,1.00
2017.05.15 18:42:22.245,0.74132,0.74141,3.37,1.50
2017.05.15 18:42:22.918,0.74133,0.74141,1.00,1.50
2017.05.15 18:42:23.476,0.74132,0.74141,3.37,1.50
2017.05.15 18:42:24.043,0.74133,0.74141,1.00,1.50
2017.05.15 18:42:25.293,0.74133,0.7414,1.00,1.00
2017.05.15 18:42:25.447,0.74131,0.74141,3.00,4.12
2017.05.15 18:42:25.549,0.74131,0.74139,3.75,1.00
2017.05.15 18:42:25.856,0.74128,0.74136,4.50,1.50
2017.05.15 18:42:26.366,0.74128,0.74136,1.87,2.25
2017.05.15 18:42:26.911,0.74127,0.74136,1.00,3.37
2017.05.15 18:42:28.083,0.74127,0.74135,1.50,1.00
2017.05.15 18:42:28.660,0.74127,0.74136,1.50,6.37
2017.05.15 18:42:29.027,0.74125,0.74133,1.87,1.00
2017.05.15 18:42:30.166,0.74125,0.74134,1.87,2.25
2017.05.15 18:42:34.593,0.74124,0.74134,5.25,1.00
2017.05.15 18:42:34.644,0.74124,0.74134,5.25,1.00
2017.05.15 18:42:35.148,0.74125,0.74135,2.66,3.19
2017.05.15 18:42:35.707,0.74125,0.74134,3.37,1.00
2017.05.15 18:42:37.349,0.74125,0.74134,4.87,1.00
2017.05.15 18:42:37.868,0.74126,0.74135,1.50,3.56
2017.05.15 18:42:44.989,0.74126,0.74135,2.62,3.19
2017.05.15 18:42:45.535,0.74126,0.74135,2.25,2.81
2017.05.15 18:42:52.098,0.74125,0.74134,2.62,1.00
2017.05.15 18:42:52.608,0.74125,0.74135,3.37,2.62
2017.05.15 18:42:53.370,0.74125,0.74135,3.37,2.62
2017.05.15 18:42:53.877,0.74125,0.74134,4.12,1.00
2017.05.15 18:43:01.637,0.74126,0.74134,1.50,1.12
2017.05.15 18:43:02.217,0.74126,0.74135,1.87,1.69
2017.05.15 18:43:02.780,0.74127,0.74136,1.50,1.50
2017.05.15 18:43:03.350,0.74127,0.74135,1.00,1.00
2017.05.15 18:43:20.503,0.7413,0.74135,1.87,1.00
2017.05.15 18:43:20.607,0.74132,0.74139,1.50,1.00
2017.05.15 18:43:20.763,0.74132,0.74141,3.00,2.25
2017.05.15 18:43:22.739,0.74133,0.74141,1.37,1.50
2017.05.15 18:43:26.004,0.74133,0.74141,1.12,1.50
2017.05.15 18:44:05.643,0.74133,0.74141,1.37,1.00
2017.05.15 18:44:09.929,0.74133,0.7414,1.00,1.00
2017.05.15 18:44:10.438,0.74131,0.74141,7.50,1.00
2017.05.15 18:44:10.955,0.74131,0.74142,7.87,6.19
2017.05.15 18:44:11.674,0.74131,0.74142,6.37,3.94
2017.05.15 18:44:12.231,0.74133,0.74142,3.00,3.94
2017.05.15 18:44:12.826,0.74133,0.74142,3.00,2.81
2017.05.15 18:44:16.144,0.74133,0.74142,3.75,2.81
2017.05.15 18:44:17.514,0.74133,0.74142,3.00,2.81
2017.05.15 18:44:19.948,0.74133,0.7414,1.00,1.00
2017.05.15 18:44:20.484,0.74132,0.74141,1.50,2.62
2017.05.15 18:44:23.804,0.74132,0.74141,1.50,2.62
2017.05.15 18:44:27.586,0.74132,0.74141,1.50,1.12
2017.05.15 18:44:28.094,0.74133,0.74141,1.50,1.00
2017.05.15 18:44:28.408,0.74135,0.74143,1.00,5.06
2017.05.15 18:44:28.917,0.74134,0.74143,3.00,2.44
2017.05.15 18:44:30.938,0.74134,0.74142,2.25,1.00
2017.05.15 18:44:31.439,0.74134,0.74143,2.25,3.19
2017.05.15 18:44:43.013,0.74133,0.74142,4.50,1.25
2017.05.15 18:44:43.636,0.74133,0.74143,4.50,5.44
2017.05.15 18:44:45.042,0.74135,0.74143,1.00,3.19
2017.05.15 18:44:45.622,0.74135,0.74144,3.00,1.31
2017.05.15 18:44:52.056,0.74136,0.74145,1.00,4.87
2017.05.15 18:45:02.964,0.74135,0.74144,2.25,1.12
2017.05.15 18:45:09.981,0.74134,0.74143,3.94,1.12
2017.05.15 18:45:10.484,0.74135,0.74143,1.00,2.62
2017.05.15 18:45:11.366,0.74135,0.74144,1.25,3.37
2017.05.15 18:45:21.285,0.74135,0.74143,2.44,1.00
2017.05.15 18:45:26.155,0.74135,0.74142,3.00,1.00
2017.05.15 18:45:27.985,0.74134,0.74142,3.00,1.00
2017.05.15 18:45:28.984,0.74135,0.74142,1.50,1.00
2017.05.15 18:45:29.485,0.74135,0.74141,1.50,1.00
2017.05.15 18:45:30.026,0.74134,0.74142,3.56,1.00
2017.05.15 18:45:30.560,0.74135,0.74142,1.50,1.00
2017.05.15 18:45:31.066,0.74134,0.74142,3.56,1.00
2017.05.15 18:45:34.057,0.74135,0.74142,1.50,1.00
2017.05.15 18:45:34.567,0.74135,0.74143,1.50,1.00
2017.05.15 18:45:35.110,0.74136,0.74143,1.00,1.00
2017.05.15 18:45:35.654,0.74135,0.74143,1.00,1.00
2017.05.15 18:45:36.408,0.74134,0.74142,3.75,1.00
2017.05.15 18:45:36.968,0.74135,0.74142,1.00,1.00
2017.05.15 18:45:37.510,0.74134,0.74142,1.87,1.00
2017.05.15 18:45:38.012,0.74135,0.74142,1.00,1.00
2017.05.15 18:45:38.643,0.74134,0.7414,1.87,1.00
2017.05.15 18:45:38.747,0.74132,0.7414,2.25,1.50
2017.05.15 18:45:39.840,0.74131,0.74139,1.50,1.50
2017.05.15 18:45:44.205,0.74131,0.74139,4.69,1.00
2017.05.15 18:45:48.526,0.74131,0.7414,2.44,3.00
2017.05.15 18:45:52.674,0.74133,0.7414,1.00,1.50
2017.05.15 18:45:52.778,0.74134,0.74142,1.00,1.87
2017.05.15 18:45:55.413,0.74134,0.74143,1.00,3.00
2017.05.15 18:45:56.863,0.74134,0.74142,1.00,1.00
2017.05.15 18:45:57.975,0.74134,0.74143,1.25,1.87
2017.05.15 18:46:00.542,0.74134,0.74142,1.25,1.00
2017.05.15 18:46:01.153,0.74134,0.74143,1.25,2.25
2017.05.15 18:46:01.748,0.74134,0.74142,1.25,1.00
2017.05.15 18:46:02.301,0.74134,0.74143,1.25,2.25
2017.05.15 18:46:02.648,0.74136,0.74145,1.00,4.87
2017.05.15 18:46:02.993,0.74136,0.74146,2.62,6.00
2017.05.15 18:46:04.490,0.74137,0.74146,1.00,5.25
2017.05.15 18:46:05.056,0.74136,0.74146,4.12,5.25
2017.05.15 18:46:05.585,0.74136,0.74145,3.00,1.50
2017.05.15 18:46:06.151,0.74137,0.74145,1.00,1.50
2017.05.15 18:46:06.678,0.74136,0.74145,1.50,2.25
2017.05.15 18:46:07.138,0.74134,0.74142,3.00,1.00
2017.05.15 18:46:07.513,0.74136,0.74143,1.50,1.00
2017.05.15 18:46:07.821,0.74141,0.74146,6.75,1.00
2017.05.15 18:46:08.615,0.74141,0.7415,5.62,1.50
2017.05.15 18:46:09.697,0.74141,0.74146,1.50,1.00
2017.05.15 18:46:09.800,0.74138,0.74146,4.69,1.00
2017.05.15 18:46:09.902,0.74137,0.74146,2.06,1.50
2017.05.15 18:46:09.954,0.74136,0.74144,5.81,1.00
2017.05.15 18:46:10.459,0.74136,0.74145,2.44,1.00
2017.05.15 18:46:11.002,0.7414,0.74145,1.00,1.00
2017.05.15 18:46:11.205,0.7414,0.74147,1.00,1.87
2017.05.15 18:46:11.359,0.7414,0.74145,1.00,1.00
2017.05.15 18:46:11.462,0.7414,0.74148,1.00,1.37
2017.05.15 18:46:11.615,0.7414,0.74145,1.00,1.00
2017.05.15 18:46:12.126,0.74139,0.74145,1.00,1.00
2017.05.15 18:46:12.178,0.74139,0.74147,1.00,1.00
2017.05.15 18:46:12.941,0.7414,0.74147,1.00,1.00
2017.05.15 18:46:13.268,0.74142,0.7415,1.00,1.50
2017.05.15 18:46:13.371,0.74142,0.74151,1.50,1.50
2017.05.15 18:46:13.422,0.74144,0.74151,1.00,1.50
2017.05.15 18:46:14.470,0.74144,0.74152,1.00,2.25
2017.05.15 18:46:15.215,0.74143,0.74152,1.00,1.87
2017.05.15 18:46:31.724,0.74143,0.74152,1.50,1.75
2017.05.15 18:46:38.110,0.74142,0.74151,2.06,1.37
2017.05.15 18:46:41.518,0.74142,0.74151,1.62,1.37
2017.05.15 18:46:42.035,0.74141,0.74151,8.44,1.37
2017.05.15 18:46:57.556,0.74144,0.74151,1.00,1.37
2017.05.15 18:47:05.418,0.74144,0.74152,1.00,5.25
2017.05.15 18:47:07.566,0.74142,0.74151,1.31,2.25
2017.05.15 18:47:08.267,0.74142,0.7415,1.69,1.50
2017.05.15 18:47:09.959,0.74142,0.74151,1.12,2.25
2017.05.15 18:47:10.502,0.74142,0.7415,1.12,1.50
2017.05.15 18:47:11.048,0.74142,0.74151,1.12,2.25
2017.05.15 18:47:11.942,0.74142,0.7415,1.12,1.50
2017.05.15 18:47:12.688,0.74142,0.74151,1.12,2.25
2017.05.15 18:47:13.192,0.74142,0.7415,1.87,1.00
2017.05.15 18:47:15.957,0.74142,0.74151,1.12,2.25
2017.05.15 18:47:17.376,0.74142,0.7415,1.12,1.50
2017.05.15 18:47:17.883,0.74142,0.74151,1.50,1.87
2017.05.15 18:47:18.433,0.74142,0.7415,1.00,1.00
2017.05.15 18:47:18.952,0.74143,0.7415,1.00,1.00
2017.05.15 18:47:21.088,0.74144,0.74151,1.50,1.00
2017.05.15 18:47:22.111,0.74144,0.74152,2.25,1.00
2017.05.15 18:47:22.243,0.74147,0.74152,1.00,1.00
2017.05.15 18:47:22.771,0.74147,0.74153,1.00,1.00
2017.05.15 18:47:25.351,0.74147,0.74152,1.00,1.00
2017.05.15 18:47:39.219,0.74147,0.74154,1.00,2.25
2017.05.15 18:47:39.729,0.74147,0.74153,1.00,1.00
2017.05.15 18:47:40.263,0.74147,0.74151,1.00,1.00
2017.05.15 18:47:41.915,0.74147,0.74153,1.00,1.00
2017.05.15 18:47:43.067,0.74147,0.74154,1.00,1.00
2017.05.15 18:47:45.964,0.7415,0.74155,1.00,3.37
2017.05.15 18:47:46.221,0.74152,0.74159,1.87,1.00
2017.05.15 18:47:46.796,0.74152,0.74159,1.37,1.00
2017.05.15 18:47:47.305,0.74152,0.74159,1.87,1.00
2017.05.15 18:47:48.438,0.74153,0.74159,1.00,1.00
2017.05.15 18:47:49.590,0.74153,0.7416,1.87,1.00
2017.05.15 18:47:50.736,0.74153,0.74159,1.12,1.00
2017.05.15 18:47:52.165,0.74153,0.7416,1.00,1.00
2017.05.15 18:47:53.693,0.74152,0.7416,3.75,1.00
2017.05.15 18:47:54.901,0.74152,0.7416,4.12,1.00
2017.05.15 18:47:56.829,0.74152,0.7416,4.12,1.00
2017.05.15 18:47:58.484,0.74153,0.7416,1.00,1.00
2017.05.15 18:47:59.761,0.74152,0.7416,3.37,1.00
2017.05.15 18:48:00.867,0.74153,0.74161,1.12,1.00
2017.05.15 18:48:01.629,0.74154,0.74161,1.00,1.00
2017.05.15 18:48:02.534,0.74152,0.74161,5.25,1.00
2017.05.15 18:48:06.849,0.74152,0.74161,3.37,1.00
2017.05.15 18:48:07.154,0.74157,0.74162,1.00,1.00
2017.05.15 18:48:07.562,0.74157,0.74165,1.00,3.00
2017.05.15 18:48:08.169,0.74156,0.74165,2.25,1.87
2017.05.15 18:48:09.556,0.74157,0.74165,1.00,1.12
2017.05.15 18:48:10.088,0.74156,0.74165,2.25,1.12
2017.05.15 18:48:10.601,0.74157,0.74164,1.00,1.00
2017.05.15 18:48:11.127,0.74156,0.74164,2.25,1.00
2017.05.15 18:48:11.644,0.74156,0.74165,2.25,2.25
2017.05.15 18:48:12.157,0.74157,0.74165,1.00,2.62
2017.05.15 18:48:12.674,0.74156,0.74165,2.25,1.12
2017.05.15 18:48:13.180,0.74157,0.74165,1.00,1.87
2017.05.15 18:48:13.717,0.74156,0.74165,2.25,3.37
2017.05.15 18:48:14.623,0.74157,0.74165,1.00,7.50
2017.05.15 18:48:15.030,0.74156,0.74163,2.25,1.00
2017.05.15 18:48:15.630,0.74157,0.74164,1.00,2.25
2017.05.15 18:48:16.235,0.74156,0.74164,2.25,2.25
2017.05.15 18:48:16.747,0.74157,0.74164,1.00,2.25
2017.05.15 18:48:17.369,0.74156,0.74164,2.25,1.50
2017.05.15 18:48:17.878,0.74157,0.74164,1.00,1.50
2017.05.15 18:48:18.494,0.74156,0.74164,2.25,1.50
2017.05.15 18:48:19.021,0.74157,0.74164,1.00,1.50
2017.05.15 18:48:19.590,0.74156,0.74164,2.25,1.50
2017.05.15 18:48:20.545,0.74157,0.74164,1.00,3.00
2017.05.15 18:48:21.155,0.74156,0.74164,2.25,4.50
2017.05.15 18:48:22.517,0.74157,0.74164,1.00,2.25
2017.05.15 18:48:23.262,0.74156,0.74164,1.50,2.25
2017.05.15 18:48:23.938,0.74157,0.74164,1.00,2.25
2017.05.15 18:48:24.915,0.74156,0.74164,1.50,2.25
2017.05.15 18:48:25.588,0.74157,0.74164,1.00,1.00
2017.05.15 18:48:26.290,0.74156,0.74164,1.69,1.00
2017.05.15 18:48:26.856,0.74157,0.74164,1.00,1.00
2017.05.15 18:48:28.002,0.74156,0.74164,1.69,1.87
2017.05.15 18:48:29.755,0.74157,0.74165,1.00,7.50
2017.05.15 18:48:30.393,0.74156,0.74165,1.69,6.75
2017.05.15 18:48:31.156,0.74157,0.74165,1.00,8.25
2017.05.15 18:48:31.674,0.74156,0.74165,1.69,6.00
2017.05.15 18:48:32.268,0.74157,0.74165,1.00,7.50
2017.05.15 18:48:32.800,0.74156,0.74165,1.69,4.87
2017.05.15 18:48:33.576,0.74157,0.74165,1.00,7.12
2017.05.15 18:48:34.077,0.74156,0.74165,1.69,4.87
2017.05.15 18:48:34.695,0.74157,0.74165,1.00,4.87
2017.05.15 18:48:35.198,0.74156,0.74165,1.69,4.12
2017.05.15 18:48:35.802,0.74157,0.74165,1.00,4.87
2017.05.15 18:48:36.343,0.74156,0.74165,1.69,4.12
2017.05.15 18:48:36.963,0.74157,0.74165,1.00,5.62
2017.05.15 18:48:38.176,0.74156,0.74165,1.69,4.87
2017.05.15 18:48:40.005,0.74157,0.74165,1.00,5.62
2017.05.15 18:48:41.729,0.74156,0.74163,1.69,1.00
2017.05.15 18:48:42.280,0.74157,0.74165,1.00,5.62
2017.05.15 18:48:42.813,0.74156,0.74164,1.69,1.00
2017.05.15 18:48:43.955,0.74157,0.74164,1.00,1.00
2017.05.15 18:48:44.724,0.74156,0.74165,2.44,4.12
2017.05.15 18:48:46.097,0.74157,0.74165,1.00,4.87
2017.05.15 18:48:46.636,0.74157,0.74163,1.00,1.50
2017.05.15 18:48:47.228,0.74157,0.74164,1.00,1.87
2017.05.15 18:48:47.769,0.74156,0.74163,2.44,1.50
2017.05.15 18:48:48.330,0.74157,0.74163,1.00,1.50
2017.05.15 18:48:48.833,0.74157,0.74164,1.00,2.25
2017.05.15 18:48:49.349,0.74156,0.74164,2.44,2.25
2017.05.15 18:48:49.890,0.74156,0.74163,2.44,1.50
2017.05.15 18:48:51.047,0.74156,0.74164,2.44,2.25
2017.05.15 18:48:51.916,0.74157,0.74164,1.00,2.25
2017.05.15 18:48:52.463,0.74156,0.74164,2.44,2.25
2017.05.15 18:48:53.074,0.74157,0.74164,1.00,3.00
2017.05.15 18:48:54.097,0.74156,0.74164,1.69,1.00
2017.05.15 18:48:54.768,0.74157,0.74164,1.00,1.00
2017.05.15 18:48:55.955,0.74156,0.74164,1.69,1.00
2017.05.15 18:48:58.573,0.74157,0.74164,1.00,2.25
2017.05.15 18:48:59.105,0.74156,0.74164,1.50,2.25
2017.05.15 18:48:59.649,0.74157,0.74164,1.00,2.25
2017.05.15 18:49:00.273,0.74156,0.74164,1.50,2.25
2017.05.15 18:49:00.944,0.74157,0.74164,1.00,2.25
2017.05.15 18:49:01.453,0.74156,0.74164,1.50,1.00
2017.05.15 18:49:02.265,0.74157,0.74164,1.00,1.87
2017.05.15 18:49:02.786,0.74156,0.74164,1.50,1.00
2017.05.15 18:49:03.984,0.74157,0.74164,1.00,1.00
2017.05.15 18:49:05.145,0.74156,0.74164,1.50,1.00
2017.05.15 18:49:05.975,0.74157,0.74164,1.00,2.25
2017.05.15 18:49:06.533,0.74156,0.74164,1.50,2.25
2017.05.15 18:49:07.385,0.74157,0.74164,1.00,1.87
2017.05.15 18:49:07.928,0.74156,0.74164,1.00,3.37
2017.05.15 18:49:08.615,0.74157,0.74164,1.00,3.37
2017.05.15 18:49:09.221,0.74156,0.74164,1.00,1.00
2017.05.15 18:49:09.825,0.74157,0.74164,1.00,2.25
2017.05.15 18:49:10.328,0.74156,0.74164,1.00,1.50
2017.05.15 18:49:11.274,0.74157,0.74165,1.00,9.00
2017.05.15 18:49:12.028,0.74156,0.74164,1.00,1.50
2017.05.15 18:49:12.333,0.74156,0.74163,1.00,1.37
2017.05.15 18:49:13.444,0.74157,0.74163,1.00,1.37
2017.05.15 18:49:13.956,0.74156,0.74163,1.25,1.37
2017.05.15 18:49:14.501,0.74157,0.74163,1.00,1.37
2017.05.15 18:49:14.756,0.74157,0.74164,1.00,1.87
2017.05.15 18:49:15.316,0.74156,0.74164,1.25,1.50
2017.05.15 18:49:16.379,0.74157,0.74165,1.00,8.25
2017.05.15 18:49:17.541,0.74156,0.74165,1.25,6.75
2017.05.15 18:49:18.073,0.74157,0.74165,1.00,8.25
2017.05.15 18:49:18.607,0.74156,0.74164,1.25,1.50
2017.05.15 18:49:19.210,0.74157,0.74165,1.00,7.50
2017.05.15 18:49:19.785,0.74156,0.74165,1.25,6.00
2017.05.15 18:49:20.292,0.74157,0.74165,1.00,6.75
2017.05.15 18:49:21.085,0.74156,0.74165,1.25,6.00
2017.05.15 18:49:21.622,0.74157,0.74165,1.00,6.75
2017.05.15 18:49:22.130,0.74156,0.74164,1.25,1.50
2017.05.15 18:49:22.664,0.74156,0.74165,1.25,4.12
2017.05.15 18:49:23.339,0.74157,0.74165,1.00,4.12
2017.05.15 18:49:25.105,0.74156,0.74165,1.25,4.12
2017.05.15 18:49:25.836,0.74157,0.74165,1.00,4.12
2017.05.15 18:49:26.975,0.74156,0.74165,1.25,3.37
2017.05.15 18:49:28.464,0.74156,0.74164,1.00,1.50
2017.05.15 18:49:29.104,0.74157,0.74164,1.00,1.50
2017.05.15 18:49:29.962,0.74156,0.74164,1.00,1.50
2017.05.15 18:49:30.521,0.74157,0.74164,1.00,2.62
2017.05.15 18:49:31.064,0.74156,0.74164,1.50,1.50
2017.05.15 18:49:31.715,0.74157,0.74164,1.00,1.50
2017.05.15 18:49:32.862,0.74156,0.74165,3.00,2.62
2017.05.15 18:49:33.970,0.74157,0.74165,1.00,3.75
2017.05.15 18:49:34.676,0.74156,0.74165,3.00,2.25
2017.05.15 18:49:34.892,0.74161,0.74167,4.50,3.75
2017.05.15 18:49:35.046,0.74164,0.74171,1.00,1.50
2017.05.15 18:49:35.664,0.74164,0.74172,1.00,4.50
2017.05.15 18:49:36.425,0.74164,0.74171,1.00,1.50
2017.05.15 18:49:37.091,0.74164,0.74172,1.00,2.25
2017.05.15 18:49:37.998,0.74164,0.74171,1.00,1.50
2017.05.15 18:49:38.499,0.74164,0.74172,1.00,2.25
2017.05.15 18:49:39.205,0.74164,0.74171,1.00,1.50
2017.05.15 18:49:39.711,0.74164,0.74172,1.00,2.25
2017.05.15 18:49:40.315,0.74164,0.74171,1.00,1.50
2017.05.15 18:49:40.946,0.74164,0.74172,1.00,2.25
2017.05.15 18:49:41.521,0.74164,0.74171,1.00,1.50
2017.05.15 18:49:42.073,0.74164,0.74172,1.00,2.25
2017.05.15 18:49:42.784,0.74164,0.74171,1.00,1.50
2017.05.15 18:49:43.337,0.74164,0.74172,1.00,2.25
2017.05.15 18:49:44.009,0.74164,0.74171,1.00,1.50
2017.05.15 18:49:44.550,0.74164,0.74172,1.00,2.25
2017.05.15 18:49:52.527,0.74164,0.74173,1.12,4.50
2017.05.15 18:50:05.931,0.74163,0.74172,4.50,1.12
2017.05.15 18:50:06.884,0.74163,0.74171,3.75,1.00
2017.05.15 18:50:07.518,0.74164,0.74171,1.00,1.00
2017.05.15 18:50:19.453,0.74164,0.74173,1.12,5.06
2017.05.15 18:50:20.105,0.74164,0.74173,1.12,5.06
2017.05.15 18:50:20.733,0.74164,0.74173,1.00,4.69
2017.05.15 18:50:22.731,0.74164,0.74172,1.00,1.12
2017.05.15 18:50:25.473,0.74164,0.74173,1.00,4.69
2017.05.15 18:50:26.478,0.74164,0.74172,1.00,1.12
2017.05.15 18:50:28.778,0.74164,0.74173,1.00,1.69
2017.05.15 18:50:29.462,0.74162,0.74173,6.19,1.69
2017.05.15 18:50:30.013,0.74163,0.74173,1.50,2.44
2017.05.15 18:50:30.566,0.74163,0.74173,1.00,1.69
2017.05.15 18:50:31.069,0.74163,0.74173,1.00,1.50
2017.05.15 18:50:48.221,0.74163,0.74172,2.25,1.00
2017.05.15 18:50:50.823,0.74163,0.74172,1.37,2.25
2017.05.15 18:50:51.027,0.74163,0.74172,1.12,2.25
2017.05.15 18:50:55.588,0.74163,0.74172,1.12,3.00
2017.05.15 18:51:05.629,0.74163,0.74172,3.00,1.50
2017.05.15 18:51:07.809,0.74163,0.74172,2.25,3.37
2017.05.15 18:51:09.964,0.74163,0.74172,2.62,1.87
2017.05.15 18:51:16.803,0.74163,0.74171,3.37,1.87
2017.05.15 18:51:17.252,0.74162,0.74168,2.62,1.00
2017.05.15 18:51:17.406,0.74162,0.74171,3.37,2.25
2017.05.15 18:51:23.239,0.74162,0.74172,4.12,3.37
2017.05.15 18:51:24.923,0.74163,0.74172,1.00,4.50
2017.05.15 18:51:25.690,0.74163,0.74171,1.00,1.50
2017.05.15 18:51:26.194,0.74163,0.74172,1.00,4.50
2017.05.15 18:51:26.348,0.74166,0.74172,1.00,1.50
2017.05.15 18:51:26.884,0.74165,0.74172,1.00,1.50
2017.05.15 18:51:27.746,0.74165,0.74173,1.50,1.87
2017.05.15 18:51:30.169,0.74165,0.74172,1.00,1.50
2017.05.15 18:51:30.733,0.74165,0.74173,1.00,1.87
2017.05.15 18:51:31.540,0.74165,0.74172,1.00,1.50
2017.05.15 18:51:32.238,0.74165,0.74173,1.00,1.87
2017.05.15 18:51:32.749,0.74165,0.74172,1.00,1.50
2017.05.15 18:51:33.263,0.74165,0.74173,1.00,1.87
2017.05.15 18:51:34.176,0.74165,0.74172,1.00,1.50
2017.05.15 18:51:34.763,0.74165,0.74173,1.00,1.87
2017.05.15 18:51:35.855,0.74165,0.74172,1.00,1.50
2017.05.15 18:51:36.374,0.74165,0.74174,1.00,3.37
2017.05.15 18:51:42.147,0.74165,0.74174,1.00,4.50
2017.05.15 18:51:52.543,0.74165,0.74171,1.00,1.00
2017.05.15 18:52:01.041,0.74164,0.74171,1.50,1.00
2017.05.15 18:52:01.559,0.74163,0.74171,3.37,1.00
2017.05.15 18:52:05.254,0.74165,0.74172,1.00,1.87
2017.05.15 18:52:12.698,0.74166,0.74172,1.00,1.50
2017.05.15 18:52:13.826,0.74166,0.74174,1.00,5.06
2017.05.15 18:52:14.908,0.74166,0.74174,1.00,2.06
2017.05.15 18:52:15.215,0.74168,0.74174,1.00,1.31
2017.05.15 18:52:16.238,0.74166,0.74174,1.00,1.69
2017.05.15 18:52:30.553,0.74166,0.74174,1.00,1.00
2017.05.15 18:52:31.867,0.74166,0.74173,1.00,1.00
2017.05.15 18:52:35.201,0.74166,0.74174,1.00,3.00
2017.05.15 18:52:37.621,0.74165,0.74174,1.00,3.75
2017.05.15 18:52:38.127,0.74165,0.74173,1.00,1.00
2017.05.15 18:52:38.956,0.74165,0.74174,1.00,4.50
2017.05.15 18:52:43.723,0.74165,0.74173,1.00,1.00
2017.05.15 18:52:44.250,0.74165,0.74174,1.00,3.75
2017.05.15 18:52:44.779,0.74166,0.74173,1.00,1.00
2017.05.15 18:52:45.390,0.74166,0.74174,1.00,6.00
2017.05.15 18:52:46.049,0.74166,0.74173,1.00,1.00
2017.05.15 18:53:01.372,0.74166,0.74174,1.00,4.87
2017.05.15 18:53:01.962,0.74166,0.74173,1.00,1.00
2017.05.15 18:53:03.921,0.74167,0.74174,1.00,5.81
2017.05.15 18:53:04.452,0.74167,0.74173,1.00,1.12
2017.05.15 18:53:16.312,0.74166,0.74173,1.00,1.50
2017.05.15 18:53:34.739,0.74167,0.74173,1.00,1.12
2017.05.15 18:53:40.775,0.74165,0.74173,1.00,1.50
2017.05.15 18:53:46.509,0.74165,0.74174,1.00,2.06
2017.05.15 18:53:47.417,0.74165,0.74174,1.00,6.94
2017.05.15 18:53:53.122,0.74167,0.74174,1.00,5.44
2017.05.15 18:53:53.224,0.74165,0.74173,1.00,1.12
2017.05.15 18:54:02.419,0.74164,0.74173,1.00,2.62
2017.05.15 18:54:02.933,0.74162,0.7417,5.25,1.00
2017.05.15 18:54:03.239,0.74163,0.74168,1.12,1.00
2017.05.15 18:54:03.392,0.74159,0.74165,1.50,1.00
2017.05.15 18:54:03.444,0.74157,0.74163,1.12,1.00
2017.05.15 18:54:03.973,0.74156,0.74162,1.50,1.00
2017.05.15 18:54:05.400,0.74157,0.74162,1.00,1.00
2017.05.15 18:54:05.950,0.74156,0.74162,1.50,1.00
2017.05.15 18:54:07.000,0.74157,0.74162,1.00,1.00
2017.05.15 18:54:07.651,0.74156,0.74162,1.50,1.00
2017.05.15 18:54:08.192,0.74157,0.74162,1.00,1.00
2017.05.15 18:54:08.887,0.74156,0.74162,1.50,1.00
2017.05.15 18:54:10.625,0.74161,0.74166,1.00,3.75
2017.05.15 18:54:10.728,0.74162,0.74168,1.00,1.50
2017.05.15 18:54:10.831,0.74163,0.7417,1.50,1.00
2017.05.15 18:54:12.135,0.74164,0.7417,1.00,1.00
2017.05.15 18:54:12.647,0.74163,0.7417,1.50,1.00
2017.05.15 18:54:12.895,0.74162,0.74168,1.00,1.00
2017.05.15 18:54:13.415,0.74161,0.74168,1.50,1.00
2017.05.15 18:54:13.827,0.74162,0.74166,1.00,1.00
2017.05.15 18:54:14.133,0.74158,0.74165,3.15,1.00
2017.05.15 18:54:14.591,0.74161,0.74165,1.00,1.00
2017.05.15 18:54:15.134,0.7416,0.74167,1.50,1.87
2017.05.15 18:54:15.644,0.7416,0.74167,1.50,1.12
2017.05.15 18:54:16.168,0.74161,0.74167,1.00,1.12
2017.05.15 18:54:16.722,0.7416,0.74167,1.50,1.12
2017.05.15 18:54:17.585,0.74161,0.74167,1.00,1.12
2017.05.15 18:54:18.136,0.7416,0.74167,1.50,1.12
2017.05.15 18:54:19.089,0.74161,0.74167,1.00,1.12
2017.05.15 18:54:19.645,0.7416,0.74167,1.50,1.50
2017.05.15 18:54:19.848,0.74158,0.74166,1.50,1.12
2017.05.15 18:54:20.431,0.74157,0.74166,3.37,1.37
2017.05.15 18:54:21.151,0.74157,0.74164,1.87,1.12
2017.05.15 18:54:21.725,0.74158,0.74164,1.00,1.12
2017.05.15 18:54:22.226,0.74157,0.74164,1.87,1.12
2017.05.15 18:54:23.327,0.74158,0.74164,1.00,1.12
2017.05.15 18:54:23.925,0.74157,0.74164,1.87,1.12
2017.05.15 18:54:24.437,0.74157,0.74164,1.50,1.87
2017.05.15 18:54:25.253,0.74158,0.74164,1.00,2.25
2017.05.15 18:54:25.768,0.74157,0.74164,1.50,1.50
2017.05.15 18:54:26.615,0.74158,0.74164,1.00,2.25
2017.05.15 18:54:27.390,0.74157,0.74164,1.50,1.50
2017.05.15 18:54:27.930,0.74158,0.74164,1.00,1.00
2017.05.15 18:54:28.435,0.74157,0.74164,1.50,1.00
2017.05.15 18:54:29.023,0.74158,0.74164,1.00,1.00
2017.05.15 18:54:29.535,0.74157,0.74164,1.50,1.00
2017.05.15 18:54:30.331,0.74158,0.74164,1.00,1.00
2017.05.15 18:54:31.118,0.74157,0.74164,1.50,1.00
2017.05.15 18:54:31.716,0.74158,0.74164,1.00,1.00
2017.05.15 18:54:32.299,0.74157,0.74164,1.50,1.00
2017.05.15 18:54:33.798,0.74158,0.74164,1.00,1.00
2017.05.15 18:54:34.326,0.74157,0.74164,1.50,1.00
2017.05.15 18:54:34.950,0.74158,0.74164,1.00,1.00
2017.05.15 18:54:35.677,0.74157,0.74164,2.25,1.00
2017.05.15 18:54:36.201,0.74158,0.74164,1.00,1.00
2017.05.15 18:54:37.603,0.74157,0.74164,2.25,1.00
2017.05.15 18:54:45.149,0.74158,0.74164,1.00,1.00
2017.05.15 18:54:46.629,0.74157,0.74164,1.50,1.00
2017.05.15 18:54:47.239,0.74158,0.74164,1.00,1.00
2017.05.15 18:54:47.777,0.74157,0.74164,2.25,1.00
2017.05.15 18:54:49.152,0.74158,0.74164,1.00,1.00
2017.05.15 18:54:50.090,0.74157,0.74164,2.25,1.00
2017.05.15 18:54:51.534,0.74158,0.74164,1.00,1.00
2017.05.15 18:54:53.295,0.74157,0.74164,1.50,1.00
2017.05.15 18:54:54.618,0.74158,0.74164,1.00,1.00
2017.05.15 18:54:55.334,0.74157,0.74164,1.50,1.00
2017.05.15 18:54:57.356,0.74157,0.74163,1.50,1.00
2017.05.15 18:54:57.865,0.74158,0.74164,1.00,1.00
2017.05.15 18:54:58.410,0.74157,0.74164,1.50,1.00
2017.05.15 18:54:58.996,0.74158,0.74166,1.00,3.00
2017.05.15 18:54:59.616,0.74157,0.74165,3.00,1.12
2017.05.15 18:55:00.133,0.74158,0.74165,1.00,1.12
2017.05.15 18:55:00.530,0.74157,0.74163,1.50,1.00
2017.05.15 18:55:00.940,0.74157,0.74165,2.25,1.00
2017.05.15 18:55:01.504,0.74158,0.74163,1.00,1.00
2017.05.15 18:55:02.109,0.74157,0.74163,1.50,1.00
2017.05.15 18:55:05.534,0.74158,0.74163,1.00,1.00
2017.05.15 18:55:06.165,0.74157,0.74163,1.50,1.00
2017.05.15 18:55:06.683,0.74158,0.74163,1.00,1.00
2017.05.15 18:55:07.197,0.74157,0.74163,1.50,1.00
2017.05.15 18:55:07.810,0.74158,0.74163,1.00,1.00
2017.05.15 18:55:08.648,0.74157,0.74163,1.50,1.00
2017.05.15 18:55:09.218,0.74158,0.74163,1.00,1.00
2017.05.15 18:55:09.735,0.74157,0.74163,1.50,1.00
2017.05.15 18:55:10.514,0.74158,0.74163,1.00,1.00
2017.05.15 18:55:11.033,0.74157,0.74163,1.50,1.00
2017.05.15 18:55:13.075,0.74158,0.74163,1.00,1.00
2017.05.15 18:55:13.765,0.74157,0.74163,1.50,1.00
2017.05.15 18:55:16.001,0.74158,0.74163,1.00,1.00
2017.05.15 18:55:16.540,0.74157,0.74163,1.50,1.00
2017.05.15 18:55:17.107,0.74158,0.74163,1.00,1.00
2017.05.15 18:55:17.618,0.74157,0.74163,1.50,1.00
2017.05.15 18:55:19.997,0.74158,0.74163,1.00,1.00
2017.05.15 18:55:21.617,0.74157,0.74163,1.00,1.00
2017.05.15 18:55:22.165,0.74158,0.74163,1.00,1.00
2017.05.15 18:55:22.841,0.74157,0.74163,1.00,1.00
2017.05.15 18:55:23.501,0.74158,0.74163,1.00,1.00
2017.05.15 18:55:24.765,0.74157,0.74163,1.00,1.00
2017.05.15 18:55:25.771,0.74158,0.74163,1.00,1.00
2017.05.15 18:55:27.015,0.74157,0.74163,1.00,1.00
2017.05.15 18:55:29.013,0.74158,0.74163,1.00,1.00
2017.05.15 18:55:29.519,0.74157,0.74163,1.00,1.00
2017.05.15 18:55:30.087,0.74158,0.74163,1.00,1.00
2017.05.15 18:55:30.626,0.74158,0.74162,1.00,1.00
2017.05.15 18:55:31.157,0.74157,0.74162,1.00,1.00
2017.05.15 18:55:33.597,0.74158,0.74162,1.00,1.00
2017.05.15 18:55:34.189,0.74157,0.74162,1.00,1.00
2017.05.15 18:55:38.147,0.74158,0.74162,1.00,1.00
2017.05.15 18:55:38.722,0.74157,0.74162,1.00,1.00
2017.05.15 18:55:39.728,0.74158,0.74162,1.00,1.00
2017.05.15 18:55:40.288,0.74157,0.74162,1.00,1.00
2017.05.15 18:55:40.441,0.74155,0.74162,1.65,1.00
2017.05.15 18:55:40.956,0.74155,0.74161,1.50,1.00
2017.05.15 18:56:00.198,0.74155,0.7416,1.00,1.00
2017.05.15 18:56:00.250,0.74152,0.74157,1.50,1.00
2017.05.15 18:56:00.455,0.74148,0.74155,1.87,1.12
2017.05.15 18:56:00.962,0.74149,0.74154,1.00,1.00
2017.05.15 18:56:01.499,0.74148,0.74154,1.50,1.00
2017.05.15 18:56:02.767,0.74149,0.74154,1.00,1.00
2017.05.15 18:56:04.617,0.74148,0.74154,1.50,1.00
2017.05.15 18:56:05.153,0.74149,0.74154,1.00,1.00
2017.05.15 18:56:06.148,0.74148,0.74154,1.50,1.00
2017.05.15 18:56:08.618,0.74149,0.74154,1.00,1.00
2017.05.15 18:56:09.798,0.74148,0.74154,1.50,1.00
2017.05.15 18:56:11.508,0.74149,0.74154,1.00,1.00
2017.05.15 18:56:12.069,0.74148,0.74154,1.50,1.00
2017.05.15 18:56:14.233,0.74149,0.74154,1.00,1.00
2017.05.15 18:56:15.154,0.74148,0.74154,1.50,1.00
2017.05.15 18:56:15.921,0.74149,0.74154,1.00,1.00
2017.05.15 18:56:16.424,0.74148,0.74154,1.50,1.00
2017.05.15 18:56:16.974,0.74149,0.74154,1.00,1.00
2017.05.15 18:56:19.117,0.74148,0.74154,1.50,1.00
2017.05.15 18:56:20.172,0.74149,0.74154,1.00,1.12
2017.05.15 18:56:20.754,0.74148,0.74154,1.50,1.12
2017.05.15 18:56:21.716,0.74149,0.74154,1.00,1.12
2017.05.15 18:56:23.895,0.74148,0.74154,1.50,1.12
2017.05.15 18:56:24.468,0.74149,0.74154,1.00,1.12
2017.05.15 18:56:25.335,0.74148,0.74154,1.50,1.12
2017.05.15 18:56:28.956,0.74149,0.74154,1.00,1.12
2017.05.15 18:56:29.652,0.74148,0.74154,1.50,1.12
2017.05.15 18:56:30.365,0.74149,0.74154,1.00,1.12
2017.05.15 18:56:31.348,0.74148,0.74154,1.50,1.12
2017.05.15 18:56:31.930,0.74149,0.74154,1.00,1.12
2017.05.15 18:56:32.607,0.74148,0.74154,1.50,1.12
2017.05.15 18:56:33.319,0.74149,0.74154,1.00,1.12
2017.05.15 18:56:34.594,0.74148,0.74153,1.50,1.00
2017.05.15 18:56:36.957,0.74149,0.74153,1.00,1.00
2017.05.15 18:56:37.680,0.74148,0.74153,1.50,1.00
2017.05.15 18:56:38.604,0.74149,0.74153,1.00,1.00
2017.05.15 18:56:39.713,0.74149,0.74155,1.00,2.62
2017.05.15 18:56:40.319,0.74148,0.74155,1.50,1.37
2017.05.15 18:56:40.999,0.74149,0.74155,1.00,1.37
2017.05.15 18:56:41.639,0.74148,0.74155,1.50,1.37
2017.05.15 18:56:42.256,0.74149,0.74155,1.00,1.37
2017.05.15 18:56:44.806,0.74148,0.74155,1.50,1.37
2017.05.15 18:56:45.778,0.74149,0.74155,1.00,1.37
2017.05.15 18:56:46.598,0.74148,0.74155,1.50,1.37
2017.05.15 18:56:47.304,0.74149,0.74155,1.00,1.37
2017.05.15 18:56:47.816,0.74149,0.74155,1.00,1.00
2017.05.15 18:56:48.727,0.74148,0.74155,1.50,1.00
2017.05.15 18:56:49.820,0.74149,0.74155,1.00,1.00
2017.05.15 18:56:50.384,0.74148,0.74155,1.50,1.00
2017.05.15 18:56:51.757,0.74149,0.74155,1.00,1.00
2017.05.15 18:56:52.983,0.74148,0.74155,1.50,1.00
2017.05.15 18:56:54.177,0.74149,0.74155,1.00,1.12
2017.05.15 18:56:55.784,0.74148,0.74155,1.50,1.12
2017.05.15 18:56:57.619,0.74149,0.74155,1.00,1.00
2017.05.15 18:56:59.107,0.74148,0.74155,1.50,1.00
2017.05.15 18:57:00.885,0.74149,0.74155,1.00,1.00
2017.05.15 18:57:01.387,0.74148,0.74156,1.00,1.50
2017.05.15 18:57:02.740,0.74149,0.74156,1.00,1.50
2017.05.15 18:57:03.536,0.74148,0.74156,1.00,1.50
2017.05.15 18:57:04.159,0.74149,0.74156,1.00,1.50
2017.05.15 18:57:04.855,0.74148,0.74156,1.00,2.25
2017.05.15 18:57:06.588,0.74149,0.74156,1.00,1.50
2017.05.15 18:57:07.819,0.74148,0.74156,1.00,2.25
2017.05.15 18:57:08.510,0.74149,0.74156,1.00,2.25
2017.05.15 18:57:09.120,0.74148,0.74156,1.00,2.25
2017.05.15 18:57:09.672,0.74149,0.74156,1.00,1.50
2017.05.15 18:57:10.247,0.74148,0.74156,1.00,1.50
2017.05.15 18:57:10.779,0.74149,0.74156,1.00,2.25
2017.05.15 18:57:12.957,0.74148,0.74156,1.00,1.50
2017.05.15 18:57:13.505,0.74149,0.74156,1.00,1.50
2017.05.15 18:57:14.126,0.74148,0.74156,1.00,1.50
2017.05.15 18:57:14.726,0.74149,0.74156,1.00,1.50
2017.05.15 18:57:16.326,0.74148,0.74156,1.00,1.50
2017.05.15 18:57:17.066,0.74149,0.74156,1.00,2.25
2017.05.15 18:57:17.618,0.74148,0.74156,1.00,1.50
2017.05.15 18:57:18.959,0.74149,0.74156,1.00,2.25
2017.05.15 18:57:19.866,0.74148,0.74156,1.00,2.25
2017.05.15 18:57:21.363,0.74149,0.74156,1.00,1.50
2017.05.15 18:57:21.871,0.74148,0.74156,1.00,1.50
2017.05.15 18:57:22.564,0.74149,0.74156,1.00,2.25
2017.05.15 18:57:23.155,0.74148,0.74156,1.00,1.50
2017.05.15 18:57:24.958,0.74149,0.74156,1.00,2.25
2017.05.15 18:57:25.508,0.74148,0.74156,1.00,1.50
2017.05.15 18:57:26.988,0.74149,0.74156,1.00,1.50
2017.05.15 18:57:27.772,0.74148,0.74156,1.00,1.50
2017.05.15 18:57:28.380,0.74149,0.74156,1.00,1.50
2017.05.15 18:57:29.668,0.74148,0.74156,1.00,1.50
2017.05.15 18:57:30.618,0.74149,0.74156,1.00,1.50
2017.05.15 18:57:31.572,0.74148,0.74156,1.00,1.50
2017.05.15 18:57:34.663,0.74149,0.74156,1.00,1.50
2017.05.15 18:57:35.167,0.74148,0.74156,1.00,1.50
2017.05.15 18:57:36.929,0.74149,0.74156,1.00,1.50
2017.05.15 18:57:38.037,0.74148,0.74156,1.00,1.50
2017.05.15 18:57:38.583,0.74149,0.74156,1.00,2.25
2017.05.15 18:57:39.417,0.74148,0.74156,1.00,1.50
2017.05.15 18:57:40.657,0.74149,0.74156,1.00,1.50
2017.05.15 18:57:42.624,0.74148,0.74156,1.00,1.50
2017.05.15 18:57:44.995,0.74149,0.74156,1.00,2.25
2017.05.15 18:57:45.753,0.74148,0.74156,1.00,1.50
2017.05.15 18:57:46.618,0.74149,0.74156,1.00,1.50
2017.05.15 18:57:47.168,0.74148,0.74156,1.00,1.50
2017.05.15 18:57:47.776,0.74149,0.74156,1.00,1.50
2017.05.15 18:57:50.377,0.74148,0.74156,1.00,1.50
2017.05.15 18:57:52.024,0.74151,0.74156,1.00,1.12
2017.05.15 18:57:52.532,0.74151,0.74155,1.00,1.00
2017.05.15 18:57:52.870,0.74149,0.74155,1.50,1.00
2017.05.15 18:57:53.401,0.74149,0.74156,1.50,1.50
2017.05.15 18:58:03.512,0.74149,0.74155,1.00,1.00
2017.05.15 18:58:07.008,0.74149,0.74156,1.00,2.62
2017.05.15 18:58:10.551,0.74149,0.74155,1.50,1.00
2017.05.15 18:58:15.635,0.74151,0.74157,1.00,1.50
2017.05.15 18:58:16.176,0.74151,0.74156,1.00,1.12
2017.05.15 18:58:17.291,0.74154,0.74158,1.00,1.87
2017.05.15 18:58:17.555,0.74154,0.74162,1.00,4.50
2017.05.15 18:58:18.064,0.74156,0.74162,1.00,3.00
2017.05.15 18:58:18.608,0.74156,0.74163,1.00,5.62
2017.05.15 18:58:19.519,0.74156,0.74162,1.00,1.00
2017.05.15 18:58:19.876,0.74156,0.74164,1.00,2.25
2017.05.15 18:58:20.822,0.74156,0.74164,1.00,1.37
2017.05.15 18:58:21.098,0.74157,0.74166,2.25,7.12
2017.05.15 18:58:22.104,0.74158,0.74166,1.00,2.62
2017.05.15 18:58:22.766,0.74158,0.74167,1.00,6.37
2017.05.15 18:58:23.281,0.74158,0.74167,1.00,3.75
2017.05.15 18:58:24.284,0.74158,0.74167,1.00,5.25
2017.05.15 18:58:25.745,0.74159,0.74167,1.50,1.87
2017.05.15 18:58:26.001,0.74161,0.74168,1.00,3.00
2017.05.15 18:58:26.154,0.74159,0.74168,2.25,1.12
2017.05.15 18:58:26.810,0.7416,0.74168,1.00,1.87
2017.05.15 18:58:27.319,0.7416,0.74168,1.00,4.12
2017.05.15 18:58:27.841,0.74159,0.74168,2.25,1.50
2017.05.15 18:58:28.534,0.74159,0.74167,1.50,1.50
2017.05.15 18:58:29.044,0.7416,0.74167,1.00,1.87
2017.05.15 18:58:29.577,0.74159,0.74167,1.50,1.87
2017.05.15 18:58:30.170,0.7416,0.74167,1.00,1.87
2017.05.15 18:58:30.776,0.74159,0.74168,2.25,3.37
2017.05.15 18:58:31.579,0.74159,0.74168,2.25,3.37
2017.05.15 18:58:32.765,0.7416,0.74168,1.00,4.12
2017.05.15 18:58:34.284,0.74159,0.74168,2.25,3.37
2017.05.15 18:58:34.910,0.7416,0.74168,1.00,3.75
2017.05.15 18:58:35.553,0.74159,0.74168,2.25,3.00
2017.05.15 18:58:36.146,0.7416,0.74168,1.00,3.75
2017.05.15 18:58:36.648,0.74159,0.74168,2.25,3.00
2017.05.15 18:58:37.186,0.7416,0.74168,1.00,3.75
2017.05.15 18:58:37.917,0.74159,0.74168,2.25,3.00
2017.05.15 18:58:38.636,0.7416,0.74168,1.00,3.75
2017.05.15 18:58:39.258,0.74159,0.74168,2.25,3.37
2017.05.15 18:58:40.424,0.7416,0.74168,1.00,3.75
2017.05.15 18:58:41.544,0.74159,0.74168,2.25,2.25
2017.05.15 18:58:42.223,0.7416,0.74168,1.00,2.62
2017.05.15 18:58:42.765,0.74159,0.74168,2.25,3.37
2017.05.15 18:58:43.876,0.7416,0.74167,1.00,1.12
2017.05.15 18:58:44.941,0.74159,0.74168,2.25,4.12
2017.05.15 18:58:46.618,0.7416,0.74168,1.00,4.87
2017.05.15 18:58:47.436,0.74159,0.74167,2.25,1.12
2017.05.15 18:58:48.148,0.7416,0.74167,1.00,1.12
2017.05.15 18:58:49.770,0.74159,0.74167,2.25,1.12
2017.05.15 18:58:50.543,0.7416,0.74167,1.00,1.12
2017.05.15 18:58:51.059,0.74159,0.74167,2.25,1.12
2017.05.15 18:58:51.586,0.7416,0.74167,1.00,1.12
2017.05.15 18:58:52.126,0.74159,0.74167,2.25,1.12
2017.05.15 18:58:52.650,0.7416,0.74167,1.00,1.12
2017.05.15 18:58:53.157,0.74159,0.74167,2.25,1.12
2017.05.15 18:58:54.618,0.7416,0.74167,1.00,1.12
2017.05.15 18:58:55.294,0.74159,0.74167,2.25,1.12
2017.05.15 18:58:55.799,0.7416,0.74167,1.00,1.12
2017.05.15 18:58:56.343,0.74159,0.74168,2.25,6.37
2017.05.15 18:58:57.014,0.74157,0.74166,2.62,1.12
2017.05.15 18:58:59.779,0.74159,0.74167,1.00,3.00
2017.05.15 18:59:00.193,0.74157,0.74166,1.00,2.25
2017.05.15 18:59:00.867,0.74156,0.74166,4.12,4.87
2017.05.15 18:59:01.418,0.74157,0.74165,1.00,1.87
2017.05.15 18:59:02.004,0.74156,0.74165,1.50,3.37
2017.05.15 18:59:02.579,0.74157,0.74165,1.00,3.37
2017.05.15 18:59:03.112,0.74156,0.74165,1.50,3.37
2017.05.15 18:59:04.417,0.74157,0.74165,1.00,3.37
2017.05.15 18:59:05.097,0.74156,0.74165,1.50,2.62
2017.05.15 18:59:05.855,0.74156,0.74165,1.50,3.75
2017.05.15 18:59:06.469,0.74157,0.74165,1.00,5.25
2017.05.15 18:59:06.974,0.74156,0.74165,1.50,5.25
2017.05.15 18:59:07.553,0.74157,0.74164,1.00,1.00
2017.05.15 18:59:08.932,0.74156,0.74164,1.50,1.00
