2009.07.03 11:00:05.400,0.79931,0.79949,1.80,0.91
2009.07.03 11:00:09.049,0.79934,0.79949,1.10,2.40
2009.07.03 11:00:09.675,0.79936,0.79954,1.60,1.60
2009.07.03 11:00:15.007,0.79939,0.79954,1.40,2.20
2009.07.03 11:00:15.330,0.79944,0.79954,1.60,0.65
2009.07.03 11:00:15.614,0.79946,0.79963,1.20,1.30
2009.07.03 11:00:15.916,0.79941,0.79959,1.20,2.70
2009.07.03 11:00:16.453,0.79944,0.79959,1.80,1.20
2009.07.03 11:00:16.781,0.79946,0.79964,3.30,1.40
2009.07.03 11:00:17.381,0.79941,0.79959,2.50,1.30
2009.07.03 11:00:19.004,0.79944,0.79959,1.50,1.50
2009.07.03 11:00:19.751,0.79946,0.79964,1.20,1.60
2009.07.03 11:00:21.343,0.79951,0.79969,1.20,1.40
2009.07.03 11:00:21.523,0.79946,0.79964,1.00,0.80
2009.07.03 11:00:22.013,0.79951,0.79969,1.60,0.53
2009.07.03 11:00:22.709,0.79946,0.79964,0.95,0.83
2009.07.03 11:00:23.567,0.79951,0.79969,2.90,1.80
2009.07.03 11:00:24.002,0.79954,0.79969,1.30,2.00
2009.07.03 11:00:24.573,0.79956,0.79974,1.70,1.50
2009.07.03 11:00:24.915,0.79951,0.79969,0.66,1.20
2009.07.03 11:00:26.059,0.79954,0.79969,2.00,0.87
2009.07.03 11:00:26.504,0.79956,0.79974,1.00,1.20
2009.07.03 11:00:26.831,0.79951,0.79969,1.60,1.70
2009.07.03 11:00:28.173,0.79954,0.79969,1.50,1.30
2009.07.03 11:00:28.624,0.79956,0.79974,1.80,1.30
2009.07.03 11:00:31.959,0.79946,0.79964,1.70,1.60
2009.07.03 11:00:33.072,0.79944,0.79954,3.50,0.69
2009.07.03 11:00:33.274,0.79939,0.79954,1.70,1.00
2009.07.03 11:00:33.463,0.79936,0.79954,1.20,1.10
2009.07.03 11:00:33.533,0.79941,0.79956,1.10,1.10
2009.07.03 11:00:33.797,0.79944,0.79959,1.00,1.50
2009.07.03 11:00:33.852,0.79946,0.79964,1.20,1.00
2009.07.03 11:00:36.268,0.79941,0.79959,2.80,2.10
2009.07.03 11:00:37.031,0.79934,0.79944,1.20,1.60
2009.07.03 11:00:37.255,0.79933,0.79944,1.80,0.97
2009.07.03 11:00:37.449,0.79927,0.79944,2.00,2.30
2009.07.03 11:00:37.651,0.79934,0.79944,2.00,1.90
2009.07.03 11:00:37.933,0.79941,0.79953,1.60,1.00
2009.07.03 11:00:38.791,0.79936,0.79954,0.79,1.70
2009.07.03 11:00:43.211,0.79939,0.79954,1.10,0.98
2009.07.03 11:00:43.917,0.79946,0.79963,1.30,1.70
2009.07.03 11:00:44.415,0.79936,0.79954,3.30,3.10
2009.07.03 11:00:44.876,0.79941,0.79959,1.20,0.81
2009.07.03 11:00:45.571,0.79936,0.79954,1.30,1.60
2009.07.03 11:00:47.023,0.79941,0.79959,2.90,2.60
2009.07.03 11:00:49.116,0.79936,0.79954,1.10,2.40
2009.07.03 11:00:49.658,0.79941,0.79959,0.74,1.70
2009.07.03 11:00:53.377,0.79944,0.79959,2.50,0.71
2009.07.03 11:00:53.620,0.79946,0.79964,1.30,1.30
2009.07.03 11:01:01.124,0.79941,0.79959,0.99,1.50
2009.07.03 11:01:06.424,0.79946,0.79964,0.90,0.47
2009.07.03 11:01:07.157,0.79941,0.79959,1.80,2.90
2009.07.03 11:01:09.797,0.79936,0.79954,1.90,1.30
2009.07.03 11:01:11.206,0.79931,0.79949,1.30,1.00
2009.07.03 11:01:14.042,0.79936,0.79954,1.00,1.20
2009.07.03 11:01:19.803,0.79931,0.79949,0.87,1.20
2009.07.03 11:01:25.134,0.79934,0.79949,0.84,0.76
2009.07.03 11:01:25.720,0.79936,0.79954,2.60,0.83
2009.07.03 11:01:26.608,0.79931,0.79949,2.10,0.85
2009.07.03 11:01:41.625,0.79926,0.79942,1.00,2.40
2009.07.03 11:01:42.299,0.79931,0.79947,1.40,2.70
2009.07.03 11:01:46.119,0.79926,0.79942,1.40,1.50
2009.07.03 11:01:46.534,0.79931,0.79947,1.20,3.00
2009.07.03 11:01:59.265,0.79934,0.79949,1.30,0.91
2009.07.03 11:01:59.428,0.79936,0.79952,1.90,1.60
2009.07.03 11:01:59.794,0.79931,0.79947,1.20,1.30
2009.07.03 11:02:01.301,0.79926,0.79942,1.10,1.40
2009.07.03 11:02:02.278,0.79916,0.79932,0.55,2.50
2009.07.03 11:02:03.242,0.79911,0.79927,2.30,2.10
2009.07.03 11:02:04.415,0.79916,0.79934,1.30,2.00
2009.07.03 11:02:04.980,0.79911,0.79929,2.10,1.40
2009.07.03 11:02:07.617,0.79916,0.79934,0.85,1.40
2009.07.03 11:02:08.792,0.79911,0.79929,2.10,2.20
2009.07.03 11:02:09.072,0.79916,0.79934,1.90,3.10
2009.07.03 11:02:16.270,0.79906,0.79924,0.86,1.70
2009.07.03 11:02:17.105,0.79901,0.79919,1.20,1.00
2009.07.03 11:02:17.347,0.79897,0.79913,1.30,2.60
2009.07.03 11:02:17.406,0.79896,0.79913,2.40,1.20
2009.07.03 11:02:17.759,0.79901,0.79913,1.00,0.97
2009.07.03 11:02:17.920,0.79896,0.79914,1.10,2.40
2009.07.03 11:02:20.002,0.79887,0.79904,0.61,1.90
2009.07.03 11:02:20.340,0.79886,0.79904,1.60,2.20
2009.07.03 11:02:20.418,0.79891,0.79909,0.89,1.30
2009.07.03 11:02:20.740,0.79894,0.79909,0.92,2.00
2009.07.03 11:02:20.891,0.79901,0.79919,2.80,1.20
2009.07.03 11:02:26.318,0.79906,0.79923,1.50,0.60
2009.07.03 11:02:36.025,0.79894,0.799,0.94,3.40
2009.07.03 11:02:36.316,0.79891,0.799,2.40,1.30
2009.07.03 11:02:36.374,0.79887,0.799,1.30,2.50
2009.07.03 11:02:36.659,0.79898,0.799,2.10,0.64
2009.07.03 11:02:36.794,0.79906,0.79913,1.30,1.20
2009.07.03 11:02:36.865,0.79901,0.79919,2.90,2.00
2009.07.03 11:02:40.116,0.79887,0.79903,0.88,2.60
2009.07.03 11:02:41.184,0.79886,0.79903,1.10,1.40
2009.07.03 11:02:41.395,0.79884,0.79898,1.70,2.30
2009.07.03 11:02:41.488,0.79882,0.79898,1.70,1.00
2009.07.03 11:02:41.617,0.79886,0.79902,1.20,2.10
2009.07.03 11:02:41.938,0.79882,0.79898,2.40,1.90
2009.07.03 11:02:42.129,0.79886,0.79902,3.10,2.00
2009.07.03 11:02:42.544,0.79882,0.79898,2.20,0.67
2009.07.03 11:02:42.973,0.79886,0.79896,1.00,2.40
2009.07.03 11:02:43.555,0.79881,0.79895,0.93,0.79
2009.07.03 11:02:44.289,0.79877,0.79892,1.20,0.89
2009.07.03 11:02:44.540,0.79886,0.79902,2.00,1.10
2009.07.03 11:02:45.609,0.79881,0.79898,0.93,1.20
2009.07.03 11:03:13.292,0.79884,0.79898,0.80,2.50
2009.07.03 11:03:13.604,0.79886,0.79898,1.30,1.20
2009.07.03 11:03:13.916,0.79881,0.79898,3.40,1.00
2009.07.03 11:03:42.238,0.79887,0.79898,2.20,1.30
2009.07.03 11:03:43.007,0.7989,0.79903,0.79,1.80
2009.07.03 11:03:43.902,0.79891,0.79905,1.20,1.70
2009.07.03 11:03:46.434,0.79896,0.79908,2.70,3.40
2009.07.03 11:03:46.561,0.79892,0.79918,2.80,1.40
2009.07.03 11:03:47.387,0.79893,0.79918,0.68,3.20
2009.07.03 11:03:59.633,0.79901,0.79919,1.40,1.70
2009.07.03 11:04:05.963,0.79906,0.79923,1.40,0.85
2009.07.03 11:04:08.257,0.79911,0.79928,0.72,1.00
2009.07.03 11:04:22.098,0.79906,0.79924,1.90,0.69
2009.07.03 11:04:48.598,0.79911,0.79929,1.40,1.20
2009.07.03 11:04:54.592,0.79912,0.79938,1.30,2.00
2009.07.03 11:04:55.374,0.79911,0.79929,1.50,1.10
2009.07.03 11:05:02.874,0.79921,0.79937,2.20,2.30
2009.07.03 11:05:03.220,0.79912,0.79937,0.84,1.90
2009.07.03 11:05:11.652,0.79911,0.79929,1.50,1.30
2009.07.03 11:05:13.971,0.79912,0.79936,3.30,2.50
2009.07.03 11:05:14.121,0.79908,0.79924,0.80,1.60
2009.07.03 11:05:14.424,0.79911,0.79929,1.40,1.60
2009.07.03 11:05:14.860,0.79906,0.79924,2.30,0.43
2009.07.03 11:05:15.490,0.79911,0.79926,2.10,1.20
2009.07.03 11:05:16.246,0.79906,0.79924,1.30,0.91
2009.07.03 11:06:07.354,0.79901,0.79919,1.50,1.50
2009.07.03 11:06:12.059,0.79896,0.79912,3.20,1.10
2009.07.03 11:06:12.154,0.79894,0.79898,0.60,0.75
2009.07.03 11:06:12.272,0.79892,0.79898,2.70,0.81
2009.07.03 11:06:12.418,0.79882,0.79898,1.70,1.00
2009.07.03 11:06:12.592,0.79884,0.79899,1.20,0.60
2009.07.03 11:06:12.631,0.79891,0.79907,1.80,2.40
2009.07.03 11:06:12.813,0.79896,0.7991,2.30,0.81
2009.07.03 11:06:12.935,0.79891,0.79909,1.00,1.10
2009.07.03 11:06:13.847,0.79891,0.79909,0.97,2.80
2009.07.03 11:06:14.133,0.79896,0.79914,1.00,0.70
2009.07.03 11:06:14.934,0.79881,0.79899,2.70,0.86
2009.07.03 11:06:15.220,0.79893,0.79899,1.00,1.40
2009.07.03 11:06:15.387,0.79896,0.79911,0.79,1.60
2009.07.03 11:06:15.764,0.79901,0.79917,2.10,1.80
2009.07.03 11:06:16.297,0.79906,0.79924,0.76,0.77
2009.07.03 11:06:16.729,0.79901,0.79919,0.98,1.30
2009.07.03 11:06:17.328,0.79906,0.79922,0.65,1.10
2009.07.03 11:06:17.483,0.79901,0.79919,1.10,0.57
2009.07.03 11:06:17.955,0.79902,0.79919,2.00,1.20
2009.07.03 11:06:18.163,0.79904,0.79919,2.10,1.80
2009.07.03 11:06:18.330,0.79911,0.79926,0.60,1.10
2009.07.03 11:06:18.598,0.79906,0.79924,0.72,1.30
2009.07.03 11:06:18.901,0.79911,0.79926,1.80,3.30
2009.07.03 11:06:52.189,0.79916,0.7993,0.71,0.88
2009.07.03 11:06:52.533,0.79911,0.79929,1.20,1.40
2009.07.03 11:06:56.686,0.79906,0.79919,1.10,1.80
2009.07.03 11:07:03.323,0.79911,0.79922,0.95,0.91
2009.07.03 11:07:04.158,0.79916,0.79931,1.50,1.70
2009.07.03 11:07:14.834,0.79911,0.79929,1.70,3.60
2009.07.03 11:07:23.258,0.79906,0.79922,0.68,0.77
2009.07.03 11:07:23.657,0.79911,0.79927,2.10,3.90
2009.07.03 11:07:23.849,0.79906,0.79922,1.90,3.40
2009.07.03 11:07:24.287,0.79911,0.79927,2.40,1.90
2009.07.03 11:07:30.197,0.79906,0.79922,1.50,1.80
2009.07.03 11:07:41.413,0.79911,0.79929,0.61,1.70
2009.07.03 11:07:41.971,0.79906,0.79924,0.89,0.97
2009.07.03 11:07:48.250,0.79916,0.79932,0.89,1.60
2009.07.03 11:07:48.474,0.79907,0.79924,1.60,1.80
2009.07.03 11:07:48.907,0.79906,0.79924,1.00,0.58
2009.07.03 11:07:51.125,0.79916,0.79932,1.20,2.20
2009.07.03 11:07:51.363,0.79907,0.79919,1.80,1.00
2009.07.03 11:07:51.428,0.79902,0.79919,1.90,1.60
2009.07.03 11:07:51.786,0.79901,0.79919,2.70,1.80
2009.07.03 11:07:51.954,0.79906,0.79921,1.80,1.30
2009.07.03 11:08:20.106,0.79901,0.79919,1.10,1.60
2009.07.03 11:08:20.358,0.79904,0.79919,1.60,0.97
2009.07.03 11:08:20.546,0.79906,0.79924,1.20,1.60
2009.07.03 11:08:20.611,0.79896,0.79914,1.20,2.20
2009.07.03 11:08:20.894,0.79901,0.79919,1.20,0.75
2009.07.03 11:08:54.520,0.79896,0.79914,0.69,0.89
2009.07.03 11:09:06.050,0.79889,0.79904,1.30,0.94
2009.07.03 11:09:06.574,0.79886,0.79904,0.73,1.40
2009.07.03 11:09:08.460,0.79891,0.79909,0.66,2.00
2009.07.03 11:09:09.309,0.79894,0.79909,1.40,2.80
2009.07.03 11:09:09.472,0.79896,0.79914,2.10,0.66
2009.07.03 11:09:09.829,0.79891,0.79909,0.98,1.30
2009.07.03 11:09:41.514,0.79886,0.79904,1.70,1.90
2009.07.03 11:09:44.292,0.79891,0.79906,1.60,0.67
2009.07.03 11:09:44.609,0.79894,0.79909,1.10,0.86
2009.07.03 11:09:44.707,0.79896,0.79914,1.80,1.80
2009.07.03 11:09:45.152,0.79891,0.79909,2.00,1.60
2009.07.03 11:09:57.127,0.79894,0.79909,1.40,0.70
2009.07.03 11:09:57.399,0.79896,0.79914,1.00,1.80
2009.07.03 11:09:57.565,0.79887,0.79904,0.83,3.50
2009.07.03 11:09:57.821,0.79886,0.79904,3.40,1.50
2009.07.03 11:09:58.120,0.79894,0.79904,0.82,1.10
2009.07.03 11:09:58.560,0.79896,0.79913,0.91,1.80
2009.07.03 11:09:58.729,0.79891,0.79909,1.90,2.50
2009.07.03 11:10:08.340,0.79896,0.79914,0.64,0.52
2009.07.03 11:10:16.923,0.79886,0.79904,1.10,1.00
2009.07.03 11:10:44.081,0.79891,0.79909,0.78,1.30
2009.07.03 11:10:46.299,0.79896,0.79914,2.30,1.30
2009.07.03 11:10:47.395,0.79886,0.79904,1.50,0.50
2009.07.03 11:11:00.531,0.79891,0.79909,0.77,1.80
2009.07.03 11:11:01.874,0.79896,0.79914,3.00,1.40
2009.07.03 11:11:12.372,0.79891,0.79909,2.00,0.98
2009.07.03 11:11:13.466,0.79887,0.79904,1.10,1.30
2009.07.03 11:11:13.797,0.79886,0.79904,1.40,0.99
2009.07.03 11:11:25.550,0.79881,0.79899,1.60,1.40
2009.07.03 11:11:33.676,0.79876,0.79894,1.80,0.93
2009.07.03 11:11:38.714,0.79881,0.79899,1.90,2.20
2009.07.03 11:11:42.583,0.79876,0.79894,1.30,1.60
2009.07.03 11:12:24.617,0.79881,0.79899,0.78,3.30
2009.07.03 11:13:08.422,0.79877,0.79894,0.92,1.60
2009.07.03 11:13:08.945,0.79876,0.79894,1.40,1.80
2009.07.03 11:13:09.071,0.79881,0.79899,2.30,2.20
2009.07.03 11:13:11.273,0.79878,0.79894,1.10,2.30
2009.07.03 11:13:13.466,0.79881,0.79899,1.30,0.88
2009.07.03 11:13:15.162,0.79882,0.79899,0.72,2.30
2009.07.03 11:13:15.859,0.79886,0.79904,2.10,3.40
2009.07.03 11:13:16.736,0.79891,0.79909,0.54,1.90
2009.07.03 11:13:17.438,0.79882,0.79899,1.40,1.00
2009.07.03 11:13:17.836,0.79881,0.79899,2.70,0.83
2009.07.03 11:13:18.145,0.79876,0.79894,2.70,1.60
2009.07.03 11:13:18.629,0.7988,0.79894,2.10,0.68
2009.07.03 11:13:18.728,0.79881,0.79899,2.50,1.80
2009.07.03 11:13:40.496,0.79876,0.79894,1.20,3.20
2009.07.03 11:14:50.415,0.79881,0.79899,1.80,1.10
2009.07.03 11:14:50.913,0.79886,0.79904,2.50,2.20
2009.07.03 11:14:53.271,0.79877,0.79894,1.20,2.40
2009.07.03 11:14:53.652,0.79876,0.79894,1.70,2.50
2009.07.03 11:14:54.045,0.79879,0.79894,2.80,1.20
2009.07.03 11:14:54.463,0.79881,0.79899,0.91,0.85
2009.07.03 11:14:54.768,0.79886,0.79904,1.00,1.20
2009.07.03 11:14:58.718,0.79891,0.79909,0.94,0.86
2009.07.03 11:15:10.075,0.79886,0.79904,1.90,0.82
2009.07.03 11:15:11.594,0.79891,0.79905,0.79,1.30
2009.07.03 11:15:21.130,0.79896,0.79914,1.60,0.66
2009.07.03 11:15:22.076,0.79891,0.79909,1.50,1.60
2009.07.03 11:15:46.762,0.79886,0.79904,2.00,1.20
2009.07.03 11:16:06.980,0.79881,0.79899,1.70,1.70
2009.07.03 11:16:37.230,0.79876,0.79894,0.95,1.90
2009.07.03 11:16:37.724,0.79881,0.79899,0.79,0.54
2009.07.03 11:16:38.157,0.79876,0.79894,2.80,1.10
2009.07.03 11:16:38.987,0.79881,0.79899,1.30,0.64
2009.07.03 11:16:39.379,0.79876,0.79894,2.10,0.71
2009.07.03 11:16:40.767,0.79881,0.79895,1.10,1.80
2009.07.03 11:17:13.380,0.79886,0.79904,0.51,2.10
2009.07.03 11:17:14.096,0.79877,0.79894,2.90,1.70
2009.07.03 11:17:14.362,0.79876,0.79894,1.10,0.97
2009.07.03 11:17:14.874,0.79881,0.79899,1.70,1.40
2009.07.03 11:17:15.243,0.79876,0.79894,1.00,1.90
2009.07.03 11:17:15.949,0.79881,0.79899,1.60,1.80
2009.07.03 11:17:28.484,0.79886,0.79904,2.70,1.70
2009.07.03 11:17:28.602,0.79881,0.79899,1.60,2.90
2009.07.03 11:17:29.030,0.79886,0.79904,1.40,1.40
2009.07.03 11:17:29.505,0.79881,0.79899,3.70,1.30
2009.07.03 11:17:30.422,0.79886,0.79904,0.66,0.92
2009.07.03 11:17:38.296,0.79887,0.79904,2.40,3.40
2009.07.03 11:17:38.521,0.79896,0.79912,2.80,0.63
2009.07.03 11:17:38.705,0.79891,0.79909,0.72,1.50
2009.07.03 11:17:39.702,0.79886,0.79904,1.60,1.20
2009.07.03 11:17:40.480,0.79891,0.79905,1.50,2.60
2009.07.03 11:17:40.944,0.79886,0.799,2.40,0.85
2009.07.03 11:17:41.271,0.79891,0.79905,0.65,2.40
2009.07.03 11:17:41.514,0.79886,0.799,0.96,2.60
2009.07.03 11:17:42.349,0.79891,0.79905,1.20,2.60
2009.07.03 11:17:44.276,0.79886,0.79904,1.30,0.50
2009.07.03 11:17:45.105,0.79888,0.79904,2.80,0.87
2009.07.03 11:17:45.460,0.79896,0.79912,2.50,1.80
2009.07.03 11:17:45.621,0.79891,0.79909,2.90,1.10
2009.07.03 11:17:45.787,0.79886,0.79904,2.60,2.30
2009.07.03 11:17:46.031,0.79888,0.79904,0.58,1.00
2009.07.03 11:17:46.250,0.7989,0.79904,0.94,1.40
2009.07.03 11:17:46.376,0.79901,0.79913,1.60,0.69
2009.07.03 11:17:46.555,0.79896,0.7991,1.40,1.70
2009.07.03 11:17:46.698,0.79901,0.7991,1.10,1.50
2009.07.03 11:17:46.972,0.79896,0.79914,1.40,2.30
2009.07.03 11:17:48.247,0.79901,0.79919,2.10,2.10
2009.07.03 11:17:48.565,0.79893,0.79909,1.50,3.60
2009.07.03 11:17:48.913,0.79891,0.79909,5.00,0.99
2009.07.03 11:17:49.486,0.79889,0.79904,1.80,3.20
2009.07.03 11:17:49.814,0.79887,0.79904,2.20,0.97
2009.07.03 11:17:51.274,0.79891,0.79909,0.94,1.30
2009.07.03 11:17:51.784,0.79896,0.79914,1.30,4.10
2009.07.03 11:18:03.306,0.79901,0.79919,1.20,0.84
2009.07.03 11:18:26.412,0.79891,0.79909,1.00,2.10
2009.07.03 11:18:29.912,0.79886,0.79904,0.73,2.10
2009.07.03 11:19:02.829,0.79891,0.79909,1.80,3.20
2009.07.03 11:19:03.910,0.79886,0.79904,0.66,2.90
2009.07.03 11:19:17.821,0.79891,0.79909,1.50,0.81
2009.07.03 11:19:18.298,0.79886,0.79904,1.90,2.40
2009.07.03 11:19:30.730,0.79881,0.79899,1.50,1.30
2009.07.03 11:19:31.895,0.79876,0.79894,0.82,1.80
2009.07.03 11:19:32.104,0.79871,0.79889,1.10,0.82
2009.07.03 11:19:33.021,0.79866,0.79884,0.60,0.62
2009.07.03 11:19:35.281,0.79871,0.79889,0.94,1.50
2009.07.03 11:19:35.448,0.79876,0.79894,1.60,1.30
2009.07.03 11:19:35.717,0.79871,0.79889,2.00,2.10
2009.07.03 11:19:36.785,0.79876,0.79894,0.56,1.90
2009.07.03 11:20:33.171,0.79866,0.79884,1.30,0.64
2009.07.03 11:20:42.242,0.79871,0.79889,0.90,0.98
2009.07.03 11:20:42.778,0.79866,0.79884,1.40,1.70
2009.07.03 11:20:43.144,0.79871,0.79889,0.42,0.94
2009.07.03 11:20:43.530,0.79876,0.79894,0.81,1.10
2009.07.03 11:20:43.718,0.79871,0.79889,1.30,0.90
2009.07.03 11:20:51.160,0.79876,0.79894,1.10,1.60
2009.07.03 11:20:52.099,0.79871,0.79889,0.82,1.30
2009.07.03 11:20:52.830,0.79876,0.79894,1.60,3.40
2009.07.03 11:20:56.836,0.79871,0.79889,1.10,0.74
2009.07.03 11:21:02.568,0.79876,0.79894,1.10,0.54
2009.07.03 11:21:07.353,0.79868,0.79884,1.30,1.00
2009.07.03 11:21:07.551,0.79866,0.79884,1.60,1.60
2009.07.03 11:21:10.109,0.79871,0.79887,1.40,1.00
2009.07.03 11:21:10.391,0.79866,0.79884,1.70,1.60
2009.07.03 11:21:10.541,0.79871,0.79889,1.60,2.00
2009.07.03 11:21:10.807,0.79876,0.79894,1.10,2.50
2009.07.03 11:21:11.401,0.79871,0.79889,1.00,1.00
2009.07.03 11:21:12.812,0.79876,0.79894,1.40,2.00
2009.07.03 11:21:13.493,0.79871,0.79889,1.90,2.00
2009.07.03 11:21:14.209,0.79876,0.79894,3.20,1.50
2009.07.03 11:21:41.127,0.79871,0.79889,1.70,1.30
2009.07.03 11:21:41.700,0.79876,0.79894,1.40,0.86
2009.07.03 11:21:42.085,0.79881,0.79898,2.60,0.68
2009.07.03 11:21:42.303,0.79876,0.79894,1.30,1.40
2009.07.03 11:21:42.738,0.79871,0.79889,1.20,0.57
2009.07.03 11:21:42.956,0.79876,0.79894,1.50,1.40
2009.07.03 11:21:43.206,0.79881,0.79899,3.20,2.00
2009.07.03 11:21:43.406,0.79876,0.79894,0.80,1.10
2009.07.03 11:21:43.613,0.79872,0.79889,1.20,1.40
2009.07.03 11:21:43.987,0.79871,0.79889,1.00,0.96
2009.07.03 11:21:44.329,0.79876,0.79894,1.50,0.76
2009.07.03 11:21:44.519,0.79881,0.79899,1.90,3.40
2009.07.03 11:21:44.989,0.79876,0.79894,2.50,3.70
2009.07.03 11:22:02.236,0.79881,0.79899,1.30,1.50
2009.07.03 11:22:02.617,0.79876,0.79894,2.20,1.00
2009.07.03 11:22:07.487,0.79871,0.79889,1.30,0.87
2009.07.03 11:22:07.539,0.79876,0.79894,2.70,1.50
2009.07.03 11:22:13.244,0.79871,0.79889,1.60,1.40
2009.07.03 11:22:17.654,0.79876,0.79894,1.50,1.40
2009.07.03 11:22:18.166,0.79867,0.79884,1.50,2.40
2009.07.03 11:22:18.616,0.79866,0.79884,1.00,1.00
2009.07.03 11:22:19.262,0.79869,0.79884,1.90,0.77
2009.07.03 11:22:19.740,0.79876,0.79892,0.94,1.70
2009.07.03 11:22:20.372,0.79871,0.79889,1.30,0.68
2009.07.03 11:22:20.519,0.79866,0.79884,2.50,0.88
2009.07.03 11:22:22.477,0.79859,0.79874,2.20,0.72
2009.07.03 11:22:22.762,0.79856,0.79874,0.76,1.40
2009.07.03 11:22:28.255,0.79847,0.79864,1.70,2.50
2009.07.03 11:22:28.617,0.79846,0.79864,1.00,1.20
2009.07.03 11:22:28.838,0.79837,0.79849,0.41,2.20
2009.07.03 11:22:29.144,0.79832,0.79849,0.49,2.70
2009.07.03 11:22:29.553,0.79836,0.79854,3.00,4.00
2009.07.03 11:22:29.741,0.79841,0.79859,1.80,1.30
2009.07.03 11:22:30.040,0.79837,0.79854,1.60,0.84
2009.07.03 11:22:30.548,0.79841,0.79859,2.80,1.60
2009.07.03 11:22:30.979,0.79832,0.79849,2.00,0.94
2009.07.03 11:22:31.176,0.79836,0.79854,1.40,1.90
2009.07.03 11:22:34.173,0.79832,0.79849,2.00,2.50
2009.07.03 11:22:34.396,0.79831,0.79849,1.40,2.30
2009.07.03 11:22:34.523,0.79827,0.79844,0.92,2.30
2009.07.03 11:22:34.621,0.79829,0.79844,2.20,2.60
2009.07.03 11:22:34.928,0.79836,0.79853,1.70,1.60
2009.07.03 11:22:36.441,0.79841,0.79859,1.80,1.50
2009.07.03 11:22:37.124,0.79836,0.79854,2.30,1.20
2009.07.03 11:22:37.369,0.79841,0.79859,0.99,3.50
2009.07.03 11:22:37.921,0.79842,0.79868,2.70,0.85
2009.07.03 11:22:38.124,0.79833,0.79849,2.90,1.30
2009.07.03 11:22:38.564,0.79832,0.79849,3.20,2.20
2009.07.03 11:22:42.083,0.79836,0.79854,2.40,0.58
2009.07.03 11:22:47.302,0.79827,0.79844,1.10,0.91
2009.07.03 11:22:47.648,0.79829,0.79844,0.91,1.80
2009.07.03 11:22:47.939,0.79836,0.79853,1.50,1.60
2009.07.03 11:22:48.884,0.79831,0.79849,0.99,3.20
2009.07.03 11:22:57.206,0.79826,0.79844,0.78,1.00
2009.07.03 11:22:58.171,0.79831,0.79849,2.30,2.70
2009.07.03 11:23:03.438,0.79826,0.79844,1.90,1.40
2009.07.03 11:23:09.430,0.79831,0.79849,1.10,1.10
2009.07.03 11:23:14.363,0.79836,0.79854,0.99,1.90
2009.07.03 11:23:15.173,0.79831,0.79849,1.40,0.42
2009.07.03 11:23:17.821,0.79826,0.79844,0.77,0.57
2009.07.03 11:23:34.101,0.79831,0.79849,1.40,0.91
2009.07.03 11:23:34.941,0.79836,0.79854,1.50,0.80
2009.07.03 11:23:39.458,0.79831,0.79849,1.80,0.73
2009.07.03 11:24:02.803,0.79836,0.79854,1.40,1.50
2009.07.03 11:24:05.375,0.79826,0.79844,1.40,1.10
2009.07.03 11:24:05.905,0.79831,0.79849,1.00,2.10
2009.07.03 11:24:14.882,0.79836,0.79854,0.65,1.10
2009.07.03 11:24:15.127,0.79831,0.79849,1.10,1.20
2009.07.03 11:24:16.553,0.79836,0.79854,1.30,1.30
2009.07.03 11:24:19.679,0.79831,0.79849,1.30,1.80
2009.07.03 11:24:22.491,0.79836,0.79854,2.60,1.10
2009.07.03 11:24:38.345,0.79841,0.79859,1.30,1.40
2009.07.03 11:24:39.185,0.79846,0.79864,0.87,1.90
2009.07.03 11:24:39.875,0.79851,0.79868,1.60,1.30
2009.07.03 11:24:40.058,0.79852,0.79874,1.00,1.10
2009.07.03 11:24:47.435,0.79851,0.79869,1.00,1.50
2009.07.03 11:24:54.308,0.79856,0.79874,0.90,1.10
2009.07.03 11:24:54.531,0.79851,0.79869,1.10,4.50
2009.07.03 11:25:05.257,0.79856,0.79874,1.30,1.30
2009.07.03 11:25:13.839,0.79861,0.79879,2.30,2.90
2009.07.03 11:25:15.458,0.79866,0.79884,1.00,1.40
2009.07.03 11:25:16.676,0.79861,0.79879,2.30,1.70
2009.07.03 11:25:40.489,0.79851,0.79869,2.50,1.50
2009.07.03 11:25:48.050,0.79854,0.79869,3.00,1.10
2009.07.03 11:25:49.293,0.79861,0.79878,0.98,2.10
2009.07.03 11:25:49.500,0.79852,0.79869,0.38,0.61
2009.07.03 11:25:49.884,0.79851,0.79869,3.10,1.90
2009.07.03 11:26:09.373,0.79846,0.79864,1.30,0.84
2009.07.03 11:26:33.395,0.79851,0.79869,2.20,3.10
2009.07.03 11:26:35.076,0.79853,0.79869,1.10,1.50
2009.07.03 11:26:35.964,0.79856,0.79874,1.60,1.10
2009.07.03 11:27:09.067,0.79851,0.79869,2.00,1.30
2009.07.03 11:27:09.317,0.79853,0.79869,1.90,2.20
2009.07.03 11:27:09.748,0.79854,0.79869,1.30,1.80
2009.07.03 11:27:09.811,0.79861,0.79877,1.80,0.72
2009.07.03 11:27:15.416,0.79866,0.79884,1.50,0.65
2009.07.03 11:27:36.024,0.79871,0.79889,1.00,3.70
2009.07.03 11:27:36.688,0.79876,0.79894,1.50,1.50
2009.07.03 11:27:37.100,0.79881,0.79899,2.00,1.20
2009.07.03 11:27:39.932,0.79876,0.79894,3.40,3.00
2009.07.03 11:27:49.361,0.79879,0.79894,0.87,1.60
2009.07.03 11:27:49.532,0.79886,0.79903,1.20,0.68
2009.07.03 11:27:55.390,0.79881,0.79899,2.20,1.80
2009.07.03 11:27:57.672,0.79876,0.79894,2.40,1.70
2009.07.03 11:28:00.081,0.79881,0.79899,1.90,1.10
2009.07.03 11:28:10.383,0.79872,0.79884,0.86,3.70
2009.07.03 11:28:10.570,0.79867,0.79884,0.51,1.80
2009.07.03 11:28:18.284,0.79866,0.79884,1.10,2.00
2009.07.03 11:28:54.091,0.79871,0.79884,2.20,2.20
2009.07.03 11:28:54.343,0.79874,0.79884,0.60,1.90
2009.07.03 11:28:54.896,0.79881,0.79893,1.70,1.10
2009.07.03 11:28:56.885,0.79886,0.79904,2.80,1.70
2009.07.03 11:28:58.544,0.79891,0.79909,1.60,0.87
2009.07.03 11:28:59.085,0.79894,0.79909,1.20,3.80
2009.07.03 11:28:59.425,0.79901,0.79918,2.70,1.40
2009.07.03 11:28:59.507,0.79896,0.79914,4.00,2.40
2009.07.03 11:28:59.947,0.79901,0.79918,0.83,1.50
2009.07.03 11:29:00.436,0.79891,0.79909,0.59,1.60
2009.07.03 11:29:00.618,0.79896,0.79914,0.76,0.97
2009.07.03 11:29:01.128,0.79901,0.79919,0.76,0.75
2009.07.03 11:29:02.433,0.79892,0.79909,0.74,1.90
2009.07.03 11:29:02.692,0.79891,0.79909,2.70,1.80
2009.07.03 11:29:03.937,0.79896,0.79914,0.80,1.00
2009.07.03 11:29:17.172,0.79887,0.79908,1.10,1.00
2009.07.03 11:29:17.743,0.79882,0.79908,1.70,3.70
2009.07.03 11:29:18.097,0.79881,0.79908,1.70,1.20
2009.07.03 11:29:18.364,0.79876,0.79898,1.30,2.20
2009.07.03 11:29:18.765,0.79891,0.79903,2.10,0.93
2009.07.03 11:29:19.728,0.79882,0.79906,1.40,1.90
2009.07.03 11:29:20.076,0.79878,0.79904,1.70,0.85
2009.07.03 11:29:20.270,0.79874,0.79904,1.30,3.30
2009.07.03 11:29:20.562,0.79878,0.79904,1.00,0.66
2009.07.03 11:29:20.751,0.79891,0.79908,3.30,1.10
2009.07.03 11:29:20.991,0.79882,0.79908,1.40,1.30
2009.07.03 11:29:21.206,0.79866,0.79893,2.40,1.90
2009.07.03 11:29:21.984,0.79862,0.79893,1.40,2.10
2009.07.03 11:29:25.386,0.79859,0.79892,1.50,0.82
2009.07.03 11:29:29.706,0.79862,0.79888,2.70,2.00
2009.07.03 11:29:30.185,0.79864,0.79892,3.60,1.70
2009.07.03 11:29:30.518,0.79868,0.79894,2.20,1.10
2009.07.03 11:29:30.698,0.79872,0.79898,3.20,1.50
2009.07.03 11:29:33.113,0.79869,0.79898,0.83,0.91
2009.07.03 11:29:33.428,0.79865,0.79898,2.10,0.90
2009.07.03 11:29:33.753,0.79862,0.79895,1.30,1.00
2009.07.03 11:29:42.326,0.79865,0.79892,2.90,1.10
2009.07.03 11:29:43.448,0.79868,0.79895,1.80,0.91
2009.07.03 11:29:48.129,0.79871,0.79898,2.10,1.90
2009.07.03 11:29:48.497,0.79872,0.79898,2.60,1.40
2009.07.03 11:29:48.790,0.79881,0.79899,0.89,0.93
2009.07.03 11:29:49.810,0.79876,0.79894,1.70,0.98
2009.07.03 11:29:51.414,0.79881,0.79899,3.00,2.10
2009.07.03 11:29:51.776,0.79882,0.79903,1.30,1.10
2009.07.03 11:29:53.261,0.79881,0.79899,1.20,0.90
2009.07.03 11:29:54.811,0.79882,0.79908,1.00,1.20
2009.07.03 11:29:55.490,0.79881,0.79899,2.60,1.10
2009.07.03 11:29:55.882,0.79882,0.79907,1.10,3.30
2009.07.03 11:29:58.160,0.79891,0.79909,1.90,1.60
2009.07.03 11:30:05.623,0.79886,0.79904,0.76,3.90
2009.07.03 11:30:13.038,0.79891,0.79909,0.64,1.40
2009.07.03 11:30:17.098,0.79886,0.79904,0.72,2.20
2009.07.03 11:30:17.845,0.79891,0.79909,0.96,1.40
2009.07.03 11:30:46.193,0.79894,0.79909,0.95,1.80
2009.07.03 11:30:46.597,0.79901,0.79917,1.20,1.10
2009.07.03 11:30:47.603,0.79896,0.79914,0.96,1.80
2009.07.03 11:30:48.800,0.79901,0.79919,1.70,3.10
2009.07.03 11:30:49.063,0.79906,0.79924,1.90,0.67
2009.07.03 11:31:09.023,0.79911,0.79929,1.30,1.90
2009.07.03 11:31:10.000,0.79906,0.79924,2.70,4.10
2009.07.03 11:31:10.285,0.79911,0.79929,1.80,3.20
2009.07.03 11:31:10.619,0.79916,0.79934,2.10,2.30
2009.07.03 11:31:10.801,0.79911,0.79929,0.91,1.80
2009.07.03 11:31:11.197,0.79916,0.79934,1.10,1.90
2009.07.03 11:31:11.473,0.79911,0.79929,1.50,0.77
2009.07.03 11:31:11.805,0.79916,0.79934,1.40,1.70
2009.07.03 11:31:24.489,0.79911,0.79929,1.90,1.10
2009.07.03 11:31:24.609,0.79903,0.79928,1.40,1.20
2009.07.03 11:31:25.113,0.79902,0.79928,1.50,1.50
2009.07.03 11:31:25.389,0.79898,0.79928,2.30,1.10
2009.07.03 11:31:25.942,0.79894,0.79928,2.10,1.30
2009.07.03 11:31:27.109,0.79902,0.79924,1.20,4.40
2009.07.03 11:31:27.831,0.79897,0.79924,1.00,2.30
2009.07.03 11:31:28.234,0.79894,0.79924,1.70,1.90
2009.07.03 11:31:39.484,0.79892,0.79924,2.90,2.20
2009.07.03 11:31:56.288,0.79901,0.79919,1.20,1.40
2009.07.03 11:31:59.277,0.79902,0.79924,1.90,1.70
2009.07.03 11:32:03.198,0.79896,0.79926,2.30,0.68
2009.07.03 11:32:03.361,0.79894,0.79925,1.80,0.84
2009.07.03 11:32:03.482,0.79892,0.79924,1.20,1.50
2009.07.03 11:32:03.605,0.79889,0.79908,1.40,0.54
2009.07.03 11:32:03.976,0.79886,0.79908,1.50,0.94
2009.07.03 11:32:04.128,0.79882,0.79908,2.50,0.47
2009.07.03 11:32:04.510,0.79877,0.79907,1.00,2.10
2009.07.03 11:32:05.244,0.79879,0.79907,1.70,1.60
2009.07.03 11:32:05.490,0.79877,0.79909,1.50,1.10
2009.07.03 11:32:05.680,0.79872,0.79898,1.70,0.75
2009.07.03 11:32:21.517,0.79862,0.79898,2.30,1.30
2009.07.03 11:32:23.135,0.79861,0.79879,1.30,1.90
2009.07.03 11:32:23.604,0.79857,0.79874,1.00,3.20
2009.07.03 11:32:28.124,0.79856,0.79861,0.87,1.10
2009.07.03 11:32:28.328,0.79837,0.79854,0.84,1.10
2009.07.03 11:32:28.703,0.79844,0.79854,1.30,3.30
2009.07.03 11:32:28.794,0.79851,0.79863,0.73,1.50
2009.07.03 11:32:29.147,0.79856,0.79874,1.50,1.70
2009.07.03 11:32:33.343,0.79837,0.79854,2.20,1.50
2009.07.03 11:32:33.507,0.79836,0.79854,1.00,0.77
2009.07.03 11:32:38.494,0.79831,0.79849,1.10,0.68
2009.07.03 11:32:40.354,0.79836,0.79854,2.10,1.20
2009.07.03 11:32:41.021,0.79831,0.79849,1.10,2.10
2009.07.03 11:32:57.329,0.79816,0.79834,3.20,3.00
2009.07.03 11:32:57.590,0.7982,0.79834,2.10,0.86
2009.07.03 11:32:57.759,0.79826,0.79838,1.20,1.60
2009.07.03 11:32:58.644,0.79831,0.79848,1.70,0.55
2009.07.03 11:33:06.113,0.79826,0.79834,1.10,0.76
2009.07.03 11:33:06.519,0.79822,0.79834,1.40,1.00
2009.07.03 11:33:06.721,0.79817,0.79834,0.99,0.76
2009.07.03 11:33:07.098,0.79818,0.79834,1.10,3.00
2009.07.03 11:33:07.161,0.79832,0.79847,2.10,4.80
2009.07.03 11:33:07.366,0.79842,0.79849,1.90,1.40
2009.07.03 11:33:07.375,0.79855,0.79859,1.90,1.70
2009.07.03 11:33:07.554,0.79866,0.79864,1.40,1.30
2009.07.03 11:33:07.637,0.79867,0.79869,0.79,1.10
2009.07.03 11:33:07.814,0.7987,0.79869,2.20,3.00
2009.07.03 11:33:07.911,0.79869,0.79869,2.00,0.82
2009.07.03 11:33:08.127,0.79872,0.79898,2.70,0.96
2009.07.03 11:33:08.457,0.79882,0.79889,1.10,2.70
2009.07.03 11:33:08.814,0.79875,0.79893,0.78,2.90
2009.07.03 11:33:09.026,0.79878,0.79903,1.20,0.85
2009.07.03 11:33:09.313,0.79879,0.79908,1.70,1.50
2009.07.03 11:33:09.440,0.79882,0.79908,0.96,1.60
2009.07.03 11:33:09.771,0.79883,0.79908,2.30,1.10
2009.07.03 11:33:09.972,0.79887,0.79913,1.50,0.73
2009.07.03 11:33:16.243,0.79881,0.79911,1.00,1.30
2009.07.03 11:33:16.304,0.79882,0.79911,1.70,0.92
2009.07.03 11:33:16.665,0.79887,0.79911,1.10,1.80
2009.07.03 11:33:16.785,0.79892,0.79916,2.10,0.73
2009.07.03 11:33:17.281,0.79902,0.7992,0.89,1.10
2009.07.03 11:33:17.583,0.79897,0.79918,1.30,1.50
2009.07.03 11:33:17.884,0.79892,0.79918,3.30,1.40
2009.07.03 11:33:19.244,0.79882,0.79899,3.00,1.30
2009.07.03 11:33:19.638,0.79881,0.79899,1.80,2.70
2009.07.03 11:33:19.939,0.79876,0.79894,1.50,1.60
2009.07.03 11:33:20.109,0.79871,0.79889,1.10,1.30
2009.07.03 11:33:20.582,0.79862,0.79888,2.40,0.66
2009.07.03 11:33:25.427,0.79857,0.79874,2.10,3.00
2009.07.03 11:33:26.120,0.79856,0.79874,2.20,3.10
2009.07.03 11:33:26.446,0.79849,0.79867,1.10,1.10
2009.07.03 11:33:26.606,0.79847,0.79867,1.00,1.80
2009.07.03 11:33:26.785,0.79837,0.79863,0.97,2.20
2009.07.03 11:33:45.141,0.79848,0.79867,1.90,2.00
2009.07.03 11:33:45.503,0.79854,0.79868,1.80,1.90
2009.07.03 11:33:45.775,0.79861,0.79878,4.70,2.00
2009.07.03 11:33:49.036,0.79832,0.79849,0.75,0.79
2009.07.03 11:33:49.355,0.79831,0.79849,0.97,2.50
2009.07.03 11:33:49.828,0.79826,0.79844,2.30,1.90
2009.07.03 11:34:24.436,0.79821,0.79839,0.82,1.80
2009.07.03 11:34:24.660,0.79826,0.79844,0.82,0.53
2009.07.03 11:34:32.048,0.79821,0.79839,0.96,1.30
2009.07.03 11:34:37.900,0.79826,0.79842,1.40,1.80
2009.07.03 11:34:42.179,0.79831,0.79849,0.89,1.50
2009.07.03 11:34:51.113,0.79843,0.79849,0.77,1.00
2009.07.03 11:34:51.257,0.79848,0.79849,1.30,1.20
2009.07.03 11:34:51.511,0.79856,0.79858,1.30,2.60
2009.07.03 11:34:51.661,0.79847,0.79868,1.80,2.40
2009.07.03 11:34:51.933,0.79843,0.79868,0.70,2.10
2009.07.03 11:34:52.217,0.79842,0.79868,1.20,1.70
2009.07.03 11:34:57.250,0.79849,0.79868,0.51,0.62
2009.07.03 11:34:58.128,0.79853,0.79879,1.50,1.80
2009.07.03 11:34:58.245,0.79857,0.79883,2.60,1.50
2009.07.03 11:34:58.474,0.79832,0.79849,1.20,1.10
2009.07.03 11:34:58.639,0.79853,0.79849,1.30,2.50
2009.07.03 11:34:58.980,0.79861,0.79878,0.78,1.20
2009.07.03 11:34:59.062,0.79867,0.79891,1.90,1.70
2009.07.03 11:34:59.405,0.7987,0.79891,1.10,2.00
2009.07.03 11:34:59.668,0.79872,0.79898,1.40,0.79
2009.07.03 11:34:59.997,0.79874,0.79898,2.70,1.10
2009.07.03 11:35:00.171,0.79872,0.79898,1.40,0.80
2009.07.03 11:35:00.457,0.79869,0.79898,1.90,1.80
2009.07.03 11:35:00.962,0.79872,0.79898,1.90,1.30
2009.07.03 11:35:02.118,0.79869,0.79898,1.30,1.60
2009.07.03 11:35:02.246,0.79866,0.79898,1.30,0.81
2009.07.03 11:35:02.491,0.79871,0.79889,1.90,2.10
2009.07.03 11:35:02.643,0.79866,0.79896,0.57,2.00
2009.07.03 11:35:02.712,0.79863,0.79896,1.30,1.50
2009.07.03 11:35:02.961,0.79866,0.79884,2.20,1.30
2009.07.03 11:35:03.189,0.79876,0.79884,2.10,1.50
2009.07.03 11:35:03.401,0.79872,0.79898,1.30,1.90
2009.07.03 11:35:03.808,0.79871,0.79889,1.30,0.64
2009.07.03 11:35:04.454,0.79862,0.79879,1.80,0.53
2009.07.03 11:35:07.278,0.79861,0.79879,2.90,1.50
2009.07.03 11:35:07.717,0.79856,0.79874,0.72,2.00
2009.07.03 11:35:10.127,0.79847,0.79864,3.50,0.63
2009.07.03 11:35:10.390,0.79846,0.79864,2.10,1.30
2009.07.03 11:35:10.514,0.79837,0.79854,3.20,1.80
2009.07.03 11:35:10.993,0.79836,0.79854,2.00,2.30
2009.07.03 11:36:04.037,0.79838,0.79854,1.00,1.20
2009.07.03 11:36:04.662,0.79842,0.79863,2.20,0.98
2009.07.03 11:36:27.444,0.79837,0.79854,1.60,2.90
2009.07.03 11:36:29.507,0.79846,0.79863,2.00,1.00
2009.07.03 11:36:32.362,0.79839,0.79854,1.60,0.75
2009.07.03 11:36:32.987,0.79836,0.79854,1.00,2.40
2009.07.03 11:37:28.352,0.79807,0.79824,1.80,2.20
2009.07.03 11:37:28.932,0.79816,0.79833,0.53,0.80
2009.07.03 11:37:29.432,0.7982,0.79834,1.70,1.50
2009.07.03 11:37:29.939,0.79822,0.79843,1.20,0.78
2009.07.03 11:37:37.549,0.79812,0.79829,2.50,2.20
2009.07.03 11:37:41.296,0.79811,0.79829,0.57,2.20
2009.07.03 11:37:41.896,0.79807,0.79824,1.00,1.10
2009.07.03 11:37:47.084,0.79811,0.79824,0.73,2.80
2009.07.03 11:37:58.434,0.79819,0.79829,1.70,1.30
2009.07.03 11:37:58.635,0.79832,0.79829,1.10,2.30
2009.07.03 11:37:59.385,0.79835,0.79854,4.70,1.20
2009.07.03 11:37:59.922,0.79837,0.79854,0.75,1.00
2009.07.03 11:38:00.132,0.79842,0.79858,1.50,1.30
2009.07.03 11:38:04.245,0.79826,0.79844,1.50,1.60
2009.07.03 11:38:05.531,0.79821,0.79839,1.80,1.80
2009.07.03 11:38:07.173,0.79826,0.79844,3.10,2.20
2009.07.03 11:38:10.924,0.79821,0.79839,0.87,0.97
2009.07.03 11:38:38.851,0.79826,0.79844,1.20,1.30
2009.07.03 11:38:40.446,0.79831,0.79849,1.80,1.00
2009.07.03 11:38:40.827,0.79826,0.79844,1.10,1.20
2009.07.03 11:38:42.649,0.79821,0.79839,2.70,1.20
2009.07.03 11:38:44.184,0.79816,0.79834,0.74,2.00
2009.07.03 11:38:44.984,0.79821,0.79839,1.60,1.20
2009.07.03 11:38:45.076,0.79826,0.79844,1.90,0.74
2009.07.03 11:38:49.069,0.79817,0.79834,0.96,2.30
2009.07.03 11:38:49.906,0.79816,0.79834,0.52,1.90
2009.07.03 11:38:50.022,0.79821,0.79839,1.40,0.68
2009.07.03 11:38:51.289,0.79826,0.79844,1.00,3.70
2009.07.03 11:38:51.740,0.79821,0.79839,2.60,1.80
2009.07.03 11:39:29.985,0.79816,0.79834,2.30,1.90
2009.07.03 11:39:32.577,0.79821,0.79839,1.20,1.20
2009.07.03 11:39:55.251,0.79826,0.79844,1.50,1.40
2009.07.03 11:39:58.848,0.79821,0.79839,1.70,1.30
2009.07.03 11:39:59.289,0.79823,0.79839,2.00,2.10
2009.07.03 11:39:59.426,0.79827,0.79839,1.40,0.64
2009.07.03 11:39:59.831,0.79836,0.79853,1.90,1.30
2009.07.03 11:40:01.150,0.79831,0.79849,1.60,2.10
2009.07.03 11:40:01.324,0.79838,0.79849,1.40,2.10
2009.07.03 11:40:01.448,0.79842,0.79854,1.30,0.49
2009.07.03 11:40:01.629,0.79832,0.79862,1.90,1.10
2009.07.03 11:40:01.881,0.79845,0.79862,2.40,1.00
2009.07.03 11:40:02.301,0.79847,0.79866,1.00,4.10
2009.07.03 11:40:02.858,0.79852,0.79869,1.30,0.97
2009.07.03 11:40:06.473,0.79853,0.79872,1.30,1.80
2009.07.03 11:40:06.848,0.79857,0.79883,0.84,1.00
2009.07.03 11:40:07.130,0.79862,0.79883,2.70,1.60
2009.07.03 11:40:07.554,0.79863,0.79887,0.94,1.50
2009.07.03 11:40:22.085,0.7987,0.79893,2.50,1.20
2009.07.03 11:40:22.484,0.79872,0.79898,0.98,2.70
2009.07.03 11:40:22.974,0.79875,0.799,1.20,1.40
2009.07.03 11:40:23.132,0.79879,0.79905,1.60,2.20
2009.07.03 11:40:23.349,0.79882,0.79908,1.80,1.30
2009.07.03 11:40:23.692,0.79888,0.79908,1.10,2.20
2009.07.03 11:40:32.237,0.79855,0.7994,1.10,1.10
2009.07.03 11:40:32.363,0.79883,0.79919,2.40,1.80
2009.07.03 11:40:32.681,0.79887,0.79923,0.80,1.30
2009.07.03 11:40:32.829,0.79886,0.79916,1.20,1.50
2009.07.03 11:40:35.052,0.79887,0.79916,1.40,0.96
2009.07.03 11:40:35.352,0.79888,0.79916,2.40,1.10
2009.07.03 11:40:35.473,0.79892,0.79918,1.40,0.96
2009.07.03 11:40:35.684,0.79888,0.79918,1.20,0.28
2009.07.03 11:40:35.922,0.79892,0.79918,2.30,0.58
2009.07.03 11:40:36.187,0.79878,0.79914,0.93,1.90
2009.07.03 11:40:36.293,0.79887,0.79902,1.40,2.30
2009.07.03 11:40:36.489,0.79882,0.79902,0.72,2.10
2009.07.03 11:40:36.655,0.79875,0.79897,0.69,0.61
2009.07.03 11:40:36.825,0.79878,0.79897,2.10,1.10
2009.07.03 11:40:37.528,0.79882,0.79908,1.90,2.20
2009.07.03 11:40:39.237,0.79885,0.79912,3.10,1.20
2009.07.03 11:40:54.434,0.79893,0.79915,2.00,1.60
2009.07.03 11:40:54.622,0.79902,0.79918,1.00,0.88
2009.07.03 11:40:57.770,0.79897,0.79913,3.30,1.40
2009.07.03 11:40:58.109,0.7989,0.79908,1.50,1.20
2009.07.03 11:40:58.170,0.79878,0.79908,1.60,1.20
2009.07.03 11:40:58.266,0.79875,0.79908,1.20,0.63
2009.07.03 11:40:58.486,0.79856,0.79886,0.67,1.40
2009.07.03 11:40:58.530,0.79855,0.79886,0.99,1.50
2009.07.03 11:40:58.656,0.79846,0.79876,1.90,1.70
2009.07.03 11:40:58.807,0.79836,0.79861,1.20,1.20
2009.07.03 11:40:58.922,0.79826,0.7986,1.30,1.40
2009.07.03 11:40:59.007,0.79822,0.79848,1.90,3.10
2009.07.03 11:40:59.331,0.79821,0.79839,1.60,1.90
2009.07.03 11:40:59.747,0.79825,0.79839,2.00,1.30
2009.07.03 11:40:59.975,0.79831,0.79849,1.00,2.20
2009.07.03 11:41:23.188,0.79838,0.79849,3.20,1.20
2009.07.03 11:41:23.642,0.79841,0.79858,2.70,0.60
2009.07.03 11:41:28.108,0.79843,0.79859,3.30,1.80
2009.07.03 11:41:28.679,0.79846,0.79863,1.50,2.60
2009.07.03 11:42:03.134,0.79853,0.79864,1.50,1.80
2009.07.03 11:42:03.321,0.79856,0.79873,1.80,1.00
2009.07.03 11:42:03.401,0.79872,0.79883,0.91,2.40
2009.07.03 11:42:03.624,0.79882,0.79883,1.30,1.30
2009.07.03 11:42:03.961,0.79872,0.79896,1.60,1.40
2009.07.03 11:42:04.827,0.79871,0.79889,0.98,1.90
2009.07.03 11:42:25.712,0.79876,0.79894,2.10,1.00
2009.07.03 11:43:00.211,0.79879,0.79894,1.10,1.30
2009.07.03 11:43:00.397,0.79882,0.79909,1.50,3.40
2009.07.03 11:43:00.573,0.79883,0.79909,1.40,1.30
2009.07.03 11:43:00.766,0.79888,0.79913,1.70,2.10
2009.07.03 11:43:01.612,0.79885,0.79918,2.10,2.00
2009.07.03 11:43:28.073,0.79882,0.79908,2.10,1.40
2009.07.03 11:43:28.873,0.79881,0.79899,0.72,1.40
2009.07.03 11:43:41.293,0.79888,0.79899,1.90,1.50
2009.07.03 11:43:42.127,0.79891,0.79909,3.40,1.90
2009.07.03 11:43:42.585,0.79893,0.79909,1.10,2.30
2009.07.03 11:43:42.865,0.79896,0.79914,1.20,1.90
2009.07.03 11:44:03.030,0.79867,0.79884,1.40,1.40
2009.07.03 11:44:03.232,0.79866,0.79884,2.00,1.70
2009.07.03 11:44:03.598,0.79852,0.79878,1.80,0.86
2009.07.03 11:44:03.691,0.79847,0.79878,1.90,1.10
2009.07.03 11:44:03.829,0.79842,0.79877,1.00,1.00
2009.07.03 11:44:04.208,0.79837,0.79868,1.70,0.69
2009.07.03 11:44:04.674,0.79832,0.79858,1.20,1.20
2009.07.03 11:44:37.356,0.79831,0.79849,0.77,1.20
2009.07.03 11:44:38.017,0.79817,0.79834,1.40,1.90
2009.07.03 11:44:38.223,0.79823,0.79834,0.93,1.20
2009.07.03 11:44:38.362,0.79824,0.79834,1.70,2.30
2009.07.03 11:44:38.413,0.79823,0.79834,2.30,0.83
2009.07.03 11:44:38.543,0.79826,0.79844,1.90,1.10
2009.07.03 11:44:38.646,0.79838,0.79844,1.30,1.60
2009.07.03 11:44:38.831,0.79842,0.79844,2.50,1.50
2009.07.03 11:44:38.952,0.79864,0.79868,1.10,2.20
2009.07.03 11:44:39.037,0.79869,0.79872,1.40,1.60
2009.07.03 11:44:39.190,0.79863,0.79893,2.60,1.30
2009.07.03 11:44:39.393,0.79859,0.79893,1.50,1.20
2009.07.03 11:44:39.622,0.79854,0.79884,1.20,0.98
2009.07.03 11:44:39.824,0.79852,0.79878,1.20,2.00
2009.07.03 11:44:39.868,0.79851,0.79869,1.20,1.20
2009.07.03 11:45:44.071,0.79846,0.79864,1.50,2.00
2009.07.03 11:45:44.260,0.79851,0.79869,1.10,0.98
2009.07.03 11:45:44.622,0.79854,0.79869,2.10,1.60
2009.07.03 11:45:44.876,0.79862,0.79878,2.30,1.10
2009.07.03 11:45:45.304,0.79854,0.79869,2.30,1.80
2009.07.03 11:45:45.995,0.79851,0.79869,3.40,3.10
2009.07.03 11:45:57.277,0.79853,0.79869,2.40,0.82
2009.07.03 11:45:57.982,0.79856,0.79874,0.89,1.90
2009.07.03 11:46:01.360,0.79861,0.79879,0.88,0.78
2009.07.03 11:46:01.759,0.79862,0.79884,2.90,2.00
2009.07.03 11:46:02.112,0.79861,0.79879,2.20,1.10
2009.07.03 11:46:09.139,0.79847,0.79864,1.50,1.60
2009.07.03 11:46:09.540,0.79846,0.79864,2.60,1.50
2009.07.03 11:46:09.810,0.79836,0.79854,2.00,1.80
2009.07.03 11:46:22.146,0.79831,0.79849,1.30,1.30
2009.07.03 11:46:26.450,0.79833,0.79849,3.00,1.20
2009.07.03 11:46:26.604,0.79836,0.79854,1.60,1.10
2009.07.03 11:46:27.048,0.79831,0.79849,1.30,3.60
2009.07.03 11:46:27.364,0.79833,0.79849,3.00,1.40
2009.07.03 11:46:27.571,0.79831,0.79849,0.67,1.70
2009.07.03 11:46:27.653,0.79836,0.79854,2.80,2.00
2009.07.03 11:46:27.994,0.79826,0.79844,1.60,1.50
2009.07.03 11:46:28.371,0.79821,0.79839,1.10,1.30
2009.07.03 11:46:28.814,0.79826,0.79844,2.40,2.20
2009.07.03 11:46:52.025,0.79831,0.79849,0.98,1.10
2009.07.03 11:46:52.596,0.79833,0.79849,1.10,1.40
2009.07.03 11:46:52.777,0.79842,0.79856,0.73,2.90
2009.07.03 11:46:53.386,0.79841,0.79859,1.10,1.40
2009.07.03 11:47:21.014,0.79836,0.79854,2.50,0.93
2009.07.03 11:50:14.483,0.79841,0.79859,1.70,1.00
2009.07.03 11:50:19.774,0.79842,0.79868,1.10,1.90
2009.07.03 11:50:20.182,0.79841,0.79859,1.20,0.33
2009.07.03 11:50:46.150,0.79842,0.79859,3.10,1.50
2009.07.03 11:50:46.606,0.79848,0.79859,1.70,1.50
2009.07.03 11:50:46.972,0.79851,0.79868,1.10,0.93
2009.07.03 11:50:48.429,0.79853,0.79869,1.70,2.70
2009.07.03 11:50:48.848,0.79856,0.79874,1.80,2.30
2009.07.03 11:51:05.078,0.79862,0.79882,0.95,1.70
2009.07.03 11:52:04.168,0.79861,0.79879,0.81,1.40
2009.07.03 11:54:42.291,0.79845,0.79875,1.20,0.90
2009.07.03 11:54:42.515,0.79841,0.79875,1.10,1.00
2009.07.03 11:54:48.138,0.79848,0.79871,2.40,2.40
2009.07.03 11:54:48.953,0.79861,0.79878,1.90,0.53
2009.07.03 11:56:38.595,0.79856,0.79874,1.40,1.10
2009.07.03 11:56:48.637,0.79851,0.79869,1.50,1.20
2009.07.03 11:59:10.643,0.79846,0.79864,2.10,1.10
2009.07.03 11:59:43.577,0.79831,0.79849,1.20,3.10
