2014.07.10 14:00:00.611,0.93741,0.93749,3.00,1.00
2014.07.10 14:00:05.831,0.93741,0.93749,1.00,2.44
2014.07.10 14:00:06.339,0.93741,0.93749,1.25,1.69
2014.07.10 14:00:08.607,0.93741,0.93747,1.25,1.00
2014.07.10 14:00:12.752,0.9374,0.93747,1.25,1.00
2014.07.10 14:00:15.001,0.9374,0.93747,1.33,1.00
2014.07.10 14:00:15.781,0.93739,0.93747,3.34,1.00
2014.07.10 14:00:17.318,0.93739,0.93747,1.00,2.89
2014.07.10 14:00:17.521,0.93735,0.93741,1.20,1.00
2014.07.10 14:00:18.194,0.93734,0.93741,1.40,1.00
2014.07.10 14:00:18.347,0.93733,0.93741,1.84,1.00
2014.07.10 14:00:18.941,0.93733,0.93741,1.34,1.50
2014.07.10 14:00:19.452,0.93733,0.93741,1.40,1.69
2014.07.10 14:00:19.806,0.93733,0.9374,1.15,1.19
2014.07.10 14:00:19.908,0.93733,0.93741,1.00,2.52
2014.07.10 14:00:20.111,0.93731,0.93739,1.25,1.84
2014.07.10 14:00:20.414,0.93731,0.93736,1.00,1.00
2014.07.10 14:00:20.516,0.93727,0.93736,2.52,2.44
2014.07.10 14:00:21.176,0.93729,0.93736,1.00,1.50
2014.07.10 14:00:21.371,0.93732,0.93737,1.00,1.50
2014.07.10 14:00:21.574,0.93732,0.93739,1.00,1.77
2014.07.10 14:00:22.308,0.93732,0.93736,1.00,1.00
2014.07.10 14:00:22.359,0.93729,0.93736,1.84,1.00
2014.07.10 14:00:22.814,0.93728,0.93734,1.09,1.13
2014.07.10 14:00:23.119,0.93726,0.93733,1.25,1.00
2014.07.10 14:00:23.624,0.93727,0.93735,1.00,1.77
2014.07.10 14:00:24.209,0.93726,0.93735,1.25,1.84
2014.07.10 14:00:24.722,0.93727,0.93735,1.00,1.84
2014.07.10 14:00:25.595,0.93727,0.93735,1.00,2.59
2014.07.10 14:00:26.306,0.93726,0.93734,1.25,1.02
2014.07.10 14:00:26.841,0.93727,0.93734,1.00,1.02
2014.07.10 14:00:28.199,0.93727,0.93734,1.00,1.33
2014.07.10 14:00:28.351,0.93729,0.93735,1.00,1.65
2014.07.10 14:00:28.453,0.93729,0.93736,1.00,1.65
2014.07.10 14:00:28.959,0.93732,0.93737,1.00,1.95
2014.07.10 14:00:29.111,0.93728,0.93737,1.77,1.69
2014.07.10 14:00:29.644,0.93728,0.93736,1.25,1.69
2014.07.10 14:00:30.109,0.93732,0.93738,1.00,4.02
2014.07.10 14:00:30.617,0.93733,0.93738,1.00,1.02
2014.07.10 14:00:31.095,0.93729,0.93738,2.82,1.77
2014.07.10 14:00:31.146,0.93729,0.93736,1.69,1.00
2014.07.10 14:00:31.614,0.93728,0.93736,1.77,1.25
2014.07.10 14:00:32.409,0.93729,0.93736,1.00,1.25
2014.07.10 14:00:32.926,0.93728,0.93736,1.25,2.52
2014.07.10 14:00:35.193,0.93729,0.93736,1.00,1.02
2014.07.10 14:00:35.699,0.93728,0.93735,1.00,1.33
2014.07.10 14:00:36.231,0.93727,0.93735,1.69,1.09
2014.07.10 14:00:37.397,0.93731,0.93736,1.00,2.52
2014.07.10 14:00:37.599,0.93728,0.93736,1.25,2.52
2014.07.10 14:00:38.041,0.93728,0.93734,1.00,1.00
2014.07.10 14:00:38.850,0.93727,0.93734,1.25,1.10
2014.07.10 14:00:39.817,0.93727,0.93733,1.00,1.00
2014.07.10 14:00:40.377,0.93726,0.93733,1.25,1.00
2014.07.10 14:00:41.475,0.93726,0.93734,1.25,1.25
2014.07.10 14:00:42.001,0.93727,0.93734,1.00,1.00
2014.07.10 14:00:42.898,0.93726,0.93734,1.25,1.25
2014.07.10 14:00:44.808,0.93726,0.9373,1.25,1.00
2014.07.10 14:00:45.395,0.93725,0.9373,1.50,1.00
2014.07.10 14:00:47.447,0.93723,0.9373,2.14,1.00
2014.07.10 14:00:49.820,0.93723,0.9373,2.14,1.00
2014.07.10 14:00:50.369,0.93723,0.9373,2.22,1.00
2014.07.10 14:00:51.936,0.93723,0.9373,1.95,1.19
2014.07.10 14:00:52.446,0.93722,0.93729,1.00,1.25
2014.07.10 14:00:53.037,0.93722,0.93728,1.00,1.00
2014.07.10 14:00:53.341,0.93722,0.93726,1.00,1.00
2014.07.10 14:00:53.847,0.93722,0.93727,1.00,1.00
2014.07.10 14:00:54.357,0.93722,0.93728,1.00,1.25
2014.07.10 14:00:55.324,0.93724,0.93728,1.00,1.10
2014.07.10 14:00:56.116,0.9372,0.93728,1.19,1.10
2014.07.10 14:00:56.319,0.93726,0.9373,1.00,1.69
2014.07.10 14:00:56.825,0.93722,0.9373,1.00,2.44
2014.07.10 14:00:56.876,0.93724,0.9373,1.00,2.44
2014.07.10 14:00:57.382,0.93725,0.93729,1.00,1.69
2014.07.10 14:00:57.919,0.93724,0.93729,1.00,1.69
2014.07.10 14:00:58.768,0.93725,0.93729,1.00,1.50
2014.07.10 14:00:59.273,0.93724,0.93728,1.00,1.25
2014.07.10 14:00:59.425,0.9372,0.93729,1.02,1.69
2014.07.10 14:01:00.188,0.93725,0.9373,1.00,3.45
2014.07.10 14:01:00.645,0.93726,0.93731,1.10,1.00
2014.07.10 14:01:00.812,0.93728,0.93732,1.00,1.00
2014.07.10 14:01:01.604,0.93726,0.93731,1.25,1.00
2014.07.10 14:01:02.510,0.93727,0.93731,1.00,1.00
2014.07.10 14:01:04.333,0.93726,0.93731,1.00,1.25
2014.07.10 14:01:04.711,0.93722,0.93729,1.25,1.00
2014.07.10 14:01:05.217,0.93726,0.93731,1.00,1.69
2014.07.10 14:01:06.138,0.93727,0.93731,1.00,1.25
2014.07.10 14:01:06.645,0.93728,0.93733,1.00,1.69
2014.07.10 14:01:07.159,0.93728,0.93733,1.00,1.69
2014.07.10 14:01:09.144,0.93729,0.93733,1.00,1.25
2014.07.10 14:01:09.195,0.93729,0.93734,1.00,1.00
2014.07.10 14:01:09.296,0.93729,0.93735,1.00,1.00
2014.07.10 14:01:09.651,0.93727,0.93734,1.25,1.50
2014.07.10 14:01:10.200,0.93727,0.93734,1.00,2.44
2014.07.10 14:01:11.089,0.93728,0.93734,1.00,3.19
2014.07.10 14:01:12.191,0.93727,0.93734,1.00,1.29
2014.07.10 14:01:13.787,0.93727,0.93732,1.00,1.00
2014.07.10 14:01:14.080,0.93723,0.9373,2.97,1.00
2014.07.10 14:01:14.586,0.93727,0.93731,1.00,1.25
2014.07.10 14:01:15.340,0.93726,0.93731,1.00,1.25
2014.07.10 14:01:15.849,0.93725,0.93731,1.00,3.19
2014.07.10 14:01:16.364,0.93725,0.93731,1.00,3.19
2014.07.10 14:01:16.881,0.93726,0.93731,1.00,3.38
2014.07.10 14:01:17.500,0.93722,0.93731,1.77,1.69
2014.07.10 14:01:18.946,0.93722,0.93729,1.02,1.50
2014.07.10 14:01:19.098,0.93724,0.9373,1.00,1.37
2014.07.10 14:01:19.301,0.9372,0.93728,2.97,1.00
2014.07.10 14:01:19.807,0.93725,0.9373,1.00,4.09
2014.07.10 14:01:20.324,0.93726,0.9373,1.00,4.58
2014.07.10 14:01:20.871,0.9372,0.9373,1.77,4.77
2014.07.10 14:01:21.215,0.93725,0.9373,1.65,1.00
2014.07.10 14:01:21.266,0.93729,0.93734,1.50,2.25
2014.07.10 14:01:21.419,0.93731,0.93735,1.00,1.50
2014.07.10 14:01:21.672,0.93727,0.93735,1.02,1.25
2014.07.10 14:01:21.875,0.93731,0.93735,1.00,1.25
2014.07.10 14:01:22.379,0.93731,0.93737,1.00,3.57
2014.07.10 14:01:22.971,0.93732,0.93737,1.00,2.82
2014.07.10 14:01:23.481,0.93732,0.93739,1.00,1.69
2014.07.10 14:01:23.987,0.93733,0.93739,1.00,2.82
2014.07.10 14:01:24.519,0.93734,0.93739,1.00,2.44
2014.07.10 14:01:24.825,0.93731,0.93739,1.00,1.77
2014.07.10 14:01:25.386,0.93731,0.93737,1.00,1.25
2014.07.10 14:01:25.640,0.9373,0.93737,1.00,1.69
2014.07.10 14:01:25.943,0.93728,0.93733,1.00,1.25
2014.07.10 14:01:26.095,0.93725,0.93733,1.02,1.25
2014.07.10 14:01:26.197,0.93725,0.93731,1.25,1.00
2014.07.10 14:01:28.569,0.93724,0.93733,1.10,3.19
2014.07.10 14:01:28.873,0.93727,0.93734,1.00,1.69
2014.07.10 14:01:29.177,0.9373,0.93737,1.00,2.82
2014.07.10 14:01:30.359,0.9373,0.93736,1.00,2.44
2014.07.10 14:01:30.409,0.93726,0.93736,3.34,2.82
2014.07.10 14:01:30.461,0.93726,0.93734,1.50,1.69
2014.07.10 14:01:32.625,0.93726,0.93734,1.00,2.44
2014.07.10 14:01:34.341,0.93725,0.93734,1.58,2.44
2014.07.10 14:01:34.692,0.9373,0.93734,1.00,1.00
2014.07.10 14:01:34.996,0.93727,0.93731,1.00,1.00
2014.07.10 14:01:35.097,0.93726,0.93733,1.50,1.00
2014.07.10 14:01:35.148,0.93726,0.93733,1.50,1.69
2014.07.10 14:01:35.492,0.93725,0.93731,1.00,1.69
2014.07.10 14:01:35.853,0.93725,0.93732,1.00,1.25
2014.07.10 14:01:36.363,0.93725,0.93733,2.82,1.02
2014.07.10 14:01:36.667,0.9373,0.93735,1.00,1.02
2014.07.10 14:01:37.187,0.93729,0.93735,1.00,1.02
2014.07.10 14:01:37.782,0.9373,0.93735,1.00,1.77
2014.07.10 14:01:38.784,0.93731,0.93735,1.00,1.77
2014.07.10 14:01:39.549,0.93727,0.93735,1.25,1.65
2014.07.10 14:01:40.107,0.93727,0.93734,1.69,1.00
2014.07.10 14:01:40.718,0.93727,0.93733,1.00,1.25
2014.07.10 14:01:41.444,0.93727,0.93732,1.00,1.00
2014.07.10 14:01:41.984,0.93726,0.93731,1.00,2.25
2014.07.10 14:01:43.515,0.93725,0.93731,1.00,1.69
2014.07.10 14:01:44.170,0.93728,0.93732,1.00,1.00
2014.07.10 14:01:44.676,0.93727,0.93731,1.00,1.58
2014.07.10 14:01:45.335,0.93723,0.93731,1.13,1.77
2014.07.10 14:01:45.597,0.93724,0.9373,1.00,1.29
2014.07.10 14:01:45.900,0.93722,0.93729,1.00,2.82
2014.07.10 14:01:46.205,0.93719,0.93726,1.25,1.18
2014.07.10 14:01:46.739,0.93722,0.93726,1.00,1.00
2014.07.10 14:01:47.369,0.93723,0.93727,1.00,1.10
2014.07.10 14:01:47.870,0.93719,0.93726,1.00,1.25
2014.07.10 14:01:48.510,0.9372,0.93726,1.00,1.00
2014.07.10 14:01:48.662,0.93723,0.93727,1.00,1.02
2014.07.10 14:01:49.180,0.93722,0.93726,1.00,1.00
2014.07.10 14:01:49.333,0.93724,0.93728,1.00,1.00
2014.07.10 14:01:49.485,0.93727,0.93734,1.00,2.25
2014.07.10 14:01:49.637,0.93727,0.93731,1.00,1.50
2014.07.10 14:01:49.840,0.93726,0.93731,1.00,1.00
2014.07.10 14:01:50.249,0.93728,0.93732,1.00,1.69
2014.07.10 14:01:52.654,0.93727,0.93731,1.00,1.00
2014.07.10 14:01:54.097,0.93726,0.93731,1.00,1.00
2014.07.10 14:01:55.060,0.93727,0.93731,1.00,1.25
2014.07.10 14:01:56.483,0.93728,0.93732,1.00,1.02
2014.07.10 14:01:57.001,0.93726,0.93732,1.00,2.02
2014.07.10 14:01:57.866,0.93725,0.93731,1.00,1.50
2014.07.10 14:01:57.924,0.93725,0.93729,1.00,1.00
2014.07.10 14:01:58.076,0.93723,0.93729,1.25,1.00
2014.07.10 14:01:58.582,0.93723,0.9373,1.00,1.50
2014.07.10 14:01:59.096,0.93722,0.9373,1.69,1.77
2014.07.10 14:02:00.176,0.93723,0.9373,1.00,2.52
2014.07.10 14:02:00.835,0.93722,0.9373,1.69,2.44
2014.07.10 14:02:01.614,0.93723,0.9373,1.00,2.44
2014.07.10 14:02:02.139,0.93725,0.9373,1.00,2.44
2014.07.10 14:02:03.651,0.93724,0.9373,1.00,1.69
2014.07.10 14:02:05.449,0.93725,0.9373,1.00,1.50
2014.07.10 14:02:05.954,0.93724,0.9373,1.00,1.00
2014.07.10 14:02:07.870,0.93725,0.9373,1.00,1.00
2014.07.10 14:02:08.899,0.93724,0.9373,1.00,1.00
2014.07.10 14:02:09.631,0.93723,0.9373,1.25,1.00
2014.07.10 14:02:12.700,0.93722,0.9373,1.32,1.50
2014.07.10 14:02:13.864,0.93722,0.9373,1.32,1.00
2014.07.10 14:02:20.311,0.93723,0.9373,1.29,1.00
2014.07.10 14:02:20.415,0.93724,0.93732,1.19,1.50
2014.07.10 14:02:21.415,0.93725,0.93732,1.25,1.18
2014.07.10 14:02:21.939,0.93725,0.93732,1.25,1.10
2014.07.10 14:02:34.426,0.93725,0.93733,1.25,1.84
2014.07.10 14:02:34.936,0.93725,0.93733,1.25,1.84
2014.07.10 14:02:35.464,0.93726,0.93733,1.00,1.77
2014.07.10 14:02:37.243,0.93725,0.93733,1.69,1.69
2014.07.10 14:02:42.124,0.93725,0.93733,1.25,1.77
2014.07.10 14:02:42.428,0.93722,0.93731,2.89,1.25
2014.07.10 14:02:43.958,0.93724,0.93732,1.25,1.25
2014.07.10 14:02:44.464,0.93722,0.93731,2.14,1.25
2014.07.10 14:02:45.108,0.93722,0.9373,2.14,1.00
2014.07.10 14:02:45.631,0.93722,0.93731,2.14,1.69
2014.07.10 14:02:46.233,0.93724,0.93732,1.25,1.02
2014.07.10 14:02:46.387,0.93722,0.9373,4.47,1.00
2014.07.10 14:02:46.896,0.93722,0.93731,2.22,1.69
2014.07.10 14:02:47.416,0.93722,0.93731,2.22,1.69
2014.07.10 14:02:47.921,0.93724,0.93732,1.00,1.77
2014.07.10 14:02:48.073,0.93724,0.93732,1.25,1.25
2014.07.10 14:02:49.912,0.93724,0.93732,1.69,1.10
2014.07.10 14:02:51.889,0.93724,0.93732,1.69,1.25
2014.07.10 14:02:52.362,0.93724,0.9373,1.25,1.00
2014.07.10 14:02:52.902,0.93722,0.9373,2.97,1.00
2014.07.10 14:02:54.119,0.93723,0.93731,1.25,1.25
2014.07.10 14:02:54.879,0.93724,0.93732,1.25,1.02
2014.07.10 14:02:57.251,0.93724,0.93732,1.69,1.10
2014.07.10 14:02:57.792,0.93724,0.93732,1.25,1.02
2014.07.10 14:02:59.423,0.93724,0.93732,1.19,1.00
2014.07.10 14:03:01.032,0.93724,0.93732,1.25,1.02
2014.07.10 14:03:01.540,0.93724,0.93732,1.19,1.10
2014.07.10 14:03:02.953,0.93724,0.93732,1.25,1.25
2014.07.10 14:03:04.394,0.93724,0.93732,1.19,1.10
2014.07.10 14:03:08.251,0.93724,0.93733,1.19,2.89
2014.07.10 14:03:08.725,0.93727,0.93733,1.50,1.02
2014.07.10 14:03:09.029,0.93731,0.93739,2.59,1.00
2014.07.10 14:03:09.536,0.93731,0.9374,1.84,3.75
2014.07.10 14:03:09.870,0.93732,0.93739,1.10,1.69
2014.07.10 14:03:10.383,0.93732,0.93737,1.00,1.25
2014.07.10 14:03:10.930,0.93732,0.93736,1.00,1.00
2014.07.10 14:03:11.458,0.93729,0.93736,1.00,2.89
2014.07.10 14:03:11.913,0.93726,0.93735,3.19,1.02
2014.07.10 14:03:11.964,0.93727,0.93736,1.63,4.09
2014.07.10 14:03:12.167,0.9373,0.93737,1.00,2.25
2014.07.10 14:03:12.218,0.93732,0.93737,1.00,2.25
2014.07.10 14:03:12.421,0.93731,0.93739,1.77,1.50
2014.07.10 14:03:13.012,0.93731,0.93739,1.25,1.32
2014.07.10 14:03:13.114,0.93731,0.93736,1.25,1.00
2014.07.10 14:03:13.771,0.9373,0.93735,1.00,1.29
2014.07.10 14:03:14.108,0.93729,0.93735,1.00,1.37
2014.07.10 14:03:14.397,0.93726,0.93735,2.44,1.29
2014.07.10 14:03:14.752,0.93725,0.93735,3.45,1.00
2014.07.10 14:03:15.056,0.93729,0.93735,2.59,1.00
2014.07.10 14:03:15.309,0.93729,0.93734,1.00,1.00
2014.07.10 14:03:15.511,0.93726,0.93734,2.44,1.00
2014.07.10 14:03:16.327,0.93726,0.93735,2.44,1.02
2014.07.10 14:03:16.843,0.93726,0.93735,1.25,2.52
2014.07.10 14:03:24.684,0.93726,0.93734,2.07,1.00
2014.07.10 14:03:29.617,0.93726,0.93735,2.07,1.84
2014.07.10 14:03:30.155,0.93726,0.93735,2.07,1.09
2014.07.10 14:03:34.031,0.93726,0.93735,2.44,1.02
2014.07.10 14:03:34.538,0.93726,0.93735,2.44,1.09
2014.07.10 14:03:37.846,0.93726,0.93736,2.44,3.72
2014.07.10 14:03:38.892,0.93726,0.93736,2.44,3.72
2014.07.10 14:03:39.403,0.93726,0.93735,2.44,1.02
2014.07.10 14:03:39.913,0.93726,0.93735,2.44,1.09
2014.07.10 14:03:40.617,0.93726,0.93736,2.44,3.34
2014.07.10 14:03:41.133,0.93726,0.93735,1.69,1.09
2014.07.10 14:03:41.681,0.93726,0.93735,1.25,1.77
2014.07.10 14:03:43.533,0.93726,0.93734,1.00,1.29
2014.07.10 14:03:43.584,0.93726,0.93734,1.00,1.67
2014.07.10 14:03:44.041,0.93724,0.93733,1.69,1.77
2014.07.10 14:03:44.699,0.93724,0.93733,3.19,1.02
2014.07.10 14:03:45.243,0.93724,0.93734,3.94,1.84
2014.07.10 14:03:45.764,0.93724,0.93734,3.94,1.84
2014.07.10 14:03:47.803,0.93724,0.93734,3.19,1.37
2014.07.10 14:03:48.354,0.93724,0.93734,3.19,1.84
2014.07.10 14:03:51.702,0.93725,0.93734,1.25,1.37
2014.07.10 14:03:52.209,0.93725,0.93734,1.69,1.29
2014.07.10 14:03:52.362,0.93727,0.93735,1.00,1.37
2014.07.10 14:03:52.921,0.93727,0.93736,1.08,3.94
2014.07.10 14:03:53.407,0.9373,0.93736,1.00,2.07
2014.07.10 14:03:53.609,0.9373,0.93738,2.59,1.00
2014.07.10 14:03:53.662,0.93731,0.93739,1.84,1.00
2014.07.10 14:03:54.540,0.93732,0.93739,1.37,1.00
2014.07.10 14:03:56.595,0.93732,0.93739,1.37,1.00
2014.07.10 14:03:56.798,0.93733,0.93741,1.09,2.07
2014.07.10 14:03:57.303,0.93733,0.93741,1.02,2.07
2014.07.10 14:03:58.496,0.93733,0.93741,1.33,2.07
2014.07.10 14:03:59.006,0.93733,0.93741,1.02,1.32
2014.07.10 14:03:59.554,0.93733,0.93741,1.09,1.32
2014.07.10 14:04:00.084,0.93733,0.93741,1.02,1.32
2014.07.10 14:04:00.598,0.93733,0.93741,1.84,1.32
2014.07.10 14:04:01.170,0.93733,0.93741,1.77,1.32
2014.07.10 14:04:01.884,0.93733,0.93741,1.08,2.44
2014.07.10 14:04:02.188,0.93731,0.9374,1.77,1.39
2014.07.10 14:04:02.693,0.93731,0.93741,1.84,4.32
2014.07.10 14:04:03.218,0.93732,0.93741,1.33,2.44
2014.07.10 14:04:03.725,0.93732,0.93741,2.59,1.25
2014.07.10 14:04:04.851,0.93734,0.93741,1.00,1.00
2014.07.10 14:04:05.370,0.93735,0.93741,1.00,1.00
2014.07.10 14:04:05.885,0.93734,0.93741,1.25,1.00
2014.07.10 14:04:09.741,0.93732,0.93741,2.52,2.07
2014.07.10 14:04:10.698,0.93731,0.93739,2.59,1.00
2014.07.10 14:04:11.205,0.9373,0.93738,2.44,1.13
2014.07.10 14:04:11.715,0.93731,0.9374,1.77,2.07
2014.07.10 14:04:12.336,0.93731,0.93739,2.44,1.00
2014.07.10 14:04:13.114,0.93731,0.93737,1.69,1.00
2014.07.10 14:04:13.166,0.9373,0.93737,1.25,1.00
2014.07.10 14:04:13.756,0.93729,0.93736,3.19,1.00
2014.07.10 14:04:14.301,0.93729,0.93738,2.44,1.39
2014.07.10 14:04:14.850,0.93729,0.93739,3.19,2.97
2014.07.10 14:04:15.744,0.9373,0.9374,1.77,2.14
2014.07.10 14:04:16.127,0.93731,0.9374,1.69,1.02
2014.07.10 14:04:16.635,0.9373,0.93739,1.69,1.39
2014.07.10 14:04:17.160,0.93729,0.93738,3.19,1.39
2014.07.10 14:04:17.661,0.93729,0.93738,2.44,1.39
2014.07.10 14:04:18.167,0.93729,0.93738,3.19,1.39
2014.07.10 14:04:18.673,0.93729,0.93736,1.25,1.00
2014.07.10 14:04:19.584,0.93728,0.93736,1.25,1.25
2014.07.10 14:04:22.348,0.93727,0.93736,1.19,2.59
2014.07.10 14:04:22.860,0.93726,0.93736,2.44,3.34
2014.07.10 14:04:25.593,0.93726,0.93734,1.69,1.13
2014.07.10 14:04:25.926,0.93726,0.93731,1.00,1.00
2014.07.10 14:04:28.258,0.93726,0.9373,1.00,1.00
2014.07.10 14:04:30.850,0.93726,0.93732,1.00,1.25
2014.07.10 14:04:31.355,0.93726,0.93733,1.47,1.00
2014.07.10 14:04:31.760,0.93727,0.93735,1.29,1.00
2014.07.10 14:04:32.184,0.93729,0.93738,1.19,3.53
2014.07.10 14:04:32.488,0.93732,0.93739,1.19,1.00
2014.07.10 14:04:32.993,0.93732,0.93738,1.25,1.00
2014.07.10 14:04:33.347,0.93732,0.9374,1.69,1.69
2014.07.10 14:04:33.875,0.93732,0.9374,2.59,1.50
2014.07.10 14:04:37.633,0.93733,0.9374,1.19,1.00
2014.07.10 14:04:38.422,0.93733,0.93741,1.19,1.50
2014.07.10 14:04:38.942,0.93733,0.9374,1.19,1.00
2014.07.10 14:04:39.483,0.93733,0.93741,1.29,1.50
2014.07.10 14:04:41.335,0.93732,0.93741,1.84,1.50
2014.07.10 14:04:43.285,0.93732,0.9374,2.59,1.00
2014.07.10 14:04:44.433,0.93733,0.9374,1.29,1.00
2014.07.10 14:04:45.641,0.93732,0.9374,2.59,1.00
2014.07.10 14:04:52.853,0.93732,0.93739,1.77,1.00
2014.07.10 14:04:53.056,0.93731,0.93738,1.50,2.07
2014.07.10 14:04:53.295,0.93729,0.93735,1.25,1.00
2014.07.10 14:04:53.916,0.93729,0.93735,1.69,1.00
2014.07.10 14:04:54.445,0.93729,0.93735,1.25,1.00
2014.07.10 14:04:55.967,0.9373,0.93735,1.00,1.00
2014.07.10 14:04:56.221,0.9373,0.93738,1.77,1.02
2014.07.10 14:04:56.325,0.93731,0.93738,1.58,1.25
2014.07.10 14:04:56.834,0.93732,0.93739,1.09,1.00
2014.07.10 14:04:58.665,0.93732,0.9374,3.27,1.00
2014.07.10 14:04:59.182,0.93732,0.93739,3.34,1.00
2014.07.10 14:04:59.638,0.93732,0.93741,3.34,1.69
2014.07.10 14:05:00.081,0.93732,0.93739,3.27,1.00
2014.07.10 14:05:03.478,0.93733,0.93738,1.69,1.00
2014.07.10 14:05:03.997,0.93733,0.93738,1.69,1.00
2014.07.10 14:05:04.531,0.93733,0.93739,1.69,1.00
2014.07.10 14:05:05.059,0.93733,0.93739,1.25,1.00
2014.07.10 14:05:05.571,0.93733,0.9374,1.25,1.00
2014.07.10 14:05:06.198,0.93733,0.93739,1.25,1.00
2014.07.10 14:05:08.488,0.93733,0.9374,1.02,1.00
2014.07.10 14:05:09.015,0.93733,0.9374,1.69,1.00
2014.07.10 14:05:11.742,0.93733,0.93739,1.69,1.00
2014.07.10 14:05:13.850,0.93733,0.9374,1.19,1.00
2014.07.10 14:05:14.762,0.93732,0.9374,3.27,1.00
2014.07.10 14:05:15.287,0.93732,0.93739,3.27,1.00
2014.07.10 14:05:17.107,0.93732,0.93738,3.27,1.00
2014.07.10 14:05:17.831,0.93732,0.93739,3.27,1.00
2014.07.10 14:05:19.525,0.93733,0.93739,1.19,1.00
2014.07.10 14:05:20.104,0.93733,0.93738,1.19,1.00
2014.07.10 14:05:20.614,0.93733,0.93738,1.25,1.00
2014.07.10 14:05:21.155,0.93733,0.93739,1.25,1.00
2014.07.10 14:05:21.874,0.93732,0.9374,3.27,1.00
2014.07.10 14:05:23.883,0.93733,0.9374,1.29,1.00
2014.07.10 14:05:24.436,0.93733,0.93739,1.29,1.00
2014.07.10 14:05:24.947,0.93733,0.9374,1.29,1.00
2014.07.10 14:05:27.133,0.93733,0.93739,1.29,1.00
2014.07.10 14:05:27.776,0.93733,0.93738,1.29,1.00
2014.07.10 14:05:28.555,0.93733,0.93737,1.00,1.00
2014.07.10 14:05:29.899,0.93733,0.9374,1.29,1.00
2014.07.10 14:05:30.797,0.93732,0.93738,2.59,1.00
2014.07.10 14:05:34.413,0.93732,0.93737,2.52,1.00
2014.07.10 14:05:36.181,0.93732,0.93737,1.77,1.00
2014.07.10 14:05:36.711,0.93732,0.93737,2.52,1.00
2014.07.10 14:05:37.256,0.93732,0.93736,2.33,1.00
2014.07.10 14:05:39.051,0.93732,0.93737,2.52,1.00
2014.07.10 14:05:46.182,0.93732,0.93737,1.00,1.00
2014.07.10 14:05:46.486,0.9373,0.93734,1.25,1.00
2014.07.10 14:05:46.995,0.93728,0.93734,1.77,1.00
2014.07.10 14:05:47.451,0.93727,0.93732,1.19,1.00
2014.07.10 14:05:48.310,0.93726,0.93732,1.19,1.00
2014.07.10 14:05:48.827,0.93724,0.9373,1.65,1.00
2014.07.10 14:05:49.031,0.93723,0.93729,2.14,1.00
2014.07.10 14:05:49.457,0.93724,0.9373,1.77,1.00
2014.07.10 14:05:49.959,0.93724,0.93731,2.52,1.00
2014.07.10 14:05:50.489,0.93725,0.93731,1.19,1.00
2014.07.10 14:05:56.031,0.93725,0.93732,1.19,1.50
2014.07.10 14:05:59.453,0.93725,0.93733,1.29,1.50
2014.07.10 14:06:03.191,0.93725,0.93733,2.97,1.00
2014.07.10 14:06:04.265,0.93726,0.93733,2.14,1.00
2014.07.10 14:06:04.316,0.93728,0.93736,1.88,1.50
2014.07.10 14:06:04.417,0.9373,0.93737,1.00,2.25
2014.07.10 14:06:04.721,0.93732,0.9374,1.09,3.19
2014.07.10 14:06:05.306,0.93732,0.9374,1.09,2.44
2014.07.10 14:06:05.852,0.93732,0.93739,1.77,1.00
2014.07.10 14:06:06.563,0.93731,0.93739,1.65,1.69
2014.07.10 14:06:06.867,0.93727,0.93735,1.69,1.58
2014.07.10 14:06:07.373,0.93726,0.93734,2.07,1.00
2014.07.10 14:06:12.356,0.93726,0.93735,1.69,2.52
2014.07.10 14:06:14.917,0.93729,0.93735,1.00,1.69
2014.07.10 14:06:15.518,0.93729,0.93737,1.69,2.07
2014.07.10 14:06:15.569,0.9373,0.93737,1.69,1.00
2014.07.10 14:06:15.974,0.93729,0.93736,1.50,1.95
2014.07.10 14:06:16.486,0.93729,0.93736,1.69,1.88
2014.07.10 14:06:17.004,0.93729,0.93736,1.25,1.95
2014.07.10 14:06:17.713,0.93728,0.93735,1.00,1.25
2014.07.10 14:06:18.700,0.93728,0.93736,1.25,1.69
2014.07.10 14:06:21.042,0.93728,0.93735,1.25,1.00
2014.07.10 14:06:22.935,0.93726,0.93735,2.97,1.25
2014.07.10 14:06:24.424,0.93726,0.93735,2.97,1.25
2014.07.10 14:06:28.213,0.93726,0.93735,2.97,1.25
2014.07.10 14:06:28.754,0.93726,0.93735,2.97,1.25
2014.07.10 14:06:29.303,0.93726,0.93735,2.89,1.25
2014.07.10 14:06:31.070,0.93729,0.93735,1.00,1.25
2014.07.10 14:06:31.374,0.93731,0.93738,1.09,1.50
2014.07.10 14:06:31.476,0.93731,0.9374,1.84,2.07
2014.07.10 14:06:31.932,0.93731,0.93741,1.84,4.32
2014.07.10 14:06:32.593,0.93732,0.9374,1.29,1.50
2014.07.10 14:06:32.745,0.9373,0.93738,1.77,1.00
2014.07.10 14:06:32.847,0.9373,0.93736,1.02,1.00
2014.07.10 14:06:33.356,0.93728,0.93736,1.29,1.00
2014.07.10 14:06:33.703,0.93729,0.93737,2.52,1.50
2014.07.10 14:06:33.909,0.9373,0.93739,3.34,1.32
2014.07.10 14:06:34.417,0.93729,0.93737,3.27,1.00
2014.07.10 14:06:35.075,0.93729,0.93736,2.44,1.00
2014.07.10 14:06:35.581,0.93729,0.93736,1.25,1.00
2014.07.10 14:06:36.142,0.93729,0.93737,1.25,2.14
2014.07.10 14:06:39.094,0.93729,0.93737,1.25,1.39
2014.07.10 14:06:43.701,0.93729,0.93738,1.77,2.89
2014.07.10 14:06:44.257,0.93729,0.93738,2.44,1.39
2014.07.10 14:06:44.561,0.9373,0.93738,2.59,1.00
2014.07.10 14:06:45.049,0.93732,0.9374,1.84,1.00
2014.07.10 14:06:45.557,0.93732,0.93741,1.84,1.69
2014.07.10 14:06:45.860,0.93732,0.93739,1.84,1.00
2014.07.10 14:06:46.404,0.93732,0.9374,1.84,1.00
2014.07.10 14:06:46.919,0.93732,0.9374,1.02,1.69
2014.07.10 14:06:48.548,0.93732,0.93739,1.02,1.00
2014.07.10 14:06:48.860,0.9373,0.93736,1.19,1.00
2014.07.10 14:06:49.367,0.93729,0.93737,2.44,1.00
2014.07.10 14:06:50.116,0.9373,0.93737,1.19,1.00
2014.07.10 14:06:50.369,0.93731,0.9374,2.52,1.77
2014.07.10 14:06:50.471,0.93732,0.93741,1.33,3.94
2014.07.10 14:06:50.986,0.93732,0.93741,1.09,3.19
2014.07.10 14:06:51.506,0.93732,0.93739,1.19,1.00
2014.07.10 14:06:52.383,0.93731,0.93739,2.52,1.00
2014.07.10 14:06:53.789,0.93731,0.93739,1.25,2.14
2014.07.10 14:06:54.135,0.9373,0.93736,1.69,1.00
2014.07.10 14:06:54.894,0.9373,0.93736,1.25,1.00
2014.07.10 14:06:56.882,0.9373,0.93737,1.25,1.50
2014.07.10 14:07:00.884,0.9373,0.93738,1.25,2.07
2014.07.10 14:07:01.423,0.9373,0.93737,1.25,1.00
2014.07.10 14:07:01.929,0.9373,0.93737,1.25,1.38
2014.07.10 14:07:22.267,0.9373,0.93735,1.00,1.00
2014.07.10 14:07:22.786,0.93729,0.93735,1.25,1.00
2014.07.10 14:07:31.408,0.93729,0.93734,1.25,1.00
2014.07.10 14:07:32.086,0.93729,0.93736,1.25,2.25
2014.07.10 14:07:32.441,0.93729,0.93733,1.00,1.00
2014.07.10 14:07:32.643,0.93727,0.93734,1.00,1.25
2014.07.10 14:07:32.846,0.93725,0.93731,2.82,1.00
2014.07.10 14:07:32.948,0.93724,0.93731,2.33,1.50
2014.07.10 14:07:34.415,0.93724,0.93731,1.77,1.00
2014.07.10 14:07:34.516,0.93725,0.93734,2.52,1.69
2014.07.10 14:07:37.408,0.9373,0.93734,1.00,1.25
2014.07.10 14:07:37.509,0.9373,0.93736,1.00,1.02
2014.07.10 14:07:37.611,0.93727,0.93736,1.77,1.69
2014.07.10 14:07:38.686,0.93726,0.93736,3.72,3.94
2014.07.10 14:07:44.052,0.93725,0.93735,4.39,1.77
2014.07.10 14:07:44.593,0.93725,0.93735,4.47,1.69
2014.07.10 14:07:45.125,0.93726,0.93735,1.37,1.25
2014.07.10 14:07:49.420,0.93727,0.93736,1.77,1.69
2014.07.10 14:07:49.623,0.9373,0.93736,1.00,1.69
2014.07.10 14:07:50.268,0.9373,0.93738,1.00,4.39
2014.07.10 14:07:50.890,0.9373,0.93738,2.44,2.82
2014.07.10 14:07:54.435,0.9373,0.93739,4.39,2.25
2014.07.10 14:07:54.938,0.93733,0.93741,1.58,3.19
2014.07.10 14:07:55.461,0.93733,0.93741,1.25,2.44
2014.07.10 14:08:02.541,0.93733,0.93741,2.52,1.50
2014.07.10 14:08:04.611,0.93733,0.93741,1.77,1.25
2014.07.10 14:08:08.318,0.93733,0.93741,2.52,1.00
2014.07.10 14:08:18.982,0.93733,0.9374,2.89,1.00
2014.07.10 14:08:19.859,0.93733,0.93739,2.89,1.00
2014.07.10 14:08:20.713,0.93733,0.93739,2.14,1.00
2014.07.10 14:08:21.853,0.93733,0.93739,2.22,1.00
2014.07.10 14:08:22.370,0.93733,0.93739,2.14,1.00
2014.07.10 14:08:23.591,0.93733,0.9374,1.39,1.50
2014.07.10 14:08:24.116,0.93733,0.9374,2.14,1.50
2014.07.10 14:08:25.018,0.93733,0.9374,1.39,1.00
2014.07.10 14:08:25.661,0.93733,0.9374,1.47,1.00
2014.07.10 14:08:26.185,0.93733,0.9374,1.39,1.00
2014.07.10 14:08:27.086,0.93733,0.9374,2.22,1.00
2014.07.10 14:08:27.635,0.93733,0.93739,1.47,1.00
2014.07.10 14:08:28.987,0.93733,0.9374,2.22,1.00
2014.07.10 14:08:29.666,0.93733,0.93741,2.22,1.50
2014.07.10 14:08:30.633,0.93733,0.9374,2.14,1.00
2014.07.10 14:08:31.510,0.93733,0.93741,2.14,1.50
2014.07.10 14:08:32.515,0.93733,0.9374,2.14,1.00
2014.07.10 14:08:33.071,0.93733,0.93741,2.14,1.50
2014.07.10 14:08:33.589,0.93733,0.93741,1.39,1.69
2014.07.10 14:08:34.146,0.93733,0.93741,1.39,1.25
2014.07.10 14:08:39.542,0.93734,0.93741,1.19,1.00
2014.07.10 14:08:40.628,0.93733,0.93741,2.14,1.50
2014.07.10 14:08:44.104,0.93734,0.93741,1.19,1.50
2014.07.10 14:08:45.124,0.93733,0.9374,2.14,1.00
2014.07.10 14:08:45.654,0.93733,0.93741,2.22,1.50
2014.07.10 14:08:46.155,0.93733,0.9374,2.14,1.00
2014.07.10 14:08:49.535,0.93733,0.93739,2.14,1.00
2014.07.10 14:08:53.813,0.93732,0.93739,2.78,1.00
2014.07.10 14:08:54.117,0.93731,0.93737,1.50,1.00
2014.07.10 14:08:55.161,0.93732,0.93737,1.50,1.00
2014.07.10 14:08:55.414,0.93733,0.9374,1.95,1.25
2014.07.10 14:08:56.242,0.93733,0.9374,2.89,1.00
2014.07.10 14:08:56.858,0.93733,0.93741,2.89,1.00
2014.07.10 14:08:58.586,0.93733,0.9374,2.82,1.00
2014.07.10 14:09:03.429,0.93733,0.93741,2.82,1.00
2014.07.10 14:09:05.280,0.93733,0.9374,2.89,1.00
2014.07.10 14:09:06.591,0.93733,0.93741,2.89,1.00
2014.07.10 14:09:07.583,0.93733,0.9374,2.82,1.00
2014.07.10 14:09:12.884,0.93733,0.93739,2.82,1.00
2014.07.10 14:09:13.644,0.93733,0.93739,2.14,1.00
2014.07.10 14:09:14.008,0.93731,0.93737,1.69,1.00
2014.07.10 14:09:14.313,0.9373,0.93735,2.44,1.00
2014.07.10 14:09:14.838,0.9373,0.93734,2.25,1.00
2014.07.10 14:09:14.990,0.93729,0.93734,1.00,1.00
2014.07.10 14:09:15.523,0.93729,0.93735,1.69,1.00
2014.07.10 14:09:16.420,0.93729,0.93736,1.19,1.95
2014.07.10 14:09:16.471,0.93728,0.93736,1.00,3.64
2014.07.10 14:09:16.982,0.93727,0.93736,2.44,3.64
2014.07.10 14:09:17.637,0.93727,0.93735,2.25,1.19
2014.07.10 14:09:18.828,0.93727,0.93736,2.44,4.39
2014.07.10 14:09:19.700,0.93727,0.93734,2.44,1.00
2014.07.10 14:09:20.821,0.93727,0.93736,2.44,3.64
2014.07.10 14:09:29.932,0.93727,0.93736,2.44,2.89
2014.07.10 14:09:30.453,0.93727,0.93736,2.52,3.57
2014.07.10 14:09:35.211,0.93727,0.93736,3.19,2.14
2014.07.10 14:09:35.745,0.93727,0.93736,3.94,2.14
2014.07.10 14:09:36.299,0.93727,0.93736,3.27,2.82
2014.07.10 14:09:37.511,0.93727,0.93736,3.94,2.14
2014.07.10 14:09:39.829,0.93727,0.93736,3.27,2.82
2014.07.10 14:09:40.849,0.93729,0.93737,1.00,1.48
2014.07.10 14:09:41.355,0.9373,0.93738,2.25,1.39
2014.07.10 14:09:42.081,0.9373,0.93739,2.44,3.72
2014.07.10 14:09:42.648,0.9373,0.93736,2.44,1.00
2014.07.10 14:09:43.003,0.93732,0.93739,1.00,1.95
2014.07.10 14:09:43.054,0.93732,0.93739,1.00,1.50
2014.07.10 14:09:43.561,0.93732,0.9374,3.72,1.50
2014.07.10 14:09:44.089,0.93733,0.93741,2.44,1.25
2014.07.10 14:09:45.239,0.93733,0.93741,2.82,1.00
2014.07.10 14:09:45.783,0.93735,0.93741,1.00,1.00
2014.07.10 14:09:45.885,0.93737,0.93744,1.50,2.52
2014.07.10 14:09:45.936,0.93737,0.93744,1.50,1.77
2014.07.10 14:09:46.938,0.93737,0.93745,1.50,2.14
2014.07.10 14:09:47.459,0.93737,0.93745,1.69,2.22
2014.07.10 14:09:48.007,0.93737,0.93745,1.69,2.14
2014.07.10 14:09:49.582,0.93737,0.93745,1.50,2.14
2014.07.10 14:09:50.854,0.93737,0.93745,1.69,1.39
2014.07.10 14:10:01.321,0.93736,0.93746,1.69,3.72
2014.07.10 14:10:02.013,0.93736,0.93746,1.69,3.72
2014.07.10 14:10:02.600,0.93736,0.93746,1.69,3.72
2014.07.10 14:10:03.135,0.93736,0.93745,1.25,2.22
2014.07.10 14:10:20.911,0.93735,0.93744,3.27,1.63
2014.07.10 14:10:22.614,0.93735,0.93745,4.77,2.89
2014.07.10 14:10:23.146,0.93736,0.93745,1.69,1.02
2014.07.10 14:10:24.351,0.93735,0.93745,4.77,1.77
2014.07.10 14:10:47.353,0.93736,0.93745,1.19,1.77
2014.07.10 14:10:49.390,0.93736,0.93745,1.19,1.77
2014.07.10 14:10:49.919,0.93735,0.93745,2.07,2.59
2014.07.10 14:10:51.561,0.93735,0.93744,1.32,1.39
2014.07.10 14:10:51.612,0.93734,0.93741,4.39,1.00
2014.07.10 14:10:52.118,0.93733,0.9374,1.40,1.00
2014.07.10 14:10:52.835,0.93733,0.93739,1.09,1.00
2014.07.10 14:10:53.350,0.93733,0.93739,1.58,1.00
2014.07.10 14:10:54.089,0.93733,0.93739,1.33,1.00
2014.07.10 14:10:54.611,0.93733,0.93739,1.09,1.00
2014.07.10 14:10:55.343,0.93734,0.93739,1.00,1.00
2014.07.10 14:10:55.444,0.93734,0.93743,3.19,1.10
2014.07.10 14:10:55.596,0.93734,0.9374,3.34,1.00
2014.07.10 14:10:57.162,0.93734,0.93743,2.97,1.69
2014.07.10 14:10:57.375,0.93735,0.93744,1.29,2.44
2014.07.10 14:10:57.578,0.93735,0.93741,1.19,1.00
2014.07.10 14:10:57.629,0.93734,0.93741,3.64,1.00
2014.07.10 14:10:58.145,0.93733,0.93741,2.97,1.50
2014.07.10 14:10:59.109,0.93734,0.93743,1.47,1.69
2014.07.10 14:10:59.624,0.93734,0.93744,5.22,2.44
2014.07.10 14:11:00.180,0.93735,0.93744,1.32,1.77
2014.07.10 14:11:04.090,0.93734,0.93741,3.64,1.00
2014.07.10 14:11:04.595,0.93733,0.9374,1.39,1.00
2014.07.10 14:11:05.116,0.93733,0.9374,1.47,1.00
2014.07.10 14:11:05.968,0.93734,0.93742,4.02,1.00
2014.07.10 14:11:06.497,0.93734,0.93743,5.97,1.25
2014.07.10 14:11:07.046,0.93735,0.93743,1.19,1.00
2014.07.10 14:11:07.961,0.93734,0.93743,4.77,1.69
2014.07.10 14:11:09.055,0.93735,0.93743,1.29,1.00
2014.07.10 14:11:12.097,0.93734,0.9374,4.47,1.00
2014.07.10 14:11:12.592,0.93733,0.9374,1.77,1.00
2014.07.10 14:11:13.656,0.93733,0.93738,1.10,1.00
2014.07.10 14:11:14.386,0.93733,0.93738,1.08,1.00
2014.07.10 14:11:14.894,0.93733,0.93738,1.10,1.00
2014.07.10 14:11:15.423,0.93733,0.93738,1.18,1.00
2014.07.10 14:11:15.929,0.93733,0.93738,1.10,1.00
2014.07.10 14:11:16.840,0.93733,0.93737,1.10,1.00
2014.07.10 14:11:17.093,0.93731,0.93737,1.00,1.25
2014.07.10 14:11:17.145,0.93731,0.93735,1.00,1.00
2014.07.10 14:11:17.298,0.93729,0.93735,1.10,1.00
2014.07.10 14:11:17.821,0.9373,0.93735,1.00,1.00
2014.07.10 14:11:18.884,0.93728,0.93735,1.84,1.00
2014.07.10 14:11:19.416,0.9373,0.93736,1.00,1.00
2014.07.10 14:11:20.619,0.93728,0.93736,1.37,1.50
2014.07.10 14:11:21.155,0.9373,0.93736,1.00,1.19
2014.07.10 14:11:21.256,0.9373,0.93737,1.00,1.25
2014.07.10 14:11:22.621,0.93728,0.93736,2.59,1.00
2014.07.10 14:11:23.175,0.9373,0.93737,1.00,1.19
2014.07.10 14:11:23.694,0.9373,0.93738,1.00,3.57
2014.07.10 14:11:24.421,0.9373,0.93738,1.00,2.82
2014.07.10 14:11:24.625,0.9373,0.93737,1.00,1.19
2014.07.10 14:11:25.130,0.93727,0.93736,3.72,1.25
2014.07.10 14:11:27.238,0.9373,0.93738,1.00,2.82
2014.07.10 14:11:27.543,0.93731,0.93738,2.14,1.00
2014.07.10 14:11:27.593,0.93733,0.9374,1.47,1.00
2014.07.10 14:11:28.099,0.93733,0.93741,2.22,1.69
2014.07.10 14:11:29.087,0.93733,0.9374,1.09,1.00
2014.07.10 14:11:29.492,0.93732,0.93738,2.03,1.00
2014.07.10 14:11:29.645,0.93731,0.93738,1.02,1.00
2014.07.10 14:11:29.902,0.9373,0.93736,1.20,1.00
2014.07.10 14:11:30.367,0.9373,0.93739,1.77,2.44
2014.07.10 14:11:30.418,0.93731,0.93739,1.39,1.00
2014.07.10 14:11:30.925,0.93733,0.93741,1.20,3.19
2014.07.10 14:11:31.445,0.93733,0.93741,1.95,2.44
2014.07.10 14:11:32.153,0.93733,0.9374,1.20,2.44
2014.07.10 14:11:32.610,0.9373,0.93736,1.25,1.00
2014.07.10 14:11:32.914,0.93728,0.93736,1.09,1.25
2014.07.10 14:11:33.471,0.93728,0.93736,1.02,1.25
2014.07.10 14:11:34.038,0.93728,0.93736,1.10,1.69
2014.07.10 14:11:44.714,0.93727,0.93736,1.84,1.69
2014.07.10 14:11:45.236,0.93727,0.93736,1.84,1.69
2014.07.10 14:11:48.799,0.93727,0.93736,1.77,1.69
2014.07.10 14:11:52.295,0.93727,0.93736,1.09,2.44
2014.07.10 14:11:55.594,0.93728,0.93736,1.67,1.00
2014.07.10 14:11:56.101,0.93727,0.93736,3.57,1.02
2014.07.10 14:11:57.086,0.93727,0.93736,2.14,1.69
2014.07.10 14:12:03.874,0.93727,0.93736,2.52,1.25
2014.07.10 14:12:04.854,0.93727,0.93736,1.02,2.44
2014.07.10 14:12:05.725,0.93727,0.93736,1.09,2.44
2014.07.10 14:12:06.237,0.93727,0.93736,1.02,2.44
2014.07.10 14:12:07.004,0.93727,0.93736,1.09,2.44
2014.07.10 14:12:07.630,0.93727,0.93736,1.02,2.44
2014.07.10 14:12:08.438,0.93727,0.93736,1.33,2.44
2014.07.10 14:12:09.002,0.93727,0.93736,1.02,1.69
2014.07.10 14:12:09.540,0.93727,0.93736,2.52,1.69
2014.07.10 14:12:10.541,0.93727,0.93736,2.52,1.69
2014.07.10 14:12:11.290,0.93727,0.93736,2.59,1.69
2014.07.10 14:12:11.862,0.93727,0.93736,2.52,1.69
2014.07.10 14:12:13.224,0.93727,0.93736,3.27,1.25
2014.07.10 14:12:22.961,0.93727,0.93737,4.09,3.57
2014.07.10 14:12:23.539,0.93727,0.93737,4.09,3.57
2014.07.10 14:12:24.102,0.93727,0.93737,4.09,3.57
2014.07.10 14:12:24.607,0.93727,0.93737,4.09,3.57
2014.07.10 14:12:25.307,0.9373,0.93737,1.50,2.07
2014.07.10 14:12:25.827,0.9373,0.93738,3.00,2.89
2014.07.10 14:12:29.733,0.93731,0.93738,3.00,1.77
2014.07.10 14:12:29.834,0.93732,0.93739,1.10,1.50
2014.07.10 14:12:29.936,0.93733,0.93741,1.20,2.25
2014.07.10 14:12:30.088,0.93733,0.9374,1.28,1.19
2014.07.10 14:12:30.190,0.93733,0.93741,1.47,1.69
2014.07.10 14:12:30.937,0.93733,0.93741,1.47,1.25
2014.07.10 14:12:31.456,0.93733,0.93741,1.39,1.25
2014.07.10 14:12:32.007,0.93733,0.93741,1.39,1.25
2014.07.10 14:12:32.551,0.93733,0.93741,1.47,1.25
2014.07.10 14:12:33.083,0.93733,0.93741,1.39,1.25
2014.07.10 14:12:34.437,0.93733,0.93741,1.47,1.25
2014.07.10 14:12:36.431,0.93733,0.93741,2.22,1.00
2014.07.10 14:12:36.893,0.93737,0.93743,1.50,1.25
2014.07.10 14:12:37.399,0.93737,0.93744,1.50,1.25
2014.07.10 14:12:43.523,0.93735,0.93742,4.02,1.00
2014.07.10 14:12:43.826,0.93731,0.93739,1.00,3.19
2014.07.10 14:12:44.130,0.93732,0.9374,1.58,1.69
2014.07.10 14:12:44.666,0.93733,0.93741,1.09,1.69
2014.07.10 14:12:46.343,0.93735,0.93742,1.00,1.25
2014.07.10 14:12:46.395,0.93737,0.93744,1.50,1.77
2014.07.10 14:12:46.979,0.93737,0.93744,1.50,1.19
2014.07.10 14:12:47.285,0.93733,0.93739,1.00,2.82
2014.07.10 14:12:47.336,0.9373,0.93739,1.25,2.97
2014.07.10 14:12:47.692,0.93732,0.93738,1.50,1.00
2014.07.10 14:12:48.240,0.93732,0.93739,1.50,1.25
2014.07.10 14:12:48.544,0.9373,0.93739,3.94,2.89
2014.07.10 14:12:49.078,0.9373,0.93738,2.44,2.07
2014.07.10 14:12:50.979,0.93727,0.93736,3.27,1.19
2014.07.10 14:12:51.030,0.93727,0.93736,3.27,1.19
2014.07.10 14:12:56.507,0.93727,0.93736,3.19,1.02
2014.07.10 14:12:57.613,0.93727,0.93736,2.52,1.19
2014.07.10 14:13:00.890,0.93727,0.93737,3.27,5.14
2014.07.10 14:13:01.969,0.93727,0.93736,2.52,1.69
2014.07.10 14:13:08.935,0.93727,0.93737,3.27,4.39
2014.07.10 14:13:14.535,0.93727,0.93736,2.59,1.69
2014.07.10 14:13:15.048,0.93727,0.93736,2.52,1.69
2014.07.10 14:13:15.756,0.93727,0.93736,3.27,1.25
2014.07.10 14:13:19.364,0.93727,0.93735,3.34,1.00
2014.07.10 14:13:22.428,0.93727,0.93734,3.27,1.00
2014.07.10 14:13:24.128,0.93727,0.93735,3.34,1.00
2014.07.10 14:13:26.967,0.93727,0.93736,3.72,1.25
2014.07.10 14:13:29.374,0.93727,0.93737,3.72,3.94
2014.07.10 14:13:29.427,0.93732,0.93737,1.13,1.69
2014.07.10 14:13:29.582,0.93732,0.93739,1.10,1.69
2014.07.10 14:13:29.684,0.93737,0.93741,1.50,1.00
2014.07.10 14:13:29.735,0.93737,0.93743,1.50,1.10
2014.07.10 14:13:31.049,0.93737,0.93745,1.50,2.44
2014.07.10 14:13:32.697,0.93737,0.93745,1.69,1.25
2014.07.10 14:13:44.120,0.93737,0.93746,4.02,1.25
2014.07.10 14:13:45.158,0.93737,0.93746,3.19,1.77
2014.07.10 14:13:46.140,0.93737,0.93746,3.94,1.02
2014.07.10 14:13:50.880,0.93739,0.93746,1.00,1.25
2014.07.10 14:13:58.128,0.9374,0.93746,1.00,1.25
2014.07.10 14:14:00.197,0.93741,0.93746,1.00,1.00
2014.07.10 14:14:00.350,0.93743,0.93749,1.00,1.50
2014.07.10 14:14:00.503,0.93744,0.93751,1.00,1.69
2014.07.10 14:14:00.655,0.93747,0.93752,1.50,1.25
2014.07.10 14:14:00.909,0.93745,0.93751,1.10,1.00
2014.07.10 14:14:01.416,0.93744,0.9375,1.00,1.00
2014.07.10 14:14:01.950,0.93744,0.93751,1.00,1.69
2014.07.10 14:14:02.478,0.93744,0.9375,1.00,1.00
2014.07.10 14:14:02.883,0.93744,0.93748,1.50,1.00
2014.07.10 14:14:03.136,0.9374,0.93747,3.19,1.00
2014.07.10 14:14:03.662,0.9374,0.93748,3.19,1.25
2014.07.10 14:14:04.428,0.9374,0.93747,3.19,1.00
2014.07.10 14:14:04.942,0.93739,0.93746,1.02,1.00
2014.07.10 14:14:05.859,0.93738,0.93746,1.77,1.25
2014.07.10 14:14:08.599,0.93739,0.93747,1.00,1.69
2014.07.10 14:14:09.105,0.93739,0.93748,1.69,2.14
2014.07.10 14:14:09.711,0.93739,0.93748,1.69,2.14
2014.07.10 14:14:10.271,0.93739,0.93748,1.69,2.89
2014.07.10 14:14:10.827,0.9374,0.93748,1.00,2.89
2014.07.10 14:14:11.347,0.93739,0.93748,1.69,2.89
2014.07.10 14:14:14.191,0.93739,0.93748,2.44,2.14
2014.07.10 14:14:16.602,0.93739,0.93747,2.44,1.00
2014.07.10 14:14:17.693,0.93739,0.93748,1.69,2.97
2014.07.10 14:14:18.213,0.9374,0.93748,1.00,2.97
2014.07.10 14:14:18.755,0.93739,0.93746,1.00,1.25
2014.07.10 14:14:25.172,0.93738,0.93746,3.27,1.25
2014.07.10 14:14:25.733,0.93738,0.93746,3.27,1.00
2014.07.10 14:14:28.160,0.93738,0.93746,2.52,1.25
2014.07.10 14:14:30.580,0.93738,0.93746,3.27,1.00
2014.07.10 14:14:30.826,0.93738,0.93746,2.52,1.58
2014.07.10 14:14:31.009,0.93737,0.93741,1.00,1.00
2014.07.10 14:14:31.511,0.93736,0.93741,1.00,1.00
2014.07.10 14:14:35.283,0.93736,0.93743,1.00,2.44
2014.07.10 14:14:35.799,0.93736,0.93743,1.00,1.69
2014.07.10 14:14:38.784,0.93736,0.93744,1.02,1.25
2014.07.10 14:14:38.987,0.93735,0.93742,1.25,1.00
2014.07.10 14:14:39.291,0.9374,0.93746,1.00,1.00
2014.07.10 14:14:39.816,0.9374,0.93747,1.00,1.69
2014.07.10 14:14:40.738,0.93737,0.93747,3.64,2.52
2014.07.10 14:14:41.282,0.93737,0.93745,3.64,1.00
2014.07.10 14:14:42.976,0.93737,0.93745,2.14,1.25
2014.07.10 14:14:43.077,0.93739,0.93746,1.00,1.19
2014.07.10 14:14:43.179,0.93739,0.93747,1.25,1.69
2014.07.10 14:14:43.697,0.93739,0.93748,2.59,1.69
2014.07.10 14:14:44.210,0.93739,0.93749,3.34,3.57
2014.07.10 14:14:44.971,0.93739,0.93745,1.77,1.00
2014.07.10 14:14:45.224,0.93738,0.93745,1.25,1.00
2014.07.10 14:14:45.943,0.93737,0.93745,1.02,1.25
2014.07.10 14:14:50.154,0.93737,0.93745,1.00,1.69
2014.07.10 14:14:52.555,0.93737,0.93745,1.00,1.25
2014.07.10 14:14:56.150,0.93737,0.93745,1.00,1.69
2014.07.10 14:14:57.117,0.93737,0.93745,1.25,1.25
2014.07.10 14:14:57.957,0.93737,0.93745,1.00,1.77
2014.07.10 14:14:58.636,0.93736,0.93745,2.82,1.84
2014.07.10 14:15:25.214,0.93735,0.93743,3.57,1.00
2014.07.10 14:15:26.852,0.93736,0.93744,1.02,1.25
2014.07.10 14:15:27.460,0.93737,0.93744,1.00,1.25
2014.07.10 14:15:28.057,0.93737,0.93743,1.00,1.00
2014.07.10 14:15:34.412,0.93735,0.93743,1.69,1.10
2014.07.10 14:15:34.920,0.93735,0.93743,1.25,1.25
2014.07.10 14:15:39.383,0.93735,0.93743,1.25,1.09
2014.07.10 14:15:39.929,0.93734,0.93743,1.69,2.59
2014.07.10 14:15:40.440,0.93734,0.93743,1.25,3.34
2014.07.10 14:15:41.414,0.93734,0.93743,1.25,3.34
2014.07.10 14:15:44.150,0.93736,0.93743,1.00,2.59
2014.07.10 14:15:44.657,0.93734,0.93744,2.44,4.09
2014.07.10 14:15:44.961,0.93734,0.9374,1.19,1.38
2014.07.10 14:15:45.063,0.93732,0.93741,1.25,2.03
2014.07.10 14:15:45.164,0.93729,0.93737,1.77,1.25
2014.07.10 14:15:45.215,0.93729,0.93737,1.25,1.39
2014.07.10 14:15:45.417,0.93727,0.93736,1.25,2.59
2014.07.10 14:15:45.878,0.93729,0.93736,1.00,2.97
2014.07.10 14:15:46.405,0.93729,0.93735,1.00,1.10
2014.07.10 14:15:56.561,0.93728,0.93735,1.25,1.00
2014.07.10 14:15:57.068,0.93726,0.93735,2.44,1.02
2014.07.10 14:15:57.590,0.93725,0.93735,3.64,2.52
2014.07.10 14:16:00.651,0.93729,0.93735,1.00,2.44
2014.07.10 14:16:00.954,0.93731,0.93736,1.29,1.10
2014.07.10 14:16:01.419,0.93731,0.93738,1.77,1.00
2014.07.10 14:16:01.471,0.93731,0.9374,1.77,1.69
2014.07.10 14:16:06.031,0.9373,0.9374,1.69,3.64
2014.07.10 14:16:06.479,0.93729,0.93738,1.02,2.44
2014.07.10 14:16:07.657,0.93729,0.93738,1.77,1.69
2014.07.10 14:16:09.113,0.93729,0.93738,1.69,1.84
2014.07.10 14:16:09.379,0.93728,0.93736,1.69,1.25
2014.07.10 14:16:09.886,0.93727,0.93736,2.14,3.19
2014.07.10 14:16:20.784,0.93725,0.93735,3.64,2.52
2014.07.10 14:16:25.446,0.93725,0.93735,2.89,1.77
2014.07.10 14:16:25.989,0.93725,0.93735,3.64,2.52
2014.07.10 14:16:26.494,0.93725,0.93735,3.57,2.59
2014.07.10 14:16:27.369,0.93725,0.93735,3.57,2.59
2014.07.10 14:16:28.059,0.93725,0.93735,3.57,2.59
2014.07.10 14:16:28.578,0.93725,0.93735,3.57,2.59
2014.07.10 14:16:29.089,0.93725,0.93735,3.57,2.59
2014.07.10 14:16:29.730,0.93725,0.93735,3.57,1.84
2014.07.10 14:16:30.300,0.93725,0.93735,3.57,1.84
2014.07.10 14:16:30.815,0.93725,0.93735,3.57,1.84
2014.07.10 14:16:56.254,0.93725,0.93735,3.57,2.59
2014.07.10 14:16:56.967,0.93725,0.93735,3.57,2.59
2014.07.10 14:17:12.041,0.93725,0.93735,3.57,4.09
2014.07.10 14:17:12.801,0.93725,0.93734,3.57,1.02
2014.07.10 14:17:13.461,0.93725,0.93734,3.57,1.09
2014.07.10 14:17:14.109,0.93725,0.93734,3.57,1.02
2014.07.10 14:17:15.958,0.93725,0.93734,3.57,1.09
2014.07.10 14:17:16.515,0.93725,0.93734,3.57,1.02
2014.07.10 14:17:17.045,0.93725,0.93734,3.57,1.09
2014.07.10 14:17:17.551,0.93725,0.93734,3.57,1.02
2014.07.10 14:17:26.995,0.93725,0.93734,2.07,1.09
2014.07.10 14:17:38.057,0.93725,0.93735,2.82,2.59
2014.07.10 14:17:38.626,0.93725,0.93735,2.44,2.97
2014.07.10 14:17:40.261,0.93725,0.93735,2.44,2.97
2014.07.10 14:17:40.827,0.93725,0.93735,2.82,2.59
2014.07.10 14:17:41.375,0.93725,0.93735,2.82,2.59
2014.07.10 14:17:41.912,0.93725,0.93735,2.82,2.59
2014.07.10 14:17:43.255,0.93725,0.93734,1.32,1.09
2014.07.10 14:17:43.810,0.93725,0.93734,2.07,1.09
2014.07.10 14:17:44.545,0.93725,0.93734,1.32,1.09
2014.07.10 14:17:45.057,0.93725,0.93734,2.07,1.09
2014.07.10 14:17:46.077,0.93725,0.93734,1.32,1.84
2014.07.10 14:17:48.388,0.93725,0.93734,2.07,1.09
2014.07.10 14:17:52.352,0.93725,0.93734,1.32,1.84
2014.07.10 14:17:53.559,0.93725,0.93734,2.07,1.02
2014.07.10 14:17:53.610,0.93725,0.93731,1.69,1.50
2014.07.10 14:17:53.863,0.93724,0.93733,2.07,1.77
2014.07.10 14:17:54.369,0.93724,0.93731,1.32,1.00
2014.07.10 14:17:56.991,0.93723,0.93731,2.07,3.19
2014.07.10 14:17:58.367,0.93723,0.9373,2.07,1.50
2014.07.10 14:17:58.965,0.93723,0.9373,1.00,2.82
2014.07.10 14:17:59.117,0.93722,0.93727,1.00,1.00
2014.07.10 14:17:59.269,0.93719,0.93726,1.25,1.10
2014.07.10 14:17:59.774,0.93719,0.93726,1.25,1.18
2014.07.10 14:18:01.841,0.93719,0.93726,1.25,1.00
2014.07.10 14:18:07.736,0.9372,0.93726,1.00,1.00
2014.07.10 14:18:07.787,0.93722,0.93726,1.00,1.00
2014.07.10 14:18:07.940,0.93721,0.9373,2.14,1.69
2014.07.10 14:18:08.448,0.93721,0.93729,1.29,1.58
2014.07.10 14:18:08.954,0.93722,0.9373,1.09,1.25
2014.07.10 14:18:09.266,0.93721,0.93729,1.69,1.02
2014.07.10 14:18:09.367,0.93723,0.9373,1.00,3.72
2014.07.10 14:18:09.570,0.9372,0.93728,1.29,1.13
2014.07.10 14:18:09.722,0.93721,0.93728,1.84,1.00
2014.07.10 14:18:09.925,0.93722,0.9373,1.09,1.25
2014.07.10 14:18:10.438,0.93722,0.93731,1.02,2.44
2014.07.10 14:18:11.504,0.93723,0.93731,1.00,2.82
2014.07.10 14:18:12.217,0.93723,0.93731,1.69,1.25
2014.07.10 14:18:26.755,0.93723,0.93731,1.19,1.10
2014.07.10 14:18:27.536,0.93722,0.93731,3.64,1.25
2014.07.10 14:18:30.301,0.93723,0.93731,1.19,1.10
2014.07.10 14:18:32.863,0.93722,0.93731,3.27,3.57
2014.07.10 14:18:34.931,0.93723,0.93731,1.19,1.00
2014.07.10 14:18:38.131,0.93724,0.93731,1.29,1.00
2014.07.10 14:18:43.755,0.93726,0.93731,1.00,1.00
2014.07.10 14:18:44.269,0.93727,0.93731,1.00,1.00
2014.07.10 14:18:45.098,0.93727,0.93734,1.00,1.69
2014.07.10 14:18:45.352,0.93726,0.9373,1.58,1.00
2014.07.10 14:18:46.248,0.93725,0.9373,1.02,1.00
2014.07.10 14:18:54.677,0.93726,0.9373,1.00,1.00
2014.07.10 14:18:59.085,0.93725,0.9373,1.10,1.00
2014.07.10 14:19:11.319,0.93723,0.9373,1.84,1.00
2014.07.10 14:19:15.336,0.93724,0.9373,1.29,1.00
2014.07.10 14:19:16.949,0.93723,0.9373,3.34,1.00
2014.07.10 14:19:18.052,0.93724,0.9373,1.29,1.00
2014.07.10 14:19:21.262,0.93726,0.9373,1.25,1.00
2014.07.10 14:19:21.624,0.93726,0.93734,1.25,2.44
2014.07.10 14:19:22.709,0.93725,0.93733,1.69,1.00
2014.07.10 14:19:23.250,0.93725,0.93733,1.00,1.69
2014.07.10 14:19:23.849,0.93725,0.93733,1.25,1.25
2014.07.10 14:19:28.303,0.93724,0.93733,1.02,1.69
2014.07.10 14:19:30.075,0.93724,0.93733,1.77,1.25
2014.07.10 14:19:31.556,0.93728,0.93733,1.00,1.25
2014.07.10 14:19:31.658,0.93729,0.93736,1.00,1.84
2014.07.10 14:19:31.709,0.93731,0.93736,1.00,1.15
2014.07.10 14:19:31.861,0.93731,0.9374,1.33,1.77
2014.07.10 14:19:32.064,0.93733,0.93738,1.00,1.00
2014.07.10 14:19:32.267,0.93728,0.93735,2.44,1.00
2014.07.10 14:19:33.451,0.93728,0.93735,1.69,1.00
2014.07.10 14:19:43.035,0.93728,0.93734,1.25,1.00
2014.07.10 14:19:49.973,0.93728,0.93735,1.25,1.50
2014.07.10 14:19:55.693,0.93728,0.93735,1.77,1.00
2014.07.10 14:19:56.225,0.93728,0.93735,1.77,1.00
2014.07.10 14:19:57.202,0.93728,0.93735,1.77,1.00
2014.07.10 14:20:00.925,0.93728,0.93735,1.69,1.00
2014.07.10 14:20:16.475,0.93728,0.93735,1.77,1.00
2014.07.10 14:20:17.485,0.93728,0.93735,1.77,1.00
2014.07.10 14:20:18.605,0.93728,0.93735,1.77,1.00
2014.07.10 14:20:20.552,0.9373,0.93738,1.33,1.39
2014.07.10 14:20:20.603,0.9373,0.93738,1.84,1.32
2014.07.10 14:20:20.806,0.93732,0.9374,1.02,1.58
2014.07.10 14:20:20.991,0.93731,0.93737,1.02,1.00
2014.07.10 14:20:21.143,0.93729,0.93737,1.77,1.25
2014.07.10 14:20:21.663,0.93729,0.93736,1.25,1.00
2014.07.10 14:20:21.765,0.93727,0.93736,3.27,1.00
2014.07.10 14:20:22.290,0.93727,0.93736,2.52,1.25
2014.07.10 14:20:22.802,0.93727,0.93736,1.69,1.29
2014.07.10 14:20:31.224,0.93727,0.93736,1.19,2.52
2014.07.10 14:20:33.286,0.93727,0.93736,1.25,2.52
2014.07.10 14:20:37.314,0.93727,0.93736,1.19,2.52
2014.07.10 14:20:42.458,0.93728,0.93736,1.77,1.00
2014.07.10 14:20:43.430,0.93728,0.93736,1.77,1.25
2014.07.10 14:20:43.938,0.93728,0.93736,1.77,1.25
2014.07.10 14:20:44.445,0.93728,0.93736,1.77,1.25
2014.07.10 14:20:45.106,0.93728,0.93736,1.77,1.00
2014.07.10 14:20:55.677,0.93731,0.93736,1.25,1.00
2014.07.10 14:20:55.880,0.93733,0.93739,1.10,1.10
2014.07.10 14:20:56.033,0.93733,0.93741,2.14,1.25
2014.07.10 14:20:56.730,0.93733,0.93741,2.22,1.25
2014.07.10 14:20:57.299,0.93733,0.93741,3.64,1.00
2014.07.10 14:21:00.478,0.93734,0.93741,1.19,1.00
2014.07.10 14:21:00.580,0.93733,0.93741,1.50,3.45
2014.07.10 14:21:00.630,0.93733,0.9374,1.50,1.53
2014.07.10 14:21:00.782,0.9373,0.93738,1.19,1.15
2014.07.10 14:21:01.203,0.93729,0.93738,3.19,1.09
2014.07.10 14:21:01.727,0.93729,0.93738,3.94,1.09
2014.07.10 14:21:03.304,0.93729,0.93738,3.19,1.02
2014.07.10 14:21:03.812,0.93729,0.93738,3.19,1.09
2014.07.10 14:21:04.544,0.93729,0.93738,3.19,1.02
2014.07.10 14:21:05.078,0.93729,0.93738,3.19,1.09
2014.07.10 14:21:05.618,0.93729,0.93738,3.19,1.02
2014.07.10 14:21:06.127,0.93729,0.93738,3.19,1.09
2014.07.10 14:21:06.669,0.93729,0.93738,3.19,1.29
2014.07.10 14:21:07.642,0.93729,0.93738,3.19,1.09
2014.07.10 14:21:08.178,0.93729,0.93738,4.02,1.25
2014.07.10 14:21:08.711,0.9373,0.93738,1.19,1.00
2014.07.10 14:21:09.134,0.93733,0.93739,1.00,1.39
2014.07.10 14:21:09.336,0.93732,0.93741,2.97,1.25
2014.07.10 14:21:11.432,0.93733,0.93741,2.14,1.00
2014.07.10 14:21:17.648,0.93733,0.93741,1.20,1.19
2014.07.10 14:21:17.851,0.9373,0.93738,2.44,1.00
2014.07.10 14:21:18.741,0.93729,0.93738,1.77,1.69
2014.07.10 14:21:19.272,0.93729,0.93738,1.69,1.84
2014.07.10 14:21:23.913,0.93729,0.93737,1.69,1.02
2014.07.10 14:21:24.578,0.9373,0.93737,1.88,1.25
2014.07.10 14:21:24.983,0.93731,0.93739,1.25,1.25
2014.07.10 14:21:25.569,0.93732,0.9374,1.02,1.25
2014.07.10 14:21:26.419,0.93732,0.93741,2.89,1.69
2014.07.10 14:21:27.447,0.93733,0.93741,2.14,1.50
2014.07.10 14:21:29.665,0.93732,0.93741,2.97,1.69
2014.07.10 14:21:30.225,0.93734,0.93741,1.00,1.69
2014.07.10 14:21:41.249,0.93732,0.93741,2.22,1.00
2014.07.10 14:21:41.839,0.93733,0.93741,2.14,1.00
2014.07.10 14:21:53.902,0.93734,0.93741,1.19,1.00
2014.07.10 14:21:55.924,0.93734,0.93742,1.19,1.50
2014.07.10 14:21:56.449,0.93733,0.93742,1.39,1.69
2014.07.10 14:22:07.880,0.93734,0.93742,1.29,1.00
2014.07.10 14:22:26.357,0.93733,0.93742,3.64,1.25
2014.07.10 14:22:27.404,0.93734,0.93742,1.29,1.00
2014.07.10 14:22:32.260,0.93734,0.93743,2.52,1.25
2014.07.10 14:22:32.975,0.93736,0.93744,1.00,2.97
2014.07.10 14:22:33.481,0.93737,0.93744,1.00,3.64
2014.07.10 14:22:33.992,0.93738,0.93744,1.00,3.64
2014.07.10 14:22:35.829,0.93735,0.93744,1.25,3.64
2014.07.10 14:22:36.342,0.93735,0.93744,1.77,1.69
2014.07.10 14:22:38.002,0.93736,0.93744,1.19,1.00
2014.07.10 14:22:40.865,0.93736,0.93745,2.52,1.25
2014.07.10 14:22:41.305,0.9374,0.93745,1.13,1.25
2014.07.10 14:22:41.558,0.93742,0.93751,2.97,1.69
2014.07.10 14:22:42.064,0.93742,0.93751,3.64,1.69
2014.07.10 14:22:42.589,0.93743,0.93751,1.32,1.50
2014.07.10 14:22:57.322,0.93744,0.93751,1.19,1.00
2014.07.10 14:22:58.316,0.93743,0.93751,2.89,1.00
2014.07.10 14:23:02.699,0.93743,0.93751,2.14,1.25
2014.07.10 14:23:03.688,0.93743,0.93751,2.89,1.00
2014.07.10 14:23:11.854,0.93743,0.93751,1.39,1.25
2014.07.10 14:23:12.845,0.93743,0.93751,2.14,1.00
2014.07.10 14:23:13.870,0.93743,0.93751,1.77,1.88
2014.07.10 14:23:14.022,0.93742,0.9375,1.00,2.14
2014.07.10 14:23:14.174,0.9374,0.9375,1.25,2.97
2014.07.10 14:23:14.364,0.9374,0.93747,1.00,1.00
2014.07.10 14:23:14.671,0.93744,0.93749,1.00,1.00
2014.07.10 14:23:14.722,0.93744,0.93752,1.00,1.69
2014.07.10 14:23:15.498,0.93743,0.9375,1.19,1.00
2014.07.10 14:23:15.650,0.93742,0.93747,1.29,1.00
2014.07.10 14:23:15.701,0.93741,0.93747,1.00,1.00
2014.07.10 14:23:16.106,0.93739,0.93746,1.69,1.00
2014.07.10 14:23:16.603,0.93737,0.93745,1.02,1.25
2014.07.10 14:23:18.782,0.93736,0.93745,1.69,1.40
2014.07.10 14:23:18.884,0.93736,0.93744,1.69,1.10
2014.07.10 14:23:19.390,0.93736,0.93744,1.19,1.18
2014.07.10 14:23:19.964,0.93735,0.93744,2.44,1.09
2014.07.10 14:23:20.343,0.93739,0.93744,1.00,1.09
2014.07.10 14:23:20.545,0.93739,0.93745,1.00,1.10
2014.07.10 14:23:20.849,0.93737,0.93744,1.69,1.08
2014.07.10 14:23:21.882,0.93735,0.93744,2.44,1.09
2014.07.10 14:23:22.874,0.93739,0.93745,1.00,1.15
2014.07.10 14:23:23.463,0.93739,0.93745,1.00,1.18
2014.07.10 14:23:26.375,0.93736,0.93745,2.82,1.09
2014.07.10 14:23:26.527,0.93736,0.93745,1.69,2.22
2014.07.10 14:23:27.040,0.93735,0.93745,3.19,2.97
2014.07.10 14:23:30.405,0.93735,0.93745,2.44,2.97
2014.07.10 14:23:31.302,0.93735,0.93745,2.44,2.97
2014.07.10 14:23:31.845,0.93735,0.93745,2.44,2.97
2014.07.10 14:23:32.582,0.93735,0.93745,2.44,2.97
2014.07.10 14:23:33.101,0.93735,0.93745,2.44,2.97
2014.07.10 14:23:33.889,0.93736,0.93745,1.19,2.22
2014.07.10 14:23:34.864,0.93736,0.93745,1.19,2.22
2014.07.10 14:23:43.306,0.93739,0.93745,1.00,1.77
2014.07.10 14:23:43.819,0.93739,0.93746,1.00,1.02
2014.07.10 14:23:46.413,0.93739,0.93746,1.25,1.18
2014.07.10 14:23:47.556,0.93739,0.93746,1.25,1.20
2014.07.10 14:23:52.434,0.93739,0.93747,1.00,2.97
2014.07.10 14:23:52.940,0.93739,0.93747,1.00,2.97
2014.07.10 14:23:53.473,0.93739,0.93747,1.00,2.97
2014.07.10 14:23:53.994,0.93739,0.93747,1.00,2.97
2014.07.10 14:23:55.582,0.93739,0.93747,1.08,2.89
2014.07.10 14:23:55.885,0.93739,0.93747,1.15,1.32
2014.07.10 14:23:56.190,0.93739,0.93747,1.18,1.19
2014.07.10 14:23:56.705,0.93739,0.93748,1.09,2.82
2014.07.10 14:23:57.177,0.93742,0.93748,1.00,1.13
2014.07.10 14:23:57.481,0.93743,0.9375,1.15,1.25
2014.07.10 14:23:57.633,0.93744,0.93752,1.09,1.69
2014.07.10 14:23:58.142,0.93745,0.93753,1.19,1.58
2014.07.10 14:23:59.906,0.93745,0.93753,1.69,1.18
2014.07.10 14:24:00.563,0.93745,0.93754,1.69,1.47
2014.07.10 14:24:02.755,0.93745,0.93754,1.69,1.09
2014.07.10 14:24:05.487,0.93745,0.93754,1.69,1.40
2014.07.10 14:24:07.137,0.93745,0.93754,1.69,1.09
2014.07.10 14:24:07.674,0.93745,0.93754,1.69,1.09
2014.07.10 14:24:08.355,0.93745,0.93754,1.69,1.09
2014.07.10 14:24:09.844,0.93745,0.93754,1.69,1.40
2014.07.10 14:24:10.381,0.93745,0.93754,1.69,1.02
2014.07.10 14:24:12.826,0.93745,0.93755,2.44,2.97
2014.07.10 14:24:13.465,0.93745,0.93755,2.44,2.97
2014.07.10 14:24:14.139,0.93745,0.93755,2.44,2.59
2014.07.10 14:24:14.341,0.93749,0.93755,1.00,1.40
2014.07.10 14:24:14.443,0.93749,0.93755,1.25,1.00
2014.07.10 14:24:14.949,0.93749,0.93756,1.25,1.00
2014.07.10 14:24:18.654,0.93747,0.93756,2.44,1.02
2014.07.10 14:24:19.686,0.93747,0.93756,1.02,1.69
2014.07.10 14:24:24.055,0.93747,0.93756,1.29,2.44
2014.07.10 14:24:24.358,0.93751,0.93756,1.00,1.10
2014.07.10 14:24:24.561,0.93751,0.93758,1.18,1.25
2014.07.10 14:24:24.713,0.93752,0.9376,1.09,1.00
2014.07.10 14:24:29.001,0.93753,0.93758,1.20,1.00
2014.07.10 14:24:29.256,0.9375,0.93758,1.19,1.58
2014.07.10 14:24:29.774,0.9375,0.93757,1.19,1.50
2014.07.10 14:24:30.297,0.93749,0.93757,1.25,1.69
2014.07.10 14:24:36.863,0.93749,0.93756,1.25,1.00
2014.07.10 14:24:38.368,0.93749,0.93755,1.25,1.00
2014.07.10 14:24:39.177,0.93749,0.93756,1.25,1.50
2014.07.10 14:24:42.315,0.93749,0.93757,1.25,1.77
2014.07.10 14:24:42.669,0.9375,0.93758,2.14,1.25
2014.07.10 14:24:43.174,0.9375,0.93757,1.02,1.00
2014.07.10 14:24:45.028,0.93749,0.93757,1.25,1.25
2014.07.10 14:24:54.665,0.93749,0.93758,1.77,1.69
2014.07.10 14:24:55.557,0.93749,0.93758,1.02,2.44
2014.07.10 14:24:56.591,0.93749,0.93758,1.29,2.44
2014.07.10 14:24:57.332,0.93751,0.93758,1.00,1.69
2014.07.10 14:24:57.636,0.93752,0.9376,1.09,1.25
2014.07.10 14:24:57.942,0.93752,0.9376,1.47,1.25
2014.07.10 14:24:58.517,0.93752,0.9376,1.47,1.25
2014.07.10 14:24:58.926,0.93751,0.9376,1.00,2.89
2014.07.10 14:24:59.434,0.9375,0.93759,1.25,1.39
2014.07.10 14:25:00.806,0.93749,0.93757,2.44,1.00
2014.07.10 14:25:01.416,0.93749,0.93757,1.69,1.69
2014.07.10 14:25:03.148,0.93749,0.93757,2.44,1.50
2014.07.10 14:25:09.095,0.93749,0.93757,2.44,1.25
2014.07.10 14:25:11.770,0.93749,0.93754,1.77,1.00
2014.07.10 14:25:12.126,0.93749,0.93756,1.84,1.00
2014.07.10 14:25:12.632,0.93748,0.93755,1.29,1.00
2014.07.10 14:25:14.039,0.93747,0.93755,2.59,1.00
2014.07.10 14:25:28.075,0.93748,0.93755,1.77,1.00
2014.07.10 14:25:28.177,0.9375,0.93758,1.25,2.07
2014.07.10 14:25:31.538,0.93749,0.93756,2.52,1.00
2014.07.10 14:25:32.044,0.93749,0.93755,1.77,1.00
2014.07.10 14:25:33.057,0.93749,0.93756,1.69,1.00
2014.07.10 14:25:33.593,0.93749,0.93756,1.25,1.00
2014.07.10 14:25:36.426,0.93748,0.93755,1.84,1.00
2014.07.10 14:25:36.628,0.93747,0.93753,1.33,1.00
2014.07.10 14:25:37.148,0.93746,0.93753,1.19,1.00
2014.07.10 14:25:39.060,0.93745,0.9375,1.32,1.00
2014.07.10 14:25:39.522,0.93745,0.93752,1.25,1.50
2014.07.10 14:25:40.625,0.93745,0.93752,1.19,1.00
2014.07.10 14:25:53.808,0.93744,0.93752,3.57,1.00
2014.07.10 14:25:58.409,0.93744,0.93753,3.64,1.25
2014.07.10 14:25:59.155,0.93745,0.93753,1.19,1.00
2014.07.10 14:26:00.190,0.93745,0.93754,1.19,1.77
2014.07.10 14:26:03.904,0.93747,0.93755,1.00,2.44
2014.07.10 14:26:04.681,0.93747,0.93755,1.25,1.69
2014.07.10 14:26:06.778,0.93747,0.93754,1.25,1.00
2014.07.10 14:26:07.142,0.93749,0.93756,1.25,1.00
2014.07.10 14:26:07.447,0.93751,0.93758,1.64,1.00
2014.07.10 14:26:07.953,0.93751,0.93757,1.69,1.00
2014.07.10 14:26:08.055,0.93752,0.93759,1.19,1.50
2014.07.10 14:26:08.566,0.93752,0.93758,1.19,1.00
2014.07.10 14:26:09.096,0.93753,0.93759,1.25,1.00
2014.07.10 14:26:10.381,0.93751,0.93758,1.69,1.00
2014.07.10 14:26:10.685,0.93751,0.93756,1.00,1.25
2014.07.10 14:26:10.736,0.93748,0.93754,1.69,1.00
2014.07.10 14:26:10.888,0.93749,0.93756,1.19,1.10
2014.07.10 14:26:11.888,0.9375,0.93756,1.19,1.00
2014.07.10 14:26:12.507,0.9375,0.93757,1.19,1.10
2014.07.10 14:26:14.118,0.93749,0.93757,1.19,1.10
2014.07.10 14:26:14.765,0.93749,0.93756,1.19,1.00
2014.07.10 14:26:16.572,0.93748,0.93756,2.25,1.10
2014.07.10 14:26:17.077,0.93748,0.93757,2.25,1.58
2014.07.10 14:26:18.198,0.93748,0.93757,2.25,1.58
2014.07.10 14:26:18.300,0.93749,0.93757,1.19,1.65
2014.07.10 14:26:19.043,0.93749,0.93757,1.19,1.65
2014.07.10 14:26:19.549,0.93749,0.93757,1.19,1.65
2014.07.10 14:26:20.059,0.9375,0.93757,1.25,1.65
2014.07.10 14:26:20.607,0.9375,0.93757,1.19,1.58
2014.07.10 14:26:20.961,0.93753,0.93758,1.25,1.00
2014.07.10 14:26:21.265,0.93755,0.93761,1.19,1.00
2014.07.10 14:26:21.417,0.93755,0.93763,1.19,1.50
2014.07.10 14:26:22.255,0.93757,0.93763,1.25,1.00
2014.07.10 14:26:23.409,0.93757,0.93762,1.25,1.00
2014.07.10 14:26:25.177,0.93757,0.93763,1.25,1.50
2014.07.10 14:26:27.437,0.93756,0.93762,1.19,1.00
2014.07.10 14:26:27.939,0.93756,0.93763,1.19,1.00
2014.07.10 14:26:28.842,0.93756,0.93762,1.19,1.00
2014.07.10 14:26:37.166,0.93756,0.93761,1.19,1.00
2014.07.10 14:26:37.875,0.93755,0.93761,1.69,1.00
2014.07.10 14:26:39.485,0.93755,0.93762,1.69,1.00
2014.07.10 14:26:41.003,0.93755,0.93764,2.14,1.77
2014.07.10 14:26:41.054,0.93757,0.93764,1.29,1.50
2014.07.10 14:26:42.964,0.9376,0.93766,1.13,1.65
2014.07.10 14:26:43.067,0.9376,0.93767,2.07,1.50
2014.07.10 14:26:43.574,0.9376,0.93766,1.25,1.50
2014.07.10 14:26:43.912,0.9376,0.93764,1.00,1.00
2014.07.10 14:26:44.391,0.93758,0.93766,1.19,4.20
2014.07.10 14:26:44.947,0.93757,0.93766,1.69,3.45
2014.07.10 14:26:45.452,0.93757,0.93766,2.44,3.64
2014.07.10 14:26:54.086,0.93758,0.93766,1.19,2.25
2014.07.10 14:26:59.120,0.9376,0.93766,1.50,2.25
2014.07.10 14:27:00.471,0.93761,0.93767,1.50,1.00
2014.07.10 14:27:01.124,0.93762,0.93767,1.50,1.00
2014.07.10 14:27:01.226,0.93762,0.93769,1.69,1.50
2014.07.10 14:27:01.387,0.93762,0.9377,2.82,2.25
2014.07.10 14:27:01.893,0.93763,0.93771,1.47,2.25
2014.07.10 14:27:04.305,0.93763,0.9377,2.22,1.00
2014.07.10 14:27:04.816,0.93762,0.93769,2.52,1.00
2014.07.10 14:27:05.130,0.93761,0.93767,1.69,1.00
2014.07.10 14:27:05.648,0.9376,0.93767,2.44,1.00
2014.07.10 14:27:05.951,0.93762,0.93768,1.50,1.00
2014.07.10 14:27:06.467,0.9376,0.93767,3.19,1.00
2014.07.10 14:27:06.983,0.9376,0.93767,2.44,1.00
2014.07.10 14:27:08.538,0.9376,0.93768,2.44,2.82
2014.07.10 14:27:28.863,0.93762,0.93768,1.50,1.25
2014.07.10 14:27:29.166,0.93762,0.93769,1.65,1.19
2014.07.10 14:27:29.218,0.93763,0.93771,1.37,2.25
2014.07.10 14:27:30.899,0.93763,0.9377,2.22,1.00
2014.07.10 14:27:34.249,0.93763,0.93771,2.07,2.25
2014.07.10 14:27:50.459,0.93764,0.93771,1.19,1.50
2014.07.10 14:27:52.264,0.93763,0.93771,2.07,1.50
2014.07.10 14:27:58.922,0.93763,0.93771,1.13,1.50
2014.07.10 14:27:59.023,0.93763,0.93769,1.00,1.50
2014.07.10 14:27:59.328,0.93762,0.93767,1.50,1.00
2014.07.10 14:27:59.868,0.9376,0.93767,1.69,1.00
2014.07.10 14:28:00.387,0.9376,0.93767,1.69,1.10
2014.07.10 14:28:01.058,0.9376,0.93766,1.69,1.00
2014.07.10 14:28:06.279,0.9376,0.93767,1.50,1.69
2014.07.10 14:28:19.749,0.9376,0.93766,1.69,1.00
2014.07.10 14:28:23.020,0.9376,0.93767,1.69,1.58
2014.07.10 14:28:28.653,0.9376,0.93766,1.69,1.00
2014.07.10 14:28:33.153,0.9376,0.93765,1.69,1.00
2014.07.10 14:28:34.193,0.9376,0.93766,1.50,1.50
2014.07.10 14:28:34.699,0.93759,0.93766,1.69,1.00
2014.07.10 14:28:35.203,0.93759,0.93767,1.69,1.77
2014.07.10 14:28:35.735,0.93758,0.93767,3.19,1.10
2014.07.10 14:28:46.913,0.93759,0.93768,1.29,1.69
2014.07.10 14:28:48.176,0.93759,0.93768,1.19,1.77
2014.07.10 14:28:48.701,0.93759,0.93768,1.19,1.77
2014.07.10 14:28:51.280,0.93758,0.93768,4.02,3.27
2014.07.10 14:29:02.742,0.93758,0.93766,1.19,1.00
2014.07.10 14:29:03.278,0.93758,0.93765,1.19,1.00
2014.07.10 14:29:07.120,0.93757,0.93765,3.27,1.00
2014.07.10 14:29:09.266,0.93758,0.93765,1.19,1.00
2014.07.10 14:29:12.702,0.93757,0.93765,2.33,1.00
2014.07.10 14:29:12.858,0.93758,0.93765,1.19,1.00
2014.07.10 14:29:13.112,0.93756,0.93764,2.82,1.00
2014.07.10 14:29:13.163,0.93755,0.93761,1.20,1.00
2014.07.10 14:29:13.518,0.93755,0.93763,2.07,1.02
2014.07.10 14:29:14.078,0.93755,0.93763,5.14,1.00
2014.07.10 14:29:14.623,0.93756,0.93763,1.32,1.00
2014.07.10 14:29:18.398,0.93755,0.93763,5.07,1.00
2014.07.10 14:29:19.928,0.93756,0.93763,1.32,1.00
2014.07.10 14:29:30.159,0.93756,0.93763,1.32,1.08
2014.07.10 14:29:31.257,0.93756,0.93763,1.32,1.10
2014.07.10 14:29:55.096,0.93755,0.93763,5.14,1.00
2014.07.10 14:29:56.703,0.93756,0.93763,1.19,1.00
2014.07.10 14:29:58.194,0.93755,0.93763,4.39,1.00
2014.07.10 14:30:05.688,0.93755,0.93763,3.72,1.00
2014.07.10 14:30:06.238,0.93755,0.93763,5.89,1.00
2014.07.10 14:30:06.622,0.93755,0.93763,4.47,1.00
2014.07.10 14:30:17.427,0.93756,0.93763,1.77,1.00
2014.07.10 14:30:17.939,0.93756,0.93763,1.40,1.00
2014.07.10 14:30:18.492,0.93756,0.93763,1.09,1.00
2014.07.10 14:30:19.028,0.93756,0.93763,1.02,1.00
2014.07.10 14:30:20.012,0.93756,0.93763,1.33,1.00
2014.07.10 14:30:20.539,0.93756,0.93763,1.09,1.00
2014.07.10 14:30:21.220,0.93756,0.93763,1.09,1.00
2014.07.10 14:30:21.983,0.93756,0.93763,1.09,1.00
2014.07.10 14:30:24.863,0.93756,0.93763,1.33,1.00
2014.07.10 14:30:26.332,0.93756,0.93763,1.02,1.00
2014.07.10 14:30:36.872,0.93755,0.93761,1.29,1.00
2014.07.10 14:30:37.178,0.93753,0.93761,3.72,1.00
2014.07.10 14:30:37.398,0.93755,0.93763,1.25,1.69
2014.07.10 14:30:38.712,0.93755,0.93763,2.89,1.00
2014.07.10 14:30:43.838,0.93756,0.93765,1.09,2.44
2014.07.10 14:30:44.492,0.93756,0.93765,1.02,2.44
2014.07.10 14:30:44.818,0.93756,0.93761,1.02,1.00
2014.07.10 14:30:45.021,0.93754,0.93761,2.14,1.00
2014.07.10 14:30:45.123,0.93755,0.93763,1.32,1.00
2014.07.10 14:30:45.653,0.93755,0.93763,2.89,1.00
2014.07.10 14:30:46.274,0.93755,0.93765,3.64,2.52
2014.07.10 14:30:47.330,0.93755,0.93764,2.52,1.19
2014.07.10 14:30:47.381,0.93754,0.93761,4.84,1.00
2014.07.10 14:30:48.001,0.93754,0.93761,1.32,1.00
2014.07.10 14:31:06.674,0.93753,0.93761,2.89,1.25
2014.07.10 14:31:07.190,0.93754,0.93761,1.00,1.25
2014.07.10 14:31:10.666,0.93753,0.93762,2.89,1.69
2014.07.10 14:31:11.238,0.93753,0.93761,2.89,1.00
2014.07.10 14:31:11.543,0.93751,0.93755,1.50,1.00
2014.07.10 14:31:11.645,0.93749,0.93754,1.25,1.00
2014.07.10 14:31:11.949,0.93749,0.93754,1.69,1.00
2014.07.10 14:31:12.670,0.93749,0.93755,1.69,1.50
2014.07.10 14:31:30.936,0.93747,0.93755,2.44,2.25
2014.07.10 14:31:31.442,0.93746,0.93754,1.69,1.10
2014.07.10 14:31:32.304,0.93746,0.93754,1.25,1.25
2014.07.10 14:31:38.518,0.93746,0.93755,1.69,2.52
2014.07.10 14:31:40.116,0.93746,0.93755,1.25,3.27
2014.07.10 14:32:11.943,0.93746,0.93755,1.50,1.77
2014.07.10 14:32:12.517,0.93746,0.93755,1.69,2.52
2014.07.10 14:32:39.521,0.93746,0.93755,1.09,2.44
2014.07.10 14:32:40.060,0.93746,0.93755,1.77,1.69
2014.07.10 14:32:43.546,0.93746,0.93753,1.77,1.00
2014.07.10 14:32:43.699,0.93744,0.93752,2.52,1.00
2014.07.10 14:32:44.257,0.93744,0.93751,2.44,1.00
2014.07.10 14:32:44.792,0.93744,0.93751,1.69,1.00
2014.07.10 14:32:45.764,0.93744,0.9375,1.25,1.00
2014.07.10 14:32:50.812,0.93744,0.93749,1.02,1.00
2014.07.10 14:32:51.589,0.93744,0.9375,1.25,1.00
2014.07.10 14:32:59.275,0.93744,0.93749,1.77,1.00
2014.07.10 14:33:00.292,0.93744,0.93749,1.77,1.00
2014.07.10 14:33:05.689,0.93744,0.9375,1.84,1.00
2014.07.10 14:33:07.577,0.93745,0.93751,1.25,1.00
2014.07.10 14:33:12.304,0.93745,0.9375,1.02,1.00
2014.07.10 14:33:21.071,0.93745,0.93751,1.02,1.00
2014.07.10 14:33:22.838,0.93745,0.93752,1.25,1.00
2014.07.10 14:33:23.388,0.93744,0.93751,1.77,1.00
2014.07.10 14:33:33.004,0.93745,0.93751,1.29,1.00
2014.07.10 14:33:35.406,0.93745,0.93751,1.02,1.00
2014.07.10 14:33:35.926,0.93745,0.9375,1.25,1.00
2014.07.10 14:33:36.596,0.93745,0.93751,1.25,1.00
2014.07.10 14:33:40.109,0.93745,0.93751,1.19,1.00
2014.07.10 14:33:41.429,0.93745,0.93751,1.25,1.00
2014.07.10 14:33:43.415,0.93745,0.9375,1.25,1.00
2014.07.10 14:33:44.039,0.93745,0.9375,1.19,1.00
2014.07.10 14:33:44.574,0.93745,0.9375,1.25,1.00
2014.07.10 14:33:46.613,0.93744,0.9375,1.02,1.00
2014.07.10 14:33:52.447,0.93744,0.93751,1.02,1.00
2014.07.10 14:34:19.242,0.93744,0.93751,1.29,1.00
2014.07.10 14:34:20.753,0.93744,0.93751,1.02,1.00
2014.07.10 14:34:22.966,0.93744,0.93751,1.29,1.00
2014.07.10 14:34:27.984,0.93743,0.93751,2.22,1.00
2014.07.10 14:34:28.550,0.93743,0.93751,2.22,1.00
2014.07.10 14:34:29.087,0.93743,0.93751,2.22,1.50
2014.07.10 14:34:29.638,0.93743,0.9375,2.22,1.00
2014.07.10 14:34:30.306,0.93743,0.9375,2.22,1.00
2014.07.10 14:34:31.035,0.93743,0.9375,2.22,1.00
2014.07.10 14:34:31.548,0.93743,0.93751,2.22,1.50
2014.07.10 14:34:32.094,0.93743,0.9375,2.22,1.00
2014.07.10 14:34:32.601,0.93744,0.9375,1.29,1.00
2014.07.10 14:34:34.058,0.93743,0.9375,2.22,1.00
2014.07.10 14:34:36.702,0.93744,0.9375,1.29,1.00
2014.07.10 14:34:53.518,0.93743,0.9375,2.22,1.00
2014.07.10 14:34:55.633,0.93744,0.9375,1.29,1.00
2014.07.10 14:34:57.845,0.93744,0.9375,1.02,1.00
2014.07.10 14:34:58.376,0.93744,0.93751,1.02,1.00
2014.07.10 14:34:59.952,0.93744,0.93751,1.77,1.00
2014.07.10 14:35:13.619,0.93744,0.9375,1.02,1.00
2014.07.10 14:35:17.447,0.93744,0.93752,1.02,1.69
2014.07.10 14:35:17.980,0.93744,0.93752,1.77,1.50
2014.07.10 14:35:19.866,0.93744,0.93751,1.77,1.00
2014.07.10 14:35:28.007,0.93744,0.93752,2.52,1.50
2014.07.10 14:35:28.515,0.93744,0.93752,1.77,1.69
2014.07.10 14:35:30.207,0.93744,0.93752,2.52,1.50
2014.07.10 14:35:31.132,0.93744,0.93752,1.69,1.69
2014.07.10 14:35:32.145,0.93744,0.93753,2.52,1.25
2014.07.10 14:35:33.641,0.93746,0.93755,1.25,3.72
2014.07.10 14:35:34.175,0.93747,0.93756,1.25,2.52
2014.07.10 14:35:35.185,0.93747,0.93756,1.25,1.77
2014.07.10 14:35:35.723,0.93747,0.93756,1.69,1.84
2014.07.10 14:35:36.265,0.93747,0.93756,1.69,1.84
2014.07.10 14:35:38.717,0.93747,0.93756,1.69,1.77
2014.07.10 14:35:39.365,0.93747,0.93756,1.69,1.84
2014.07.10 14:35:40.810,0.93747,0.93756,1.69,1.84
2014.07.10 14:35:41.338,0.93747,0.93756,1.69,1.84
2014.07.10 14:35:41.864,0.93747,0.93756,1.69,1.84
2014.07.10 14:35:42.372,0.93747,0.93756,1.69,1.84
2014.07.10 14:35:42.885,0.93747,0.93756,1.69,1.02
2014.07.10 14:35:56.468,0.93752,0.93756,1.00,1.02
2014.07.10 14:35:56.620,0.93752,0.93759,1.84,1.50
2014.07.10 14:35:56.824,0.93753,0.93761,1.39,1.25
2014.07.10 14:35:57.334,0.93753,0.93762,2.22,1.69
2014.07.10 14:35:59.998,0.93754,0.93763,1.19,3.27
2014.07.10 14:36:10.109,0.93756,0.93764,1.38,1.58
2014.07.10 14:36:10.261,0.9376,0.93766,1.13,1.65
2014.07.10 14:36:10.463,0.9376,0.93767,1.13,1.09
2014.07.10 14:36:30.781,0.93761,0.93767,1.00,1.10
2014.07.10 14:36:30.933,0.93761,0.93769,3.72,1.00
2014.07.10 14:36:31.035,0.93763,0.9377,1.09,1.00
2014.07.10 14:36:31.555,0.93763,0.93771,2.22,1.69
2014.07.10 14:36:33.099,0.93764,0.93771,1.29,1.50
2014.07.10 14:36:50.755,0.93764,0.93771,1.02,1.00
2014.07.10 14:36:51.269,0.93764,0.93772,1.02,1.69
2014.07.10 14:36:52.876,0.93764,0.93772,1.19,1.58
2014.07.10 14:36:57.675,0.93764,0.93771,1.19,1.00
2014.07.10 14:37:01.360,0.93766,0.93771,1.00,1.00
2014.07.10 14:37:22.143,0.93767,0.93771,1.00,1.00
2014.07.10 14:37:24.130,0.93766,0.93771,1.00,1.50
2014.07.10 14:37:33.560,0.93766,0.9377,1.00,1.00
2014.07.10 14:37:35.084,0.93764,0.9377,2.52,1.00
2014.07.10 14:37:41.873,0.93764,0.9377,2.52,1.00
2014.07.10 14:37:43.048,0.93764,0.9377,1.77,1.00
2014.07.10 14:37:50.643,0.93764,0.93769,1.69,1.00
2014.07.10 14:38:09.371,0.93764,0.93769,1.77,1.00
2014.07.10 14:38:09.874,0.93764,0.93769,1.77,1.00
2014.07.10 14:38:12.522,0.93764,0.9377,1.77,1.00
2014.07.10 14:38:14.132,0.93764,0.9377,1.00,2.07
2014.07.10 14:38:14.183,0.93761,0.93767,1.02,1.00
2014.07.10 14:38:15.816,0.93761,0.93769,1.00,3.72
2014.07.10 14:38:20.065,0.9376,0.93768,1.32,1.39
2014.07.10 14:38:20.593,0.9376,0.93768,1.13,2.14
2014.07.10 14:38:26.066,0.93763,0.93768,1.00,1.39
2014.07.10 14:38:26.218,0.93762,0.93769,1.09,1.00
2014.07.10 14:38:26.471,0.93764,0.93771,1.00,1.25
2014.07.10 14:38:26.990,0.93763,0.93772,1.69,2.52
2014.07.10 14:38:27.509,0.93763,0.93772,1.69,1.77
2014.07.10 14:38:35.714,0.93764,0.93772,1.19,1.58
2014.07.10 14:38:38.357,0.93764,0.93772,1.25,1.77
2014.07.10 14:38:38.875,0.93764,0.93771,1.25,1.00
2014.07.10 14:38:39.385,0.93763,0.93772,1.77,2.44
2014.07.10 14:38:43.214,0.93764,0.93772,1.19,1.50
2014.07.10 14:39:04.234,0.93764,0.93771,1.29,1.00
2014.07.10 14:39:14.817,0.93764,0.93771,1.25,1.00
2014.07.10 14:39:16.184,0.93764,0.93771,1.19,1.00
2014.07.10 14:39:21.568,0.93764,0.9377,1.19,1.00
2014.07.10 14:39:22.926,0.93763,0.93769,1.00,1.00
2014.07.10 14:39:23.029,0.93761,0.93769,1.02,1.00
2014.07.10 14:39:23.132,0.93761,0.93767,1.69,1.00
2014.07.10 14:39:23.638,0.93759,0.93767,1.25,1.02
2014.07.10 14:39:24.168,0.93758,0.93767,1.25,2.52
2014.07.10 14:39:24.616,0.93758,0.93767,1.63,1.77
2014.07.10 14:39:25.148,0.93761,0.93767,1.00,1.02
2014.07.10 14:39:26.191,0.93759,0.93767,1.25,1.02
2014.07.10 14:39:26.394,0.93761,0.93767,1.00,1.02
2014.07.10 14:39:27.862,0.93759,0.93768,1.69,3.72
2014.07.10 14:39:28.420,0.93761,0.93768,1.00,1.47
2014.07.10 14:39:28.724,0.93762,0.9377,2.14,1.58
2014.07.10 14:39:28.978,0.93763,0.93773,2.22,3.19
2014.07.10 14:39:31.312,0.93764,0.93773,1.19,2.52
2014.07.10 14:39:32.283,0.93764,0.93773,1.25,2.52
2014.07.10 14:39:34.290,0.93764,0.93773,1.19,2.52
2014.07.10 14:39:38.174,0.93764,0.93771,1.19,1.00
2014.07.10 14:39:39.181,0.93764,0.93772,1.19,1.00
2014.07.10 14:39:41.353,0.93764,0.93771,1.19,1.00
2014.07.10 14:39:45.120,0.93763,0.93771,2.14,1.00
2014.07.10 14:39:46.094,0.93764,0.93771,1.19,1.00
2014.07.10 14:39:52.760,0.93765,0.93771,1.19,1.00
2014.07.10 14:40:05.199,0.93764,0.93771,1.69,1.00
2014.07.10 14:40:14.127,0.93765,0.93771,1.19,1.00
2014.07.10 14:40:18.447,0.93765,0.93771,1.25,1.00
2014.07.10 14:40:19.675,0.93765,0.93771,1.19,1.00
2014.07.10 14:40:31.363,0.93765,0.93771,1.25,1.00
2014.07.10 14:40:32.505,0.93765,0.93771,1.19,1.00
2014.07.10 14:40:35.189,0.93764,0.93771,1.69,1.00
2014.07.10 14:40:41.425,0.93764,0.93773,1.69,1.77
2014.07.10 14:40:53.231,0.93764,0.93773,1.19,1.84
2014.07.10 14:40:55.346,0.93764,0.93773,1.19,1.77
2014.07.10 14:40:55.895,0.93764,0.93773,1.25,1.84
2014.07.10 14:40:56.399,0.93764,0.93773,1.19,1.84
2014.07.10 14:40:57.233,0.93764,0.93773,1.19,1.84
2014.07.10 14:40:57.760,0.93764,0.93773,1.19,1.84
2014.07.10 14:40:58.320,0.93764,0.93773,1.19,1.77
2014.07.10 14:40:58.867,0.93764,0.93773,1.19,1.09
2014.07.10 14:40:59.395,0.93764,0.93773,1.19,1.02
2014.07.10 14:41:00.230,0.93764,0.93773,1.19,1.09
2014.07.10 14:41:00.735,0.93764,0.93773,1.19,1.02
2014.07.10 14:41:01.241,0.93764,0.93773,1.19,1.09
2014.07.10 14:41:03.747,0.93765,0.93773,1.25,1.09
2014.07.10 14:41:04.294,0.93765,0.93773,1.25,1.09
2014.07.10 14:41:04.991,0.93765,0.93773,1.25,1.02
2014.07.10 14:41:08.336,0.93765,0.93773,1.25,1.09
2014.07.10 14:41:08.944,0.93765,0.93773,1.19,1.18
2014.07.10 14:41:10.112,0.93764,0.93773,1.19,1.09
2014.07.10 14:41:12.695,0.93764,0.93773,1.25,1.27
2014.07.10 14:41:13.785,0.93765,0.93773,1.25,1.09
2014.07.10 14:41:14.417,0.93765,0.93773,1.25,1.09
2014.07.10 14:41:16.124,0.93765,0.93773,1.25,1.02
2014.07.10 14:41:16.658,0.93764,0.93773,1.19,1.09
2014.07.10 14:41:17.251,0.93764,0.93773,1.19,1.02
2014.07.10 14:41:19.211,0.93765,0.93773,1.25,1.09
2014.07.10 14:41:19.747,0.93765,0.93773,1.25,1.02
2014.07.10 14:41:20.252,0.93765,0.93773,1.25,1.33
2014.07.10 14:41:20.773,0.93765,0.93773,1.25,1.02
2014.07.10 14:41:28.307,0.93764,0.93773,1.02,1.19
2014.07.10 14:41:29.695,0.93764,0.93773,1.29,1.25
2014.07.10 14:41:34.319,0.93766,0.93774,1.25,1.39
2014.07.10 14:41:34.825,0.93767,0.93775,1.25,1.25
2014.07.10 14:41:35.517,0.93768,0.93775,1.25,1.00
2014.07.10 14:41:36.643,0.93768,0.93775,1.19,1.00
2014.07.10 14:41:38.928,0.93769,0.93776,2.82,1.88
2014.07.10 14:41:38.979,0.9377,0.93776,1.57,1.00
2014.07.10 14:41:39.182,0.93772,0.93779,1.32,1.00
2014.07.10 14:41:39.689,0.93774,0.93781,1.25,1.00
2014.07.10 14:41:40.368,0.93772,0.93781,1.77,1.32
2014.07.10 14:41:40.570,0.93772,0.9378,1.00,1.57
2014.07.10 14:41:40.722,0.93768,0.93776,1.84,1.00
2014.07.10 14:41:41.263,0.9377,0.93778,1.25,2.14
2014.07.10 14:41:42.393,0.9377,0.93776,1.25,1.00
2014.07.10 14:41:42.917,0.93768,0.93776,1.19,1.10
2014.07.10 14:41:44.255,0.93769,0.93776,2.07,1.00
2014.07.10 14:41:44.779,0.93769,0.93777,2.14,1.00
2014.07.10 14:41:45.304,0.9377,0.93778,1.19,1.00
2014.07.10 14:41:45.692,0.93769,0.93776,1.29,1.00
2014.07.10 14:41:46.353,0.93769,0.93777,2.44,1.00
2014.07.10 14:41:46.658,0.93772,0.9378,1.32,1.50
2014.07.10 14:41:47.755,0.93772,0.93781,2.89,1.69
2014.07.10 14:41:48.302,0.93774,0.93781,1.25,1.00
2014.07.10 14:41:52.209,0.93773,0.93781,1.25,1.25
2014.07.10 14:41:52.513,0.93771,0.9378,1.19,2.14
2014.07.10 14:41:52.818,0.93769,0.93776,1.69,1.00
2014.07.10 14:41:53.324,0.9377,0.93776,1.25,1.00
2014.07.10 14:41:54.447,0.93769,0.93776,1.25,1.50
2014.07.10 14:41:55.437,0.93768,0.93776,1.25,1.69
2014.07.10 14:41:57.962,0.93768,0.93776,1.19,1.50
2014.07.10 14:42:01.265,0.93767,0.93776,1.29,1.69
2014.07.10 14:42:02.137,0.93766,0.93776,2.22,3.19
2014.07.10 14:42:03.150,0.93767,0.93776,1.29,2.44
2014.07.10 14:42:09.652,0.93766,0.93776,2.22,3.19
2014.07.10 14:42:14.569,0.93766,0.93776,2.22,1.69
2014.07.10 14:42:15.072,0.93766,0.93776,2.97,2.44
2014.07.10 14:42:19.081,0.93768,0.93776,1.00,2.52
2014.07.10 14:42:19.405,0.9377,0.93776,1.00,1.25
2014.07.10 14:42:25.444,0.93769,0.93776,1.00,1.69
2014.07.10 14:42:25.597,0.93767,0.93776,1.25,2.52
2014.07.10 14:42:25.649,0.93769,0.93776,1.32,1.58
2014.07.10 14:42:26.414,0.9377,0.93776,1.00,1.00
2014.07.10 14:42:27.142,0.93769,0.93776,1.00,1.69
2014.07.10 14:42:27.660,0.93767,0.93776,1.37,1.69
2014.07.10 14:42:28.461,0.93766,0.93776,2.97,2.44
2014.07.10 14:42:32.746,0.93767,0.93776,1.37,1.69
2014.07.10 14:42:38.612,0.93766,0.93771,1.08,1.00
2014.07.10 14:42:38.916,0.93766,0.93775,1.33,1.29
2014.07.10 14:42:39.068,0.93766,0.93776,1.33,2.52
2014.07.10 14:42:39.616,0.93766,0.93776,2.97,2.44
2014.07.10 14:42:40.722,0.93766,0.93776,2.97,2.44
2014.07.10 14:42:41.356,0.93766,0.93776,2.97,2.44
2014.07.10 14:42:41.869,0.93766,0.93776,2.97,2.44
2014.07.10 14:42:43.122,0.93766,0.93776,2.22,1.69
2014.07.10 14:42:43.662,0.93766,0.93776,2.97,2.44
2014.07.10 14:42:53.554,0.93766,0.93776,2.59,2.44
2014.07.10 14:43:20.051,0.93766,0.93775,1.02,1.69
2014.07.10 14:43:22.829,0.93766,0.93775,1.77,1.25
2014.07.10 14:43:25.163,0.93766,0.93775,1.02,1.25
2014.07.10 14:43:25.669,0.93766,0.93775,1.77,1.25
2014.07.10 14:43:28.203,0.93766,0.93775,1.02,1.69
2014.07.10 14:43:28.727,0.93767,0.93775,1.10,1.19
2014.07.10 14:43:29.323,0.93767,0.93776,1.02,2.44
2014.07.10 14:43:32.187,0.93767,0.93776,1.33,2.44
2014.07.10 14:43:32.690,0.93767,0.93776,1.02,2.44
2014.07.10 14:43:33.528,0.93767,0.93776,1.09,2.44
2014.07.10 14:43:34.053,0.93767,0.93776,1.02,2.44
2014.07.10 14:43:34.853,0.93767,0.93776,1.09,2.44
2014.07.10 14:43:35.418,0.93767,0.93776,1.02,2.44
2014.07.10 14:43:36.062,0.93767,0.93776,1.09,2.44
2014.07.10 14:43:36.566,0.93767,0.93776,1.02,2.44
2014.07.10 14:43:37.102,0.93767,0.93776,1.09,2.44
2014.07.10 14:43:37.665,0.93767,0.93776,1.09,2.44
2014.07.10 14:43:41.272,0.93768,0.93776,1.50,1.77
2014.07.10 14:43:41.323,0.93771,0.93776,1.00,1.10
2014.07.10 14:43:41.475,0.93772,0.93779,1.13,1.50
2014.07.10 14:43:41.677,0.93772,0.93781,3.72,1.25
2014.07.10 14:43:42.183,0.93773,0.93781,1.47,1.25
2014.07.10 14:43:43.746,0.93773,0.9378,2.07,1.00
2014.07.10 14:43:45.842,0.93772,0.9378,2.89,1.00
2014.07.10 14:43:46.045,0.93771,0.93779,1.00,1.84
2014.07.10 14:43:46.349,0.93769,0.93775,1.00,1.00
2014.07.10 14:43:46.602,0.93767,0.93775,2.82,1.25
2014.07.10 14:43:51.812,0.93767,0.93776,1.09,3.19
2014.07.10 14:43:52.712,0.93767,0.93776,2.59,1.69
2014.07.10 14:43:55.828,0.93767,0.93776,2.59,1.69
2014.07.10 14:43:56.351,0.93767,0.93776,2.59,1.69
2014.07.10 14:43:56.867,0.93767,0.93776,2.59,1.69
2014.07.10 14:43:57.384,0.93767,0.93776,2.59,1.69
2014.07.10 14:43:57.912,0.93767,0.93776,2.59,1.69
2014.07.10 14:43:58.602,0.93767,0.93776,2.59,1.69
2014.07.10 14:44:01.324,0.93767,0.93776,2.59,1.69
2014.07.10 14:44:01.854,0.93767,0.93776,2.59,1.69
2014.07.10 14:44:07.130,0.93767,0.93776,2.59,1.69
2014.07.10 14:44:07.710,0.93767,0.93776,2.59,1.69
2014.07.10 14:44:10.735,0.93767,0.93776,2.59,1.69
2014.07.10 14:44:11.190,0.93772,0.93777,1.08,1.25
2014.07.10 14:44:11.392,0.93773,0.9378,1.20,1.25
2014.07.10 14:44:11.918,0.93773,0.93781,1.25,1.25
2014.07.10 14:44:12.531,0.93773,0.93781,1.69,1.10
2014.07.10 14:44:13.839,0.93773,0.93781,1.25,1.02
2014.07.10 14:44:17.398,0.93772,0.93779,1.29,1.50
2014.07.10 14:44:17.601,0.93771,0.93779,1.00,1.09
2014.07.10 14:44:17.955,0.93769,0.93776,1.02,1.00
2014.07.10 14:44:18.470,0.93767,0.93776,1.29,1.69
2014.07.10 14:44:19.087,0.93766,0.93776,3.72,2.44
2014.07.10 14:44:22.910,0.93767,0.93776,1.29,1.69
2014.07.10 14:44:26.693,0.93766,0.93776,3.72,2.44
2014.07.10 14:44:26.998,0.9377,0.93777,1.00,1.02
2014.07.10 14:44:27.791,0.9377,0.93777,1.63,1.10
2014.07.10 14:44:28.096,0.93778,0.93786,1.88,1.00
2014.07.10 14:44:28.147,0.9378,0.93787,1.50,1.00
2014.07.10 14:44:28.475,0.93783,0.93789,1.02,1.00
2014.07.10 14:44:28.599,0.93784,0.93793,1.25,3.27
2014.07.10 14:44:28.801,0.93785,0.93793,1.69,1.10
2014.07.10 14:44:31.161,0.93785,0.93794,1.19,2.59
2014.07.10 14:44:31.699,0.93785,0.93794,1.19,2.59
2014.07.10 14:44:32.237,0.93784,0.93794,1.69,3.34
2014.07.10 14:44:32.577,0.93782,0.93789,2.07,1.00
2014.07.10 14:44:32.729,0.9378,0.93788,1.25,1.25
2014.07.10 14:44:33.236,0.9378,0.93789,1.95,1.25
2014.07.10 14:44:33.287,0.9378,0.93789,2.33,1.25
2014.07.10 14:44:33.592,0.93783,0.9379,1.77,1.00
2014.07.10 14:44:33.897,0.93782,0.93789,1.00,1.84
2014.07.10 14:44:34.202,0.93778,0.93785,1.69,1.00
2014.07.10 14:44:35.089,0.93777,0.93785,2.52,1.00
2014.07.10 14:44:36.237,0.93777,0.93785,3.19,1.00
2014.07.10 14:44:37.200,0.93777,0.93785,1.69,1.25
2014.07.10 14:44:38.183,0.93777,0.93785,1.69,1.00
2014.07.10 14:44:42.038,0.93781,0.93785,1.00,1.00
2014.07.10 14:44:42.139,0.93782,0.93787,1.50,1.10
2014.07.10 14:44:42.241,0.93784,0.93788,1.69,1.00
2014.07.10 14:44:42.292,0.93784,0.9379,2.44,1.00
2014.07.10 14:44:42.395,0.93784,0.93792,2.44,1.00
2014.07.10 14:44:42.901,0.93784,0.93793,3.64,1.25
2014.07.10 14:44:43.419,0.93785,0.93793,1.19,1.00
2014.07.10 14:44:49.372,0.93783,0.9379,2.97,1.00
2014.07.10 14:44:49.575,0.93782,0.9379,1.58,1.69
2014.07.10 14:44:49.677,0.9378,0.93789,2.44,1.09
2014.07.10 14:44:51.367,0.9378,0.93788,1.25,1.25
2014.07.10 14:44:51.671,0.93778,0.93785,2.59,1.00
2014.07.10 14:44:52.178,0.93777,0.93785,3.64,1.00
2014.07.10 14:44:54.028,0.93777,0.93786,3.64,1.25
2014.07.10 14:44:54.849,0.9378,0.93786,1.13,1.25
2014.07.10 14:44:55.268,0.93783,0.93789,1.13,1.00
2014.07.10 14:44:55.774,0.93783,0.9379,2.89,1.00
2014.07.10 14:44:58.555,0.93783,0.9379,1.10,1.69
2014.07.10 14:44:58.758,0.9378,0.93789,2.07,3.34
2014.07.10 14:44:58.859,0.93779,0.93786,1.69,1.00
2014.07.10 14:44:58.961,0.93778,0.93786,2.89,1.25
2014.07.10 14:45:00.112,0.93778,0.93786,1.40,1.25
2014.07.10 14:45:00.783,0.93778,0.93786,1.02,1.25
2014.07.10 14:45:01.289,0.93777,0.93786,3.72,1.25
2014.07.10 14:45:01.964,0.93777,0.93786,3.72,1.25
2014.07.10 14:45:05.141,0.93779,0.93786,1.88,1.00
2014.07.10 14:45:05.540,0.9378,0.93788,1.32,1.69
2014.07.10 14:45:06.061,0.93781,0.93788,1.00,1.69
2014.07.10 14:45:06.580,0.93779,0.93788,2.82,1.77
2014.07.10 14:45:06.884,0.93778,0.93786,1.77,1.00
2014.07.10 14:45:07.036,0.93777,0.93786,1.77,2.44
2014.07.10 14:45:19.819,0.93776,0.93784,1.77,1.50
2014.07.10 14:45:19.870,0.93776,0.93781,1.77,1.00
2014.07.10 14:45:20.073,0.93775,0.93783,1.58,1.19
2014.07.10 14:45:20.578,0.93775,0.93784,3.72,1.19
2014.07.10 14:45:20.781,0.93779,0.93784,1.00,1.19
2014.07.10 14:45:21.034,0.93783,0.93791,1.77,1.25
2014.07.10 14:45:21.236,0.93784,0.93793,2.22,1.69
2014.07.10 14:45:21.760,0.93785,0.93794,1.37,1.25
2014.07.10 14:45:22.568,0.93785,0.93793,1.47,1.00
2014.07.10 14:45:22.619,0.93784,0.93791,1.15,1.00
2014.07.10 14:45:23.125,0.93783,0.93791,2.97,1.00
2014.07.10 14:45:24.349,0.93784,0.93792,1.10,1.19
2014.07.10 14:45:24.451,0.93784,0.93793,4.39,1.25
2014.07.10 14:45:24.603,0.93784,0.93791,3.72,1.00
2014.07.10 14:45:25.682,0.93783,0.93791,1.47,1.25
2014.07.10 14:45:26.220,0.93784,0.93794,4.47,3.19
2014.07.10 14:45:26.529,0.93783,0.93791,2.22,1.25
2014.07.10 14:45:27.048,0.93783,0.93791,1.47,1.25
2014.07.10 14:45:27.899,0.93785,0.93792,1.29,1.00
2014.07.10 14:45:27.951,0.93785,0.93794,1.29,1.69
2014.07.10 14:45:28.356,0.93785,0.93791,1.39,1.00
2014.07.10 14:45:28.508,0.93783,0.93791,2.22,1.00
2014.07.10 14:45:29.013,0.93783,0.93791,2.22,1.00
2014.07.10 14:45:29.625,0.93783,0.93791,1.47,1.25
2014.07.10 14:45:30.136,0.93783,0.93791,2.97,1.25
2014.07.10 14:45:32.636,0.93784,0.93793,2.59,1.25
2014.07.10 14:45:32.839,0.93785,0.93791,1.84,1.00
2014.07.10 14:45:33.129,0.93784,0.93791,1.02,1.00
2014.07.10 14:45:34.424,0.93785,0.93791,1.19,1.00
2014.07.10 14:45:34.475,0.93785,0.93794,2.07,1.02
2014.07.10 14:45:35.544,0.93786,0.93795,1.29,2.44
2014.07.10 14:45:36.444,0.93786,0.93795,4.47,1.25
2014.07.10 14:45:36.949,0.93786,0.93796,4.09,3.94
2014.07.10 14:45:41.445,0.93787,0.93796,1.77,1.69
2014.07.10 14:45:43.634,0.93789,0.93796,1.50,1.25
2014.07.10 14:45:44.190,0.93789,0.93796,2.44,1.00
2014.07.10 14:45:45.242,0.93789,0.93797,2.44,1.00
2014.07.10 14:45:46.289,0.93789,0.93797,1.69,1.25
2014.07.10 14:45:46.816,0.9379,0.93797,1.00,1.02
2014.07.10 14:45:47.268,0.93792,0.93797,1.00,1.02
2014.07.10 14:45:47.471,0.93792,0.938,2.03,1.19
2014.07.10 14:45:47.978,0.93793,0.93801,1.10,1.69
2014.07.10 14:45:48.344,0.93791,0.938,1.25,1.77
2014.07.10 14:45:48.973,0.9379,0.93799,1.02,2.44
2014.07.10 14:45:49.716,0.9379,0.93798,1.09,1.69
2014.07.10 14:45:51.653,0.93791,0.93799,1.29,1.50
2014.07.10 14:45:51.805,0.93792,0.938,1.34,1.00
2014.07.10 14:45:52.340,0.93793,0.93801,1.02,1.25
2014.07.10 14:45:54.904,0.93793,0.93801,2.52,1.00
2014.07.10 14:45:56.612,0.93794,0.93803,2.44,1.39
2014.07.10 14:45:57.126,0.93795,0.93801,1.19,1.00
2014.07.10 14:45:57.278,0.93795,0.93804,2.44,2.52
2014.07.10 14:45:59.254,0.93796,0.93805,2.07,1.02
2014.07.10 14:46:01.383,0.93797,0.93805,1.77,1.00
2014.07.10 14:46:04.958,0.93796,0.93805,2.97,1.25
2014.07.10 14:46:20.436,0.93798,0.93805,1.00,1.25
2014.07.10 14:46:20.971,0.93796,0.93806,3.34,3.19
2014.07.10 14:46:22.818,0.93796,0.93806,3.72,3.19
2014.07.10 14:46:23.123,0.9381,0.93818,3.08,4.69
2014.07.10 14:46:23.226,0.9381,0.93817,1.10,1.00
2014.07.10 14:46:23.328,0.9381,0.93817,1.65,1.00
2014.07.10 14:46:23.429,0.9381,0.93817,1.10,1.00
2014.07.10 14:46:23.936,0.93808,0.93816,1.02,1.25
2014.07.10 14:46:24.770,0.93807,0.93815,1.77,1.00
2014.07.10 14:46:25.297,0.93807,0.93815,1.25,1.25
2014.07.10 14:46:26.059,0.93806,0.93815,1.02,1.69
2014.07.10 14:46:30.644,0.93806,0.93815,1.09,1.69
2014.07.10 14:46:31.527,0.93806,0.93815,1.18,1.00
2014.07.10 14:46:31.905,0.93806,0.93811,1.00,1.00
2014.07.10 14:46:32.423,0.93804,0.93811,1.18,1.00
2014.07.10 14:46:32.949,0.93804,0.93811,1.10,1.00
2014.07.10 14:46:33.590,0.93804,0.9381,1.00,1.00
2014.07.10 14:46:33.742,0.938,0.93809,1.18,1.50
2014.07.10 14:46:33.793,0.93799,0.93809,2.63,2.40
2014.07.10 14:46:34.587,0.938,0.93809,1.00,1.58
2014.07.10 14:46:34.689,0.93801,0.9381,2.03,2.25
2014.07.10 14:46:35.094,0.93809,0.93814,1.00,1.50
2014.07.10 14:46:35.246,0.93809,0.93813,1.13,1.00
2014.07.10 14:46:35.348,0.93809,0.93815,1.00,1.00
2014.07.10 14:46:35.449,0.93807,0.93815,1.00,1.10
2014.07.10 14:46:35.500,0.93807,0.93813,1.00,1.00
2014.07.10 14:46:35.602,0.93807,0.93815,1.00,1.10
2014.07.10 14:46:36.108,0.93806,0.93815,1.58,1.00
2014.07.10 14:46:37.624,0.93807,0.93815,1.00,1.00
2014.07.10 14:46:37.725,0.93812,0.93816,1.00,1.58
2014.07.10 14:46:37.878,0.93813,0.93818,1.00,1.00
2014.07.10 14:46:37.929,0.93815,0.93819,1.13,1.00
2014.07.10 14:46:38.030,0.93815,0.93823,1.20,1.08
2014.07.10 14:46:38.559,0.93814,0.93823,2.25,1.10
2014.07.10 14:46:39.576,0.93814,0.93822,2.25,1.00
2014.07.10 14:46:39.830,0.93812,0.9382,4.39,1.00
2014.07.10 14:46:40.235,0.93813,0.93822,3.08,1.00
2014.07.10 14:46:40.771,0.93814,0.93822,1.00,1.10
2014.07.10 14:46:41.944,0.93814,0.93821,1.10,1.00
2014.07.10 14:46:42.478,0.93814,0.93822,1.10,1.00
2014.07.10 14:46:43.018,0.93815,0.93823,1.00,1.00
2014.07.10 14:46:43.546,0.93815,0.93823,1.69,1.00
2014.07.10 14:46:44.674,0.93817,0.93823,1.00,1.00
2014.07.10 14:46:44.826,0.93818,0.93825,1.63,1.00
2014.07.10 14:46:45.334,0.93819,0.93826,2.14,1.00
2014.07.10 14:46:46.644,0.93818,0.93826,2.89,1.69
2014.07.10 14:46:47.150,0.93817,0.93826,1.25,2.52
2014.07.10 14:46:49.393,0.93816,0.93821,3.75,1.00
2014.07.10 14:46:49.747,0.93816,0.93824,1.77,1.25
2014.07.10 14:46:50.260,0.93816,0.93825,1.77,1.19
2014.07.10 14:46:50.778,0.93816,0.93826,2.52,4.39
2014.07.10 14:46:51.829,0.9382,0.93826,1.00,1.39
2014.07.10 14:46:53.913,0.93818,0.93826,1.00,2.82
2014.07.10 14:46:54.326,0.93816,0.93824,1.50,1.25
2014.07.10 14:46:54.379,0.93816,0.93821,1.00,1.00
2014.07.10 14:46:54.632,0.93815,0.93824,1.69,3.64
2014.07.10 14:46:55.457,0.93816,0.93824,2.25,1.69
2014.07.10 14:46:55.558,0.93816,0.93821,3.27,1.00
2014.07.10 14:46:55.912,0.93816,0.93824,3.00,1.84
2014.07.10 14:46:56.418,0.93817,0.93824,1.50,1.25
2014.07.10 14:46:57.108,0.93817,0.93821,1.69,1.00
2014.07.10 14:46:57.210,0.93815,0.93821,1.25,1.00
2014.07.10 14:46:57.311,0.93815,0.93824,1.69,3.34
2014.07.10 14:46:57.817,0.93816,0.93824,3.27,1.25
2014.07.10 14:46:58.379,0.93817,0.93825,1.50,1.29
2014.07.10 14:46:58.898,0.93817,0.93826,1.69,3.72
2014.07.10 14:47:03.554,0.93817,0.93824,1.69,1.00
2014.07.10 14:47:03.605,0.93817,0.93821,1.50,1.00
2014.07.10 14:47:03.808,0.93815,0.93823,2.44,1.00
2014.07.10 14:47:04.358,0.93817,0.93825,1.50,1.69
2014.07.10 14:47:04.936,0.93817,0.93825,1.69,1.02
2014.07.10 14:47:08.883,0.93818,0.93826,1.25,2.89
2014.07.10 14:47:09.406,0.93818,0.93826,1.19,2.70
2014.07.10 14:47:09.912,0.93818,0.93826,1.19,2.78
2014.07.10 14:47:10.624,0.93818,0.93826,1.19,2.78
2014.07.10 14:47:11.196,0.93818,0.93826,1.25,2.52
2014.07.10 14:47:13.619,0.93818,0.93826,1.19,2.33
2014.07.10 14:47:14.630,0.93818,0.93826,1.02,1.69
2014.07.10 14:47:15.631,0.93818,0.93826,1.29,1.50
2014.07.10 14:47:20.939,0.93818,0.93826,1.02,2.07
2014.07.10 14:47:21.309,0.93818,0.93824,1.02,1.00
2014.07.10 14:47:21.613,0.93816,0.93824,1.25,1.25
2014.07.10 14:47:21.816,0.93818,0.93824,1.25,1.00
2014.07.10 14:47:21.867,0.93818,0.93826,1.25,2.82
2014.07.10 14:47:24.908,0.93818,0.93826,1.19,1.88
2014.07.10 14:47:28.894,0.9382,0.93826,1.00,1.13
2014.07.10 14:47:29.416,0.9382,0.93827,1.77,1.13
2014.07.10 14:47:30.114,0.9382,0.93827,1.69,1.13
2014.07.10 14:47:33.343,0.9382,0.93827,1.25,1.13
2014.07.10 14:47:41.035,0.9382,0.93829,1.77,2.82
2014.07.10 14:47:41.940,0.9382,0.93829,1.77,2.82
2014.07.10 14:47:47.110,0.9382,0.93829,2.59,1.25
2014.07.10 14:47:47.363,0.93823,0.9383,1.84,2.25
2014.07.10 14:47:47.905,0.93823,0.9383,2.14,1.00
2014.07.10 14:47:48.414,0.93823,0.9383,1.77,1.00
2014.07.10 14:47:54.504,0.93822,0.9383,1.10,1.69
2014.07.10 14:47:55.009,0.93821,0.93829,1.25,1.02
2014.07.10 14:47:56.201,0.9382,0.93829,2.44,1.09
2014.07.10 14:47:56.776,0.9382,0.93829,2.44,1.37
2014.07.10 14:48:11.816,0.9382,0.93825,1.25,1.00
2014.07.10 14:48:12.122,0.93815,0.93825,3.64,3.27
2014.07.10 14:48:12.645,0.93816,0.93825,4.39,1.25
2014.07.10 14:48:13.405,0.93817,0.93825,1.32,1.00
2014.07.10 14:48:15.328,0.93819,0.93825,1.13,1.00
2014.07.10 14:48:17.062,0.93819,0.93825,2.07,1.00
2014.07.10 14:48:17.605,0.93819,0.93825,1.32,1.00
2014.07.10 14:48:19.029,0.93819,0.93825,2.82,1.00
2014.07.10 14:48:19.912,0.93819,0.93826,2.82,1.50
2014.07.10 14:48:26.867,0.9382,0.93827,1.25,1.00
2014.07.10 14:48:27.455,0.9382,0.93828,1.25,1.25
2014.07.10 14:48:31.159,0.93821,0.93829,1.25,2.07
2014.07.10 14:48:35.328,0.93821,0.93829,1.19,1.00
2014.07.10 14:48:37.547,0.93821,0.93829,1.25,1.32
2014.07.10 14:48:43.342,0.93821,0.93829,1.19,1.13
2014.07.10 14:48:44.643,0.93821,0.93829,1.25,1.32
2014.07.10 14:48:45.217,0.93822,0.9383,1.08,2.52
2014.07.10 14:48:45.471,0.93823,0.93831,1.02,2.44
2014.07.10 14:48:46.266,0.93823,0.93831,2.14,1.50
2014.07.10 14:48:48.177,0.93822,0.93831,2.59,1.69
2014.07.10 14:48:48.692,0.93822,0.93829,1.25,1.00
2014.07.10 14:48:49.198,0.93821,0.93829,1.02,1.25
2014.07.10 14:48:59.113,0.9382,0.93828,2.59,1.00
2014.07.10 14:49:00.111,0.9382,0.93829,1.77,2.82
2014.07.10 14:49:08.463,0.93822,0.93829,1.19,1.00
2014.07.10 14:49:08.991,0.93822,0.93831,2.52,1.69
2014.07.10 14:49:12.673,0.93821,0.9383,1.29,1.25
2014.07.10 14:49:12.926,0.93824,0.93829,1.00,1.00
2014.07.10 14:49:13.077,0.93822,0.9383,1.02,1.00
2014.07.10 14:49:13.128,0.93825,0.9383,1.00,1.00
2014.07.10 14:49:13.677,0.93824,0.9383,1.25,1.50
2014.07.10 14:49:14.183,0.93822,0.9383,1.19,1.00
2014.07.10 14:49:15.088,0.93821,0.9383,1.77,2.52
2014.07.10 14:49:23.155,0.9382,0.93829,1.69,1.39
2014.07.10 14:49:24.192,0.9382,0.93829,1.69,1.39
2014.07.10 14:49:24.791,0.9382,0.93828,1.19,1.00
2014.07.10 14:49:25.316,0.9382,0.93828,1.25,1.25
2014.07.10 14:49:29.567,0.9382,0.93827,1.25,1.00
2014.07.10 14:49:35.175,0.9382,0.93827,1.19,1.00
2014.07.10 14:49:36.295,0.9382,0.93827,1.25,1.00
2014.07.10 14:49:38.603,0.93819,0.93825,1.69,1.00
2014.07.10 14:49:39.702,0.93819,0.93825,1.69,1.50
2014.07.10 14:49:41.897,0.93819,0.93825,1.69,1.50
2014.07.10 14:49:43.433,0.93819,0.93825,1.69,1.50
2014.07.10 14:49:43.935,0.93819,0.93824,1.25,1.00
2014.07.10 14:49:54.424,0.93818,0.93822,1.50,1.00
2014.07.10 14:49:54.475,0.93816,0.93822,1.00,1.58
2014.07.10 14:49:54.527,0.93816,0.93822,1.00,1.48
2014.07.10 14:49:54.716,0.93811,0.93819,1.19,1.50
2014.07.10 14:49:55.222,0.9381,0.93818,1.19,1.10
2014.07.10 14:49:55.760,0.9381,0.93819,1.29,1.69
2014.07.10 14:49:56.923,0.9381,0.93818,1.19,1.00
2014.07.10 14:49:57.446,0.93809,0.93818,2.52,1.25
2014.07.10 14:49:58.784,0.93809,0.93818,2.52,2.07
2014.07.10 14:49:59.299,0.93809,0.93817,1.69,1.32
2014.07.10 14:49:59.827,0.93809,0.93817,2.44,1.13
2014.07.10 14:50:00.941,0.93809,0.93817,1.69,2.07
2014.07.10 14:50:03.036,0.93809,0.93816,1.02,1.00
2014.07.10 14:50:03.189,0.93805,0.93813,2.59,1.00
2014.07.10 14:50:03.392,0.93803,0.9381,4.47,1.00
2014.07.10 14:50:04.053,0.93803,0.9381,2.97,1.00
2014.07.10 14:50:06.343,0.93802,0.93808,1.00,1.00
2014.07.10 14:50:06.999,0.93801,0.93808,1.25,1.88
2014.07.10 14:50:07.514,0.93799,0.93808,2.52,2.07
2014.07.10 14:50:09.710,0.93799,0.93808,2.59,2.07
2014.07.10 14:50:10.217,0.93799,0.93808,1.02,2.82
2014.07.10 14:50:13.008,0.93802,0.93808,1.00,1.18
2014.07.10 14:50:13.362,0.93803,0.93809,1.69,1.00
2014.07.10 14:50:15.319,0.93803,0.93809,2.44,1.00
2014.07.10 14:50:15.992,0.93806,0.93813,1.25,1.08
2014.07.10 14:50:16.043,0.93807,0.93815,2.25,2.89
2014.07.10 14:50:16.561,0.93808,0.93815,1.00,1.84
2014.07.10 14:50:16.663,0.93809,0.93816,1.00,1.02
2014.07.10 14:50:16.714,0.93809,0.93814,1.00,1.00
2014.07.10 14:50:17.086,0.93808,0.93812,1.50,1.00
2014.07.10 14:50:17.365,0.93809,0.93816,1.00,1.25
2014.07.10 14:50:17.985,0.93809,0.93818,1.25,2.97
2014.07.10 14:50:34.731,0.9381,0.93818,1.20,1.77
2014.07.10 14:50:34.934,0.93811,0.93819,2.52,1.25
2014.07.10 14:50:39.145,0.93812,0.9382,1.00,2.44
2014.07.10 14:50:41.874,0.9381,0.93819,1.69,1.77
2014.07.10 14:50:42.864,0.9381,0.93818,1.00,1.77
2014.07.10 14:50:46.167,0.9381,0.93818,1.25,1.77
2014.07.10 14:50:46.971,0.93811,0.93818,2.44,1.00
2014.07.10 14:50:47.338,0.93812,0.9382,1.02,1.69
2014.07.10 14:50:48.338,0.93811,0.9382,4.09,2.44
2014.07.10 14:50:48.692,0.93809,0.93818,5.52,1.25
2014.07.10 14:50:49.970,0.93809,0.93818,2.52,1.19
2014.07.10 14:50:57.147,0.93808,0.93818,2.33,2.89
2014.07.10 14:50:57.451,0.93808,0.93815,1.50,1.00
2014.07.10 14:50:57.755,0.93804,0.93809,1.00,1.00
2014.07.10 14:50:57.909,0.93801,0.93808,1.08,1.69
2014.07.10 14:50:57.960,0.93801,0.93807,1.10,1.25
2014.07.10 14:50:58.494,0.93801,0.93806,1.00,1.00
2014.07.10 14:50:58.747,0.93799,0.93806,1.25,1.00
2014.07.10 14:51:07.643,0.93799,0.93808,2.44,3.72
2014.07.10 14:51:08.470,0.93799,0.93808,3.19,2.97
2014.07.10 14:51:09.374,0.93799,0.93808,2.44,3.72
2014.07.10 14:51:12.380,0.93801,0.93808,1.25,1.88
2014.07.10 14:51:12.684,0.93802,0.93809,4.47,1.00
2014.07.10 14:51:13.587,0.93803,0.93809,1.39,1.00
2014.07.10 14:51:14.588,0.93803,0.93809,1.47,1.00
2014.07.10 14:51:15.325,0.93803,0.93809,1.47,1.00
2014.07.10 14:51:17.715,0.93803,0.93809,2.52,1.00
2014.07.10 14:51:25.514,0.93804,0.93809,1.69,1.00
2014.07.10 14:51:26.851,0.93804,0.93809,1.69,1.00
2014.07.10 14:51:30.158,0.93804,0.93809,1.69,1.00
2014.07.10 14:51:31.148,0.93804,0.93809,1.25,1.00
2014.07.10 14:51:32.447,0.93804,0.93809,1.69,1.00
2014.07.10 14:51:35.596,0.93804,0.93809,1.25,1.00
2014.07.10 14:51:55.415,0.93804,0.93809,1.19,1.00
2014.07.10 14:51:57.125,0.93804,0.93809,1.25,1.00
2014.07.10 14:51:58.526,0.93804,0.93809,1.69,1.00
2014.07.10 14:52:02.154,0.93804,0.93809,1.02,1.00
2014.07.10 14:52:04.136,0.93804,0.93809,1.25,1.28
2014.07.10 14:52:04.288,0.93801,0.93807,1.69,1.10
2014.07.10 14:52:04.821,0.93801,0.93807,1.00,1.10
2014.07.10 14:52:05.324,0.93799,0.93807,1.19,1.10
2014.07.10 14:52:06.606,0.93799,0.93807,1.69,1.10
2014.07.10 14:52:06.810,0.93802,0.93807,1.19,1.00
2014.07.10 14:52:06.861,0.93802,0.93809,1.77,1.00
2014.07.10 14:52:10.400,0.93802,0.9381,1.69,1.10
2014.07.10 14:52:10.936,0.93804,0.9381,1.25,1.00
2014.07.10 14:52:11.037,0.93804,0.93812,1.69,1.10
2014.07.10 14:52:11.443,0.93807,0.93812,1.25,1.00
2014.07.10 14:52:12.477,0.93807,0.93813,1.19,1.10
2014.07.10 14:52:26.755,0.93808,0.93815,1.25,1.55
2014.07.10 14:52:30.219,0.93808,0.93815,1.19,1.18
2014.07.10 14:52:30.761,0.93807,0.93815,1.25,1.02
2014.07.10 14:52:30.862,0.93805,0.93814,1.25,2.52
2014.07.10 14:52:30.913,0.93805,0.93813,1.25,1.18
2014.07.10 14:52:31.218,0.93804,0.93809,1.25,1.00
2014.07.10 14:52:31.572,0.93803,0.93811,2.82,1.10
2014.07.10 14:52:31.724,0.93805,0.93813,1.19,1.65
2014.07.10 14:52:32.030,0.93806,0.93814,1.25,1.47
2014.07.10 14:52:32.895,0.93806,0.93814,1.25,1.47
2014.07.10 14:52:34.409,0.93807,0.93814,1.00,1.47
2014.07.10 14:52:34.594,0.93809,0.93815,1.00,1.84
2014.07.10 14:52:34.647,0.93809,0.93818,1.25,2.59
2014.07.10 14:52:35.103,0.93808,0.93815,2.44,1.00
2014.07.10 14:52:38.179,0.93807,0.93815,1.69,1.02
2014.07.10 14:52:38.585,0.93807,0.93814,1.00,1.09
2014.07.10 14:52:38.889,0.93805,0.93814,1.69,2.22
2014.07.10 14:52:40.268,0.93805,0.93814,1.69,2.22
2014.07.10 14:52:41.070,0.93805,0.93814,1.69,2.14
2014.07.10 14:52:42.927,0.93806,0.93814,1.25,1.47
2014.07.10 14:52:43.456,0.93806,0.93814,1.19,1.28
2014.07.10 14:52:43.962,0.93806,0.93814,1.69,1.20
2014.07.10 14:52:47.201,0.93806,0.93814,2.44,1.28
2014.07.10 14:52:49.509,0.93806,0.93815,2.44,2.22
2014.07.10 14:52:50.029,0.93806,0.93815,2.44,2.22
2014.07.10 14:52:50.615,0.93806,0.93815,2.44,2.22
2014.07.10 14:52:51.338,0.93806,0.93815,2.44,2.22
2014.07.10 14:52:51.884,0.93806,0.93815,2.44,2.22
2014.07.10 14:52:52.389,0.93806,0.93815,1.19,2.97
2014.07.10 14:52:52.927,0.93806,0.93815,1.19,2.97
2014.07.10 14:52:53.580,0.93806,0.93815,1.19,2.97
2014.07.10 14:52:54.114,0.93806,0.93815,1.19,2.97
2014.07.10 14:52:54.663,0.93806,0.93815,1.19,2.97
2014.07.10 14:52:55.290,0.93806,0.93815,1.19,2.97
2014.07.10 14:52:55.838,0.93806,0.93815,1.19,2.97
2014.07.10 14:52:56.396,0.93806,0.93815,1.19,2.97
2014.07.10 14:52:57.600,0.93806,0.93815,1.19,2.97
2014.07.10 14:52:58.291,0.93806,0.93815,1.19,2.97
2014.07.10 14:52:59.116,0.93806,0.93815,1.19,2.97
2014.07.10 14:52:59.647,0.93806,0.93815,1.19,2.97
2014.07.10 14:53:00.169,0.93805,0.93815,3.19,3.72
2014.07.10 14:53:00.998,0.93806,0.93815,1.19,2.97
2014.07.10 14:53:01.508,0.93806,0.93815,1.19,2.97
2014.07.10 14:53:01.711,0.93808,0.93816,1.69,2.14
2014.07.10 14:53:02.721,0.93808,0.93817,3.19,2.14
2014.07.10 14:53:05.648,0.93807,0.93815,2.52,1.25
2014.07.10 14:53:11.995,0.93807,0.93815,1.10,2.82
2014.07.10 14:53:14.058,0.93807,0.93815,1.02,2.82
2014.07.10 14:53:15.023,0.93807,0.93814,1.25,1.00
2014.07.10 14:53:19.724,0.93806,0.93814,1.02,1.25
2014.07.10 14:53:23.760,0.93806,0.93813,1.25,1.00
2014.07.10 14:53:24.264,0.93806,0.93814,1.25,1.25
2014.07.10 14:53:35.378,0.93806,0.93815,1.69,1.77
2014.07.10 14:53:46.351,0.93807,0.93815,1.19,1.50
2014.07.10 14:53:51.615,0.93807,0.93815,1.25,1.77
2014.07.10 14:54:00.293,0.93806,0.93815,1.25,2.52
2014.07.10 14:54:07.029,0.93806,0.93815,1.19,1.77
2014.07.10 14:54:07.869,0.93806,0.93815,1.19,1.84
2014.07.10 14:54:11.004,0.93806,0.93815,1.19,1.84
2014.07.10 14:54:11.739,0.93805,0.93814,2.07,1.09
2014.07.10 14:54:13.559,0.93808,0.93815,1.50,1.18
2014.07.10 14:54:13.610,0.93808,0.93816,2.70,1.50
2014.07.10 14:54:13.711,0.9381,0.93819,2.07,1.77
2014.07.10 14:54:14.217,0.9381,0.93819,1.18,1.50
2014.07.10 14:54:14.723,0.93812,0.93819,1.25,1.00
2014.07.10 14:54:15.230,0.93812,0.93819,2.52,1.00
2014.07.10 14:54:15.829,0.93811,0.93818,1.25,1.28
2014.07.10 14:54:15.931,0.93809,0.93818,1.25,2.22
2014.07.10 14:54:15.982,0.93811,0.93818,1.00,1.47
2014.07.10 14:54:16.185,0.93811,0.93819,1.19,1.58
2014.07.10 14:54:17.474,0.93813,0.93819,1.00,1.00
2014.07.10 14:54:19.318,0.93811,0.93818,1.25,1.10
2014.07.10 14:54:19.623,0.9381,0.93816,1.00,1.25
2014.07.10 14:54:19.876,0.93808,0.93815,1.00,1.69
2014.07.10 14:54:22.716,0.93808,0.93814,1.00,1.00
2014.07.10 14:54:23.285,0.93808,0.93813,1.00,1.00
2014.07.10 14:54:23.825,0.93808,0.93814,1.00,1.00
2014.07.10 14:54:24.357,0.93809,0.93815,1.00,1.00
2014.07.10 14:54:24.900,0.93809,0.93815,1.69,1.00
2014.07.10 14:54:25.469,0.93809,0.93816,1.69,1.00
2014.07.10 14:54:30.818,0.9381,0.93816,1.69,1.00
2014.07.10 14:54:30.869,0.9381,0.93816,2.82,1.00
2014.07.10 14:54:30.971,0.93814,0.93819,1.00,1.00
2014.07.10 14:54:31.275,0.93812,0.93819,1.69,1.00
2014.07.10 14:54:31.478,0.93812,0.93816,1.00,1.00
2014.07.10 14:54:31.992,0.9381,0.93817,1.69,1.00
2014.07.10 14:54:32.499,0.9381,0.93817,1.25,1.00
2014.07.10 14:54:33.036,0.9381,0.93819,1.25,1.77
2014.07.10 14:54:33.557,0.93809,0.93819,3.94,2.22
2014.07.10 14:54:34.071,0.93809,0.93819,3.57,1.84
2014.07.10 14:54:34.954,0.93809,0.93819,3.57,1.84
2014.07.10 14:54:35.976,0.93809,0.93818,2.82,1.40
2014.07.10 14:54:36.807,0.93809,0.93818,2.07,2.59
2014.07.10 14:54:40.320,0.93809,0.93817,1.25,1.09
2014.07.10 14:54:40.826,0.93809,0.93818,1.69,2.22
2014.07.10 14:54:41.856,0.93809,0.93818,1.25,2.97
2014.07.10 14:54:42.620,0.93809,0.93818,1.25,2.97
2014.07.10 14:54:43.165,0.93809,0.93818,1.25,2.97
2014.07.10 14:54:43.757,0.93809,0.93818,1.25,2.97
2014.07.10 14:54:44.266,0.93809,0.93818,1.25,2.97
2014.07.10 14:54:44.928,0.93809,0.93818,1.25,2.97
2014.07.10 14:54:45.447,0.93809,0.93818,1.25,2.97
2014.07.10 14:54:46.583,0.93809,0.93818,1.25,2.97
2014.07.10 14:54:46.938,0.93809,0.93818,5.22,1.00
2014.07.10 14:54:47.444,0.93811,0.9382,1.19,2.97
2014.07.10 14:54:47.947,0.93811,0.9382,1.19,2.97
2014.07.10 14:54:48.444,0.93809,0.93819,4.47,1.69
2014.07.10 14:54:49.469,0.93809,0.93818,2.44,1.84
2014.07.10 14:54:49.974,0.93809,0.93818,1.69,1.84
2014.07.10 14:54:50.850,0.93809,0.93818,1.69,1.84
2014.07.10 14:54:51.417,0.93809,0.93818,3.19,1.02
2014.07.10 14:54:52.278,0.93809,0.93818,3.19,1.09
2014.07.10 14:54:52.829,0.93809,0.93818,2.44,1.02
2014.07.10 14:54:53.910,0.93809,0.93818,2.44,1.33
2014.07.10 14:54:54.549,0.93809,0.93818,2.44,1.02
2014.07.10 14:54:55.276,0.93809,0.93818,1.69,1.02
2014.07.10 14:54:55.831,0.9381,0.93818,1.00,1.77
2014.07.10 14:54:56.388,0.9381,0.93818,1.25,1.25
2014.07.10 14:54:57.747,0.9381,0.93818,1.25,1.09
2014.07.10 14:54:58.469,0.9381,0.93818,1.25,1.09
2014.07.10 14:54:59.001,0.9381,0.93818,1.25,1.09
