2012.06.15 18:00:00.274,1.00614,1.00633,1.50,1.50
2012.06.15 18:00:00.922,1.00616,1.00634,1.50,6.58
2012.06.15 18:00:01.389,1.00616,1.00633,1.35,1.88
2012.06.15 18:00:05.596,1.00618,1.00632,3.21,1.50
2012.06.15 18:00:06.121,1.00618,1.00632,2.25,1.88
2012.06.15 18:00:06.670,1.00618,1.00633,2.25,2.63
2012.06.15 18:00:09.850,1.0062,1.00633,1.50,1.13
2012.06.15 18:00:10.183,1.00622,1.00634,3.00,1.50
2012.06.15 18:00:10.649,1.00618,1.00633,3.00,1.50
2012.06.15 18:00:11.159,1.00618,1.00636,3.00,1.35
2012.06.15 18:00:12.089,1.00618,1.00636,3.00,1.35
2012.06.15 18:00:12.720,1.00618,1.00636,3.00,1.35
2012.06.15 18:00:15.905,1.0062,1.00636,3.38,1.35
2012.06.15 18:00:15.986,1.00622,1.00638,1.50,1.50
2012.06.15 18:00:16.202,1.00623,1.00638,3.00,1.50
2012.06.15 18:00:17.183,1.00623,1.0064,3.00,2.25
2012.06.15 18:00:17.325,1.00628,1.00643,3.06,1.10
2012.06.15 18:00:17.405,1.00628,1.00644,4.88,2.63
2012.06.15 18:00:17.543,1.00631,1.00647,3.00,1.50
2012.06.15 18:00:18.082,1.00633,1.00649,3.00,2.10
2012.06.15 18:00:18.152,1.00633,1.00649,3.00,1.35
2012.06.15 18:00:18.831,1.00633,1.00652,3.00,2.25
2012.06.15 18:00:21.978,1.00633,1.0065,3.00,2.25
2012.06.15 18:00:22.231,1.00638,1.00652,1.65,1.50
2012.06.15 18:00:22.752,1.00638,1.00653,5.25,1.85
2012.06.15 18:00:23.303,1.00638,1.00653,5.25,1.85
2012.06.15 18:00:24.210,1.00638,1.00654,5.25,1.50
2012.06.15 18:00:24.353,1.00638,1.00651,3.00,1.50
2012.06.15 18:00:27.209,1.00638,1.00653,3.00,2.98
2012.06.15 18:00:32.326,1.00632,1.0065,5.25,2.25
2012.06.15 18:00:38.595,1.00632,1.00647,4.50,1.13
2012.06.15 18:00:39.151,1.0063,1.00645,2.03,2.25
2012.06.15 18:00:39.280,1.0063,1.00645,2.03,2.25
2012.06.15 18:00:40.520,1.00631,1.00645,1.50,3.75
2012.06.15 18:00:45.973,1.0063,1.00645,2.03,2.25
2012.06.15 18:00:46.675,1.00629,1.00643,1.58,2.10
2012.06.15 18:00:46.751,1.00629,1.00642,1.58,2.25
2012.06.15 18:00:47.024,1.00627,1.0064,3.00,1.13
2012.06.15 18:00:47.666,1.00623,1.00639,3.00,3.00
2012.06.15 18:00:49.374,1.00623,1.00639,2.25,3.75
2012.06.15 18:00:51.553,1.0062,1.00634,1.50,1.50
2012.06.15 18:00:52.111,1.0062,1.00633,3.00,1.50
2012.06.15 18:00:53.112,1.00619,1.00634,3.90,1.50
2012.06.15 18:00:53.441,1.00617,1.00634,5.63,1.88
2012.06.15 18:00:53.900,1.00618,1.00634,1.73,2.25
2012.06.15 18:00:54.520,1.00619,1.00634,4.28,1.50
2012.06.15 18:00:55.046,1.0062,1.00634,2.40,1.50
2012.06.15 18:00:55.180,1.0062,1.00634,2.40,1.50
2012.06.15 18:00:55.740,1.0062,1.00634,4.31,1.50
2012.06.15 18:00:56.002,1.0062,1.00634,1.50,1.50
2012.06.15 18:00:56.859,1.0062,1.00635,2.25,1.88
2012.06.15 18:00:57.189,1.00623,1.00639,2.25,2.25
2012.06.15 18:01:01.637,1.00623,1.00639,2.25,2.25
2012.06.15 18:01:05.271,1.00623,1.00639,2.25,1.50
2012.06.15 18:01:09.313,1.00623,1.00638,2.25,1.50
2012.06.15 18:01:13.681,1.00623,1.00638,2.25,2.25
2012.06.15 18:01:14.124,1.00617,1.00634,3.00,1.88
2012.06.15 18:01:14.192,1.00617,1.00634,2.25,1.88
2012.06.15 18:01:15.693,1.00617,1.00633,2.25,1.50
2012.06.15 18:01:15.908,1.00613,1.00628,1.88,2.25
2012.06.15 18:01:16.432,1.00612,1.00628,3.00,2.25
2012.06.15 18:01:18.261,1.00612,1.00624,2.25,3.38
2012.06.15 18:01:18.332,1.0061,1.00624,1.28,3.38
2012.06.15 18:01:18.883,1.0061,1.00624,2.03,2.63
2012.06.15 18:01:19.082,1.00613,1.00625,2.25,1.50
2012.06.15 18:01:20.332,1.00613,1.00629,2.25,2.25
2012.06.15 18:01:21.422,1.00613,1.00628,2.25,1.88
2012.06.15 18:01:21.763,1.00608,1.00618,2.78,1.50
2012.06.15 18:01:21.836,1.00605,1.00618,1.13,1.50
2012.06.15 18:01:21.903,1.00604,1.00618,1.50,1.50
2012.06.15 18:01:22.212,1.00606,1.0062,1.88,1.50
2012.06.15 18:01:22.494,1.00613,1.00626,2.25,2.63
2012.06.15 18:01:22.680,1.00613,1.00626,2.25,1.88
2012.06.15 18:01:23.272,1.00613,1.00627,2.25,1.50
2012.06.15 18:01:23.818,1.00613,1.00627,2.25,1.50
2012.06.15 18:01:23.961,1.00613,1.00627,2.25,1.50
2012.06.15 18:01:24.343,1.00613,1.00627,2.25,1.50
2012.06.15 18:01:26.409,1.00613,1.00627,2.25,1.50
2012.06.15 18:01:35.901,1.00613,1.00628,2.25,3.00
2012.06.15 18:01:40.337,1.00613,1.00627,2.25,1.50
2012.06.15 18:01:40.845,1.00613,1.00628,2.25,3.00
2012.06.15 18:01:43.279,1.00613,1.00628,2.25,3.00
2012.06.15 18:01:43.829,1.00613,1.00627,2.25,1.50
2012.06.15 18:01:46.468,1.00613,1.00627,2.25,1.50
2012.06.15 18:01:50.550,1.00613,1.00628,2.25,2.25
2012.06.15 18:01:54.723,1.00615,1.00628,1.24,1.50
2012.06.15 18:01:55.356,1.00616,1.00629,1.50,1.50
2012.06.15 18:01:55.440,1.00623,1.00633,3.00,1.50
2012.06.15 18:01:55.876,1.00623,1.00637,3.00,3.00
2012.06.15 18:01:56.847,1.00623,1.00637,3.00,1.50
2012.06.15 18:01:57.512,1.0062,1.00634,1.28,1.50
2012.06.15 18:01:57.996,1.00618,1.00634,1.95,1.50
2012.06.15 18:01:58.532,1.0062,1.00634,1.65,1.50
2012.06.15 18:01:59.275,1.00618,1.00632,1.48,1.35
2012.06.15 18:01:59.359,1.00613,1.00629,2.25,1.50
2012.06.15 18:02:01.322,1.00614,1.00629,1.50,1.50
2012.06.15 18:02:03.094,1.00614,1.0063,2.25,1.50
2012.06.15 18:02:03.742,1.00618,1.00632,3.00,1.35
2012.06.15 18:02:03.990,1.00618,1.00633,3.00,1.50
2012.06.15 18:02:04.684,1.00618,1.00633,4.50,1.50
2012.06.15 18:02:08.822,1.00618,1.00633,3.00,1.88
2012.06.15 18:02:09.350,1.00618,1.00633,3.00,2.25
2012.06.15 18:02:09.923,1.00618,1.00632,3.00,1.50
2012.06.15 18:02:25.001,1.00618,1.00633,3.00,1.50
2012.06.15 18:02:25.392,1.00619,1.00633,2.33,1.50
2012.06.15 18:02:25.521,1.0062,1.00634,1.50,2.25
2012.06.15 18:02:25.591,1.00623,1.00634,2.25,1.50
2012.06.15 18:02:26.132,1.00623,1.00639,2.25,1.50
2012.06.15 18:02:26.683,1.00623,1.00639,2.25,2.10
2012.06.15 18:02:29.839,1.00623,1.00634,2.25,1.50
2012.06.15 18:02:30.390,1.00623,1.00638,3.00,3.00
2012.06.15 18:02:34.632,1.00623,1.00638,3.00,2.10
2012.06.15 18:02:44.855,1.00623,1.00636,3.00,1.28
2012.06.15 18:02:44.993,1.00618,1.00633,5.33,1.50
2012.06.15 18:02:45.063,1.00618,1.00633,3.08,1.50
2012.06.15 18:02:45.891,1.00618,1.00633,3.00,2.25
2012.06.15 18:02:53.322,1.00618,1.00633,3.00,1.50
2012.06.15 18:02:54.131,1.00618,1.00633,3.75,1.50
2012.06.15 18:02:55.371,1.00618,1.00633,4.50,1.50
2012.06.15 18:02:55.501,1.00619,1.00636,1.88,2.60
2012.06.15 18:02:55.570,1.00619,1.00636,1.50,1.50
2012.06.15 18:03:00.971,1.00622,1.00638,3.00,2.10
2012.06.15 18:03:04.749,1.00622,1.00638,3.00,2.85
2012.06.15 18:03:05.270,1.00622,1.00638,3.00,1.50
2012.06.15 18:03:06.119,1.00624,1.00638,1.50,1.50
2012.06.15 18:03:10.840,1.00624,1.00638,1.50,1.50
2012.06.15 18:03:10.983,1.00626,1.00643,1.50,2.07
2012.06.15 18:03:11.314,1.00632,1.00646,3.00,3.76
2012.06.15 18:03:11.513,1.00633,1.00646,1.50,3.01
2012.06.15 18:03:15.261,1.00633,1.00649,1.50,1.70
2012.06.15 18:03:15.390,1.00633,1.00648,1.50,2.45
2012.06.15 18:03:15.581,1.00632,1.00648,4.50,2.45
2012.06.15 18:03:15.890,1.00633,1.00648,1.50,2.45
2012.06.15 18:03:16.617,1.00633,1.00649,1.50,1.50
2012.06.15 18:03:22.929,1.00633,1.00649,1.50,1.50
2012.06.15 18:03:36.303,1.00636,1.00648,2.10,1.50
2012.06.15 18:03:36.586,1.00639,1.00653,1.28,1.50
2012.06.15 18:03:37.020,1.00641,1.00656,1.13,3.00
2012.06.15 18:03:37.352,1.00642,1.00656,1.69,3.00
2012.06.15 18:03:37.494,1.00646,1.00659,1.50,1.13
2012.06.15 18:03:37.561,1.00646,1.0066,2.38,1.13
2012.06.15 18:03:37.631,1.0065,1.0066,1.50,1.13
2012.06.15 18:03:38.175,1.00651,1.00665,1.13,1.50
2012.06.15 18:03:38.490,1.00651,1.00665,1.13,1.50
2012.06.15 18:03:39.414,1.0065,1.00664,3.41,1.13
2012.06.15 18:03:39.624,1.00647,1.00661,3.75,1.50
2012.06.15 18:03:39.696,1.00647,1.00661,3.75,1.50
2012.06.15 18:03:39.975,1.00647,1.00659,2.25,1.50
2012.06.15 18:03:40.173,1.00643,1.00659,3.00,1.50
2012.06.15 18:03:40.310,1.00643,1.00659,3.00,1.50
2012.06.15 18:03:40.852,1.00643,1.00659,3.00,1.50
2012.06.15 18:03:41.490,1.00643,1.00659,2.25,2.25
2012.06.15 18:03:44.523,1.00639,1.00654,2.25,1.88
2012.06.15 18:03:44.781,1.00638,1.00653,1.50,1.50
2012.06.15 18:03:45.052,1.00637,1.00654,3.00,2.10
2012.06.15 18:03:45.380,1.00634,1.00648,2.25,1.50
2012.06.15 18:03:46.042,1.00633,1.00648,4.88,1.50
2012.06.15 18:03:46.549,1.00633,1.00648,3.00,1.50
2012.06.15 18:03:47.451,1.00633,1.00648,3.38,1.50
2012.06.15 18:03:47.699,1.00633,1.00648,3.00,1.50
2012.06.15 18:03:48.429,1.00633,1.00648,3.38,1.50
2012.06.15 18:03:49.599,1.00636,1.00653,1.50,1.50
2012.06.15 18:03:50.169,1.00635,1.00649,2.63,1.50
2012.06.15 18:03:50.672,1.00635,1.0065,2.25,1.50
2012.06.15 18:03:56.241,1.00634,1.00649,2.25,3.00
2012.06.15 18:03:56.791,1.00633,1.00649,3.00,3.00
2012.06.15 18:04:00.341,1.00633,1.00649,3.00,1.50
2012.06.15 18:04:01.389,1.00633,1.00651,3.75,1.50
2012.06.15 18:04:01.930,1.00637,1.00652,3.00,1.13
2012.06.15 18:04:05.109,1.00637,1.00653,3.00,2.05
2012.06.15 18:04:06.122,1.00637,1.00648,3.00,1.65
2012.06.15 18:04:06.372,1.00638,1.0065,1.13,1.50
2012.06.15 18:04:06.681,1.00638,1.00653,1.48,1.50
2012.06.15 18:04:07.064,1.00638,1.00653,1.48,1.50
2012.06.15 18:04:07.200,1.00639,1.00653,1.13,1.50
2012.06.15 18:04:07.333,1.0064,1.00654,1.50,1.50
2012.06.15 18:04:10.560,1.00641,1.00657,1.50,1.50
2012.06.15 18:04:11.239,1.00642,1.00659,3.00,3.00
2012.06.15 18:04:13.304,1.00642,1.00659,3.00,3.00
2012.06.15 18:04:15.740,1.00642,1.00659,3.00,3.00
2012.06.15 18:04:17.485,1.00642,1.00659,3.98,3.00
2012.06.15 18:04:17.610,1.00642,1.00659,3.98,1.50
2012.06.15 18:04:17.860,1.00643,1.0066,1.50,1.50
2012.06.15 18:04:20.533,1.00644,1.00659,1.50,1.50
2012.06.15 18:04:20.784,1.00642,1.00659,5.10,1.50
2012.06.15 18:04:20.852,1.00642,1.00659,4.35,1.50
2012.06.15 18:04:23.100,1.00642,1.00656,3.00,1.50
2012.06.15 18:04:23.364,1.00639,1.00654,2.33,1.50
2012.06.15 18:04:23.871,1.0064,1.00654,1.50,1.50
2012.06.15 18:04:23.940,1.00637,1.00654,3.75,1.50
2012.06.15 18:04:24.072,1.00637,1.00654,3.00,2.07
2012.06.15 18:04:24.437,1.00637,1.00653,3.00,1.13
2012.06.15 18:04:26.289,1.00637,1.00654,2.25,4.48
2012.06.15 18:04:30.529,1.00637,1.00654,2.25,4.29
2012.06.15 18:04:35.449,1.00637,1.00654,2.25,3.73
2012.06.15 18:04:37.269,1.00637,1.00654,2.25,2.60
2012.06.15 18:04:39.443,1.00637,1.00655,4.88,4.50
2012.06.15 18:04:39.516,1.0064,1.00655,2.25,4.50
2012.06.15 18:04:39.662,1.00642,1.00658,2.25,2.23
2012.06.15 18:04:40.297,1.00642,1.00659,3.90,2.25
2012.06.15 18:04:41.253,1.00642,1.00659,3.00,1.73
2012.06.15 18:04:41.581,1.0064,1.00653,1.13,1.73
2012.06.15 18:04:42.159,1.00639,1.00653,2.63,1.73
2012.06.15 18:04:43.490,1.00639,1.00653,2.25,1.73
2012.06.15 18:04:44.042,1.00639,1.00653,1.50,1.73
2012.06.15 18:04:44.550,1.00639,1.00653,1.50,1.50
2012.06.15 18:04:46.079,1.00638,1.00653,1.50,1.50
2012.06.15 18:04:46.272,1.00638,1.00653,1.13,1.50
2012.06.15 18:04:46.949,1.00645,1.00657,1.50,1.05
2012.06.15 18:04:47.029,1.00644,1.00659,2.25,2.55
2012.06.15 18:04:47.170,1.00643,1.00659,2.10,1.50
2012.06.15 18:04:50.619,1.00643,1.00659,2.10,1.50
2012.06.15 18:04:52.579,1.00643,1.00659,1.73,1.50
2012.06.15 18:04:53.038,1.00643,1.00659,2.48,1.50
2012.06.15 18:04:54.348,1.00643,1.00659,1.35,1.50
2012.06.15 18:04:55.720,1.00644,1.0066,1.50,2.25
2012.06.15 18:04:56.041,1.00648,1.00661,2.25,1.50
2012.06.15 18:04:57.022,1.00648,1.00661,2.25,1.50
2012.06.15 18:04:57.342,1.00648,1.00657,2.25,1.50
2012.06.15 18:04:57.542,1.00642,1.00656,3.75,1.50
2012.06.15 18:04:57.731,1.0064,1.00654,1.50,1.50
2012.06.15 18:04:58.253,1.00638,1.00654,2.48,1.50
2012.06.15 18:05:00.446,1.00638,1.00654,1.73,1.50
2012.06.15 18:05:00.592,1.0064,1.00655,1.50,1.50
2012.06.15 18:05:00.662,1.00641,1.00659,1.50,3.35
2012.06.15 18:05:00.932,1.00643,1.00659,3.00,1.50
2012.06.15 18:05:01.267,1.00646,1.00662,1.50,1.50
2012.06.15 18:05:01.802,1.00647,1.00663,3.00,1.05
2012.06.15 18:05:02.330,1.00647,1.00664,3.00,3.30
2012.06.15 18:05:15.281,1.00647,1.00663,2.25,3.30
2012.06.15 18:05:15.543,1.00646,1.00663,1.50,3.73
2012.06.15 18:05:16.820,1.00643,1.00659,4.13,1.50
2012.06.15 18:05:20.710,1.00645,1.00663,3.38,1.88
2012.06.15 18:05:20.986,1.00648,1.00663,2.25,1.50
2012.06.15 18:05:24.590,1.00648,1.00663,3.00,2.10
2012.06.15 18:05:25.302,1.00648,1.00663,3.00,1.50
2012.06.15 18:05:26.470,1.00648,1.00663,3.00,1.50
2012.06.15 18:05:27.519,1.00648,1.00663,2.25,1.88
2012.06.15 18:05:29.440,1.00648,1.00663,3.00,2.25
2012.06.15 18:05:30.002,1.00648,1.00663,2.25,1.50
2012.06.15 18:05:30.393,1.00645,1.00659,1.50,1.50
2012.06.15 18:05:30.952,1.00643,1.00659,4.50,1.50
2012.06.15 18:05:31.021,1.00643,1.00658,4.50,1.50
2012.06.15 18:05:32.115,1.00643,1.00658,4.50,1.50
2012.06.15 18:05:52.110,1.00642,1.00658,2.25,1.50
2012.06.15 18:05:52.183,1.00642,1.00657,1.50,1.50
2012.06.15 18:05:52.322,1.00639,1.00653,4.50,1.50
2012.06.15 18:05:52.675,1.00638,1.00653,4.35,1.50
2012.06.15 18:05:53.182,1.00638,1.00653,1.35,1.50
2012.06.15 18:05:53.711,1.00637,1.00653,5.25,1.50
2012.06.15 18:05:54.063,1.00637,1.00653,3.75,2.25
2012.06.15 18:05:54.624,1.00637,1.00653,3.00,2.25
2012.06.15 18:05:54.942,1.00637,1.00652,3.00,1.50
2012.06.15 18:05:55.214,1.00637,1.00651,3.00,1.13
2012.06.15 18:05:55.356,1.00637,1.00651,3.00,1.88
2012.06.15 18:05:57.011,1.00637,1.00653,3.23,3.00
2012.06.15 18:05:57.353,1.00637,1.00653,3.98,2.25
2012.06.15 18:05:57.423,1.00637,1.00653,3.98,2.25
2012.06.15 18:06:00.938,1.00637,1.00649,3.00,1.85
2012.06.15 18:06:02.224,1.00637,1.00649,3.00,1.10
2012.06.15 18:06:03.112,1.00637,1.0065,3.60,1.13
2012.06.15 18:06:03.478,1.00637,1.00653,3.60,1.50
2012.06.15 18:06:04.280,1.00637,1.00653,5.48,1.50
2012.06.15 18:06:04.360,1.00638,1.00653,1.13,1.50
2012.06.15 18:06:04.492,1.0064,1.00654,1.50,1.50
2012.06.15 18:06:04.564,1.00641,1.00654,1.50,1.50
2012.06.15 18:06:05.152,1.00642,1.00659,3.00,1.50
2012.06.15 18:06:05.363,1.00642,1.00659,5.10,1.50
2012.06.15 18:06:05.431,1.00643,1.00659,1.35,1.50
2012.06.15 18:06:10.909,1.00644,1.00658,1.50,1.50
2012.06.15 18:06:11.057,1.00645,1.00663,2.25,4.50
2012.06.15 18:06:14.423,1.00646,1.00658,2.25,1.50
2012.06.15 18:06:14.621,1.00644,1.00654,3.00,1.13
2012.06.15 18:06:15.284,1.00637,1.00653,3.94,1.13
2012.06.15 18:06:15.355,1.00637,1.00653,3.75,1.13
2012.06.15 18:06:15.990,1.00637,1.00651,3.75,1.50
2012.06.15 18:06:16.120,1.00637,1.00652,3.75,1.88
2012.06.15 18:06:17.109,1.00634,1.00649,3.00,1.50
2012.06.15 18:06:18.249,1.00634,1.00649,1.50,1.50
2012.06.15 18:06:21.412,1.00634,1.00649,2.25,1.50
2012.06.15 18:06:22.031,1.00635,1.00649,1.50,1.50
2012.06.15 18:06:22.361,1.00635,1.00649,1.50,1.50
2012.06.15 18:06:23.202,1.00633,1.00649,2.25,1.50
2012.06.15 18:06:23.512,1.00632,1.00644,3.00,1.88
2012.06.15 18:06:23.655,1.00628,1.00644,2.25,2.25
2012.06.15 18:06:24.161,1.00627,1.00644,3.00,2.98
2012.06.15 18:06:25.310,1.00627,1.00644,2.25,2.98
2012.06.15 18:06:28.942,1.00627,1.0064,2.25,2.63
2012.06.15 18:06:29.470,1.00623,1.00635,1.50,1.50
2012.06.15 18:06:29.540,1.00621,1.00635,1.13,1.50
2012.06.15 18:06:32.756,1.00622,1.00637,5.25,1.50
2012.06.15 18:06:32.831,1.00622,1.00638,3.00,1.50
2012.06.15 18:06:33.390,1.00623,1.00638,1.50,1.50
2012.06.15 18:06:33.683,1.00621,1.00638,4.88,3.00
2012.06.15 18:06:34.012,1.00621,1.00633,2.25,1.13
2012.06.15 18:06:34.087,1.00619,1.00633,1.50,1.13
2012.06.15 18:06:34.611,1.00619,1.00629,1.50,1.50
2012.06.15 18:06:34.991,1.00612,1.00629,3.75,1.50
2012.06.15 18:06:37.940,1.00612,1.0063,4.50,1.50
2012.06.15 18:06:38.142,1.00612,1.00629,6.00,2.25
2012.06.15 18:06:38.691,1.00612,1.00629,4.13,3.00
2012.06.15 18:06:40.685,1.00612,1.00629,4.13,3.00
2012.06.15 18:06:42.271,1.00615,1.00629,1.73,3.00
2012.06.15 18:06:42.343,1.00616,1.00629,2.03,2.25
2012.06.15 18:06:42.412,1.00618,1.00629,1.43,2.25
2012.06.15 18:06:42.673,1.00623,1.00635,1.50,1.50
2012.06.15 18:06:42.814,1.00623,1.00638,1.50,1.50
2012.06.15 18:06:43.347,1.00623,1.00639,1.50,2.10
2012.06.15 18:06:43.883,1.00623,1.0064,3.00,1.50
2012.06.15 18:06:45.313,1.00623,1.00639,3.00,1.50
2012.06.15 18:06:45.741,1.00623,1.00638,1.50,2.10
2012.06.15 18:06:47.065,1.00623,1.00638,1.50,2.10
2012.06.15 18:06:47.254,1.00623,1.00638,1.50,2.10
2012.06.15 18:06:55.011,1.00622,1.00638,3.00,2.10
2012.06.15 18:06:56.121,1.00622,1.00635,2.25,1.50
2012.06.15 18:06:56.632,1.00619,1.00634,2.25,1.50
2012.06.15 18:06:56.961,1.00617,1.00634,5.25,1.50
2012.06.15 18:06:57.483,1.00617,1.00634,6.00,1.50
2012.06.15 18:06:57.811,1.0062,1.00634,1.13,1.50
2012.06.15 18:06:58.508,1.00619,1.00634,1.28,3.00
2012.06.15 18:06:59.075,1.00619,1.00634,1.50,1.50
2012.06.15 18:06:59.144,1.00621,1.00637,1.50,4.10
2012.06.15 18:06:59.423,1.00622,1.00637,3.75,2.25
2012.06.15 18:07:00.106,1.00622,1.00639,3.75,1.50
2012.06.15 18:07:01.091,1.00622,1.00637,3.00,1.50
2012.06.15 18:07:01.366,1.00622,1.00637,1.13,2.85
2012.06.15 18:07:02.276,1.00623,1.00638,1.50,2.25
2012.06.15 18:07:02.352,1.00623,1.00638,1.50,2.25
2012.06.15 18:07:04.015,1.00621,1.00638,3.75,1.50
2012.06.15 18:07:05.353,1.00623,1.00638,1.50,1.88
2012.06.15 18:07:05.490,1.00623,1.00638,1.50,1.88
2012.06.15 18:07:06.992,1.00621,1.00637,3.00,1.50
2012.06.15 18:07:07.193,1.00621,1.00637,3.00,1.50
2012.06.15 18:07:07.699,1.00621,1.00637,3.00,2.25
2012.06.15 18:07:08.109,1.00621,1.00634,2.25,1.50
2012.06.15 18:07:08.323,1.00617,1.00634,3.00,1.88
2012.06.15 18:07:09.659,1.00617,1.00629,2.25,1.50
2012.06.15 18:07:09.801,1.00615,1.00629,1.13,1.50
2012.06.15 18:07:09.869,1.00614,1.00629,1.13,1.50
2012.06.15 18:07:10.620,1.00612,1.00629,5.25,1.50
2012.06.15 18:07:11.505,1.00612,1.00629,6.75,2.25
2012.06.15 18:07:11.822,1.00614,1.00629,1.50,2.25
2012.06.15 18:07:12.377,1.00616,1.0063,2.25,1.50
2012.06.15 18:07:12.900,1.00616,1.00633,2.25,2.63
2012.06.15 18:07:24.423,1.00614,1.00633,1.88,2.63
2012.06.15 18:07:24.495,1.00613,1.00629,4.13,1.50
2012.06.15 18:07:24.962,1.00612,1.00629,3.00,1.50
2012.06.15 18:07:25.721,1.00611,1.00629,6.00,1.50
2012.06.15 18:07:26.383,1.00611,1.00629,4.13,1.50
2012.06.15 18:07:27.709,1.00611,1.00629,4.88,2.25
2012.06.15 18:07:29.443,1.00611,1.00629,3.38,1.50
2012.06.15 18:07:29.752,1.00611,1.00628,3.00,1.88
2012.06.15 18:07:30.278,1.00608,1.00623,1.43,1.50
2012.06.15 18:07:30.783,1.00608,1.00623,1.05,1.50
2012.06.15 18:07:31.403,1.00608,1.00623,1.05,1.50
2012.06.15 18:07:31.548,1.00606,1.00619,5.55,1.50
2012.06.15 18:07:31.895,1.00606,1.00618,1.50,1.50
2012.06.15 18:07:31.964,1.00603,1.00618,1.32,1.50
2012.06.15 18:07:32.925,1.00604,1.0062,1.13,1.88
2012.06.15 18:07:33.138,1.00607,1.0062,2.25,1.50
2012.06.15 18:07:33.671,1.00606,1.00623,3.75,1.50
2012.06.15 18:07:35.100,1.00606,1.00624,3.75,2.25
2012.06.15 18:07:38.543,1.00606,1.00618,2.25,1.50
2012.06.15 18:07:38.612,1.00603,1.00618,1.95,1.50
2012.06.15 18:07:38.801,1.00603,1.00618,1.95,1.50
2012.06.15 18:07:42.430,1.00602,1.00618,1.13,1.50
2012.06.15 18:07:46.993,1.00601,1.00618,4.88,1.50
2012.06.15 18:07:49.355,1.00601,1.00618,5.63,1.50
2012.06.15 18:07:50.473,1.00601,1.00614,2.25,1.50
2012.06.15 18:07:50.603,1.00601,1.00614,2.25,1.88
2012.06.15 18:07:50.985,1.006,1.00611,1.73,2.25
2012.06.15 18:07:51.184,1.00595,1.00609,1.80,3.00
2012.06.15 18:07:51.324,1.00593,1.00609,1.50,3.00
2012.06.15 18:07:54.601,1.00602,1.00614,3.00,1.13
2012.06.15 18:07:54.743,1.00602,1.00614,3.00,1.13
2012.06.15 18:08:02.341,1.00601,1.00616,2.63,3.00
2012.06.15 18:08:03.580,1.00601,1.00616,2.48,3.00
2012.06.15 18:08:04.161,1.00601,1.00616,2.48,3.00
2012.06.15 18:08:05.035,1.00602,1.00616,1.13,3.00
2012.06.15 18:08:05.461,1.00603,1.00616,3.38,3.00
2012.06.15 18:08:06.240,1.00603,1.00616,2.63,2.25
2012.06.15 18:08:15.830,1.00605,1.00616,1.13,2.25
2012.06.15 18:08:16.094,1.00606,1.00621,2.10,3.00
2012.06.15 18:08:16.621,1.00606,1.00621,2.25,3.00
2012.06.15 18:08:16.753,1.00608,1.00621,1.65,3.00
2012.06.15 18:08:16.952,1.00608,1.00621,1.73,3.00
2012.06.15 18:08:17.331,1.00606,1.00621,4.05,3.00
2012.06.15 18:08:17.894,1.00606,1.00621,5.85,3.00
2012.06.15 18:08:18.680,1.00606,1.00621,3.68,3.00
2012.06.15 18:08:19.301,1.00606,1.00621,5.48,3.00
2012.06.15 18:08:19.919,1.00606,1.00621,3.68,3.00
2012.06.15 18:08:20.609,1.00606,1.00621,5.85,3.00
2012.06.15 18:08:21.351,1.00606,1.00621,3.30,3.00
2012.06.15 18:08:22.081,1.00606,1.00621,4.35,3.00
2012.06.15 18:08:22.591,1.00606,1.00621,3.30,3.00
2012.06.15 18:08:23.155,1.00606,1.00621,4.35,3.00
2012.06.15 18:08:24.280,1.00608,1.00621,1.50,3.00
2012.06.15 18:08:27.642,1.00606,1.00621,2.10,3.00
2012.06.15 18:08:28.150,1.00605,1.00621,3.60,3.00
2012.06.15 18:08:28.632,1.00605,1.00621,4.08,3.00
2012.06.15 18:08:29.013,1.00604,1.00616,2.10,3.00
2012.06.15 18:08:29.085,1.00602,1.00616,1.50,3.00
2012.06.15 18:08:29.651,1.00602,1.00616,2.10,3.00
2012.06.15 18:08:30.171,1.00601,1.00616,2.48,3.00
2012.06.15 18:08:30.763,1.00602,1.00616,1.50,3.00
2012.06.15 18:08:34.640,1.00602,1.00616,2.10,3.00
2012.06.15 18:08:36.344,1.00603,1.00616,1.35,3.00
2012.06.15 18:08:36.965,1.00603,1.00616,4.53,3.00
2012.06.15 18:08:37.895,1.00603,1.00616,1.50,3.00
2012.06.15 18:08:37.965,1.00599,1.00614,3.75,1.50
2012.06.15 18:08:38.033,1.00599,1.0061,3.75,2.25
2012.06.15 18:08:38.587,1.00598,1.0061,1.28,3.00
2012.06.15 18:08:38.915,1.00597,1.0061,1.50,3.00
2012.06.15 18:08:39.872,1.00597,1.0061,1.05,3.00
2012.06.15 18:08:40.071,1.00595,1.0061,2.25,3.00
2012.06.15 18:08:53.162,1.00595,1.00609,1.50,1.50
2012.06.15 18:08:53.721,1.00593,1.00608,1.50,3.75
2012.06.15 18:08:54.172,1.00592,1.00608,3.68,3.75
2012.06.15 18:08:54.941,1.00592,1.00608,2.55,3.75
2012.06.15 18:08:55.342,1.00592,1.00608,1.80,3.75
2012.06.15 18:09:03.467,1.00592,1.00608,2.10,3.75
2012.06.15 18:09:08.196,1.00592,1.00608,2.48,3.00
2012.06.15 18:09:08.525,1.00601,1.00608,1.13,2.25
2012.06.15 18:09:08.664,1.00604,1.00614,1.50,1.50
2012.06.15 18:09:08.935,1.00602,1.00619,3.00,3.75
2012.06.15 18:09:09.467,1.00602,1.00619,3.00,3.75
2012.06.15 18:09:10.844,1.00602,1.00619,3.75,3.75
2012.06.15 18:09:12.873,1.00602,1.00619,3.38,3.75
2012.06.15 18:09:13.323,1.00602,1.00618,2.25,1.35
2012.06.15 18:09:15.853,1.00604,1.00618,1.50,1.35
2012.06.15 18:09:16.042,1.00604,1.00618,1.50,1.35
2012.06.15 18:09:16.542,1.00602,1.00619,1.50,4.50
2012.06.15 18:09:19.082,1.00602,1.00619,1.88,3.75
2012.06.15 18:09:22.980,1.00601,1.00619,4.35,3.75
2012.06.15 18:09:24.241,1.00601,1.00619,2.25,5.45
2012.06.15 18:09:24.841,1.00601,1.00619,3.00,5.10
2012.06.15 18:09:26.113,1.006,1.00613,1.50,1.50
2012.06.15 18:09:27.744,1.00599,1.00613,3.15,1.50
2012.06.15 18:09:28.446,1.00599,1.00613,1.50,1.50
2012.06.15 18:09:28.582,1.00597,1.00613,1.50,1.50
2012.06.15 18:09:29.102,1.00596,1.00613,1.50,1.50
2012.06.15 18:09:30.063,1.00595,1.00612,2.25,2.25
2012.06.15 18:09:30.253,1.00593,1.00608,2.55,1.50
2012.06.15 18:09:30.783,1.00593,1.00608,1.50,1.50
2012.06.15 18:09:31.697,1.00593,1.00611,1.65,1.13
2012.06.15 18:09:31.847,1.00599,1.00612,1.88,2.25
2012.06.15 18:09:32.053,1.00599,1.00613,2.25,1.50
2012.06.15 18:09:32.123,1.006,1.00613,1.88,1.50
2012.06.15 18:09:32.334,1.00599,1.00613,5.25,1.50
2012.06.15 18:09:32.843,1.006,1.00613,1.88,1.50
2012.06.15 18:09:33.395,1.00599,1.00613,5.25,1.50
2012.06.15 18:09:34.195,1.006,1.00613,1.88,1.50
2012.06.15 18:09:35.251,1.00599,1.00613,5.25,1.50
2012.06.15 18:09:36.201,1.006,1.00613,1.88,1.50
2012.06.15 18:09:39.721,1.006,1.00613,1.88,1.50
2012.06.15 18:09:40.361,1.00599,1.00613,3.00,1.50
2012.06.15 18:09:42.001,1.00599,1.00614,3.38,1.50
2012.06.15 18:09:42.433,1.00598,1.00614,1.13,1.50
2012.06.15 18:09:42.561,1.006,1.00614,1.88,1.50
2012.06.15 18:09:43.103,1.006,1.00614,3.38,1.50
2012.06.15 18:09:45.831,1.006,1.00614,1.13,1.50
2012.06.15 18:09:46.521,1.006,1.00614,1.13,1.50
2012.06.15 18:09:46.652,1.00598,1.00614,2.48,1.50
2012.06.15 18:09:46.723,1.00598,1.00614,1.35,1.50
2012.06.15 18:09:47.212,1.00596,1.00613,1.50,2.25
2012.06.15 18:09:47.756,1.00594,1.00608,3.60,1.50
2012.06.15 18:09:48.310,1.00592,1.00608,1.50,1.50
2012.06.15 18:09:52.450,1.00597,1.0061,1.65,1.50
2012.06.15 18:09:52.532,1.00597,1.00613,4.20,1.69
2012.06.15 18:09:53.064,1.00597,1.00613,2.40,1.69
2012.06.15 18:09:53.993,1.00597,1.00613,2.40,1.69
2012.06.15 18:09:58.271,1.00596,1.00613,1.95,1.69
2012.06.15 18:10:00.870,1.00596,1.00613,1.95,1.50
2012.06.15 18:10:05.206,1.00599,1.00613,1.13,1.50
2012.06.15 18:10:05.414,1.00599,1.00613,2.63,1.50
2012.06.15 18:10:06.812,1.006,1.00613,2.66,1.50
2012.06.15 18:10:07.463,1.00599,1.00613,5.63,1.50
2012.06.15 18:10:08.425,1.006,1.00613,1.13,1.50
2012.06.15 18:10:08.494,1.00599,1.00613,1.88,1.50
2012.06.15 18:10:09.052,1.00599,1.00613,1.13,1.50
2012.06.15 18:10:09.187,1.00597,1.0061,2.03,1.50
2012.06.15 18:10:09.268,1.00596,1.00609,2.96,1.50
2012.06.15 18:10:09.484,1.00593,1.00608,3.00,1.50
2012.06.15 18:10:09.792,1.00594,1.00608,1.50,1.50
2012.06.15 18:10:10.258,1.00592,1.00608,1.88,1.50
2012.06.15 18:10:11.223,1.00592,1.00608,1.88,1.50
2012.06.15 18:10:11.633,1.00593,1.00608,1.65,1.50
2012.06.15 18:10:11.982,1.00598,1.00612,2.25,2.44
2012.06.15 18:10:12.541,1.006,1.00613,1.13,1.69
2012.06.15 18:10:13.092,1.006,1.00613,1.88,1.69
2012.06.15 18:10:13.401,1.006,1.00613,1.88,3.19
2012.06.15 18:10:13.961,1.00599,1.00613,2.63,2.44
2012.06.15 18:10:14.465,1.00596,1.00613,1.35,2.44
2012.06.15 18:10:17.723,1.00596,1.00616,2.70,5.44
2012.06.15 18:10:18.312,1.00596,1.00616,2.70,3.94
2012.06.15 18:10:18.465,1.00593,1.00609,1.50,1.13
2012.06.15 18:10:18.609,1.0059,1.00606,1.88,2.25
2012.06.15 18:10:19.164,1.00589,1.00606,4.65,1.13
2012.06.15 18:10:19.713,1.00589,1.00606,3.53,2.23
2012.06.15 18:10:20.213,1.00589,1.00602,1.50,1.85
2012.06.15 18:10:20.735,1.00585,1.00602,2.85,1.85
2012.06.15 18:10:20.872,1.00585,1.00602,2.10,1.85
2012.06.15 18:10:21.321,1.00585,1.00598,1.35,1.50
2012.06.15 18:10:21.391,1.00585,1.00598,1.35,1.50
2012.06.15 18:10:21.892,1.00584,1.006,3.41,1.13
2012.06.15 18:10:22.403,1.00581,1.00598,4.39,1.73
2012.06.15 18:10:27.780,1.00582,1.00601,1.50,3.38
2012.06.15 18:10:29.671,1.00584,1.00601,2.63,2.25
2012.06.15 18:10:29.922,1.00586,1.00603,1.13,2.60
2012.06.15 18:10:31.380,1.00589,1.00606,1.13,2.60
2012.06.15 18:10:32.912,1.0059,1.00606,1.50,1.50
2012.06.15 18:10:33.728,1.0059,1.00606,3.38,1.50
2012.06.15 18:10:34.332,1.0059,1.00607,2.25,2.07
2012.06.15 18:10:34.833,1.00589,1.00606,1.13,2.23
2012.06.15 18:10:36.846,1.00588,1.00606,1.05,2.42
2012.06.15 18:10:36.911,1.0059,1.00606,1.13,2.42
2012.06.15 18:10:37.114,1.00593,1.00606,2.25,1.85
2012.06.15 18:10:37.621,1.00593,1.0061,1.50,1.88
2012.06.15 18:10:39.135,1.00594,1.0061,1.50,1.13
2012.06.15 18:10:41.357,1.00595,1.00611,3.15,1.50
2012.06.15 18:10:41.714,1.00599,1.00612,1.28,2.25
2012.06.15 18:10:42.727,1.00599,1.00616,2.78,2.63
2012.06.15 18:10:43.621,1.00599,1.00616,1.13,1.50
2012.06.15 18:10:44.123,1.00599,1.00616,1.88,1.50
2012.06.15 18:10:45.291,1.00599,1.00616,1.50,3.35
2012.06.15 18:10:48.484,1.00597,1.00614,2.40,1.13
2012.06.15 18:10:50.474,1.00594,1.0061,2.10,1.85
2012.06.15 18:10:50.614,1.00593,1.00609,3.45,1.50
2012.06.15 18:10:51.141,1.00593,1.00609,1.50,1.50
2012.06.15 18:10:51.855,1.00593,1.00609,1.50,1.50
2012.06.15 18:10:52.404,1.00594,1.00609,1.50,1.50
2012.06.15 18:10:52.475,1.00594,1.00609,1.50,1.50
2012.06.15 18:10:52.545,1.00595,1.00613,1.50,1.50
2012.06.15 18:10:52.614,1.00598,1.00613,1.50,1.50
2012.06.15 18:10:52.744,1.00599,1.00613,1.50,1.50
2012.06.15 18:10:54.237,1.00602,1.00616,3.00,1.50
2012.06.15 18:10:54.584,1.00602,1.00616,3.75,1.50
2012.06.15 18:10:54.658,1.00601,1.00614,1.13,1.50
2012.06.15 18:10:55.163,1.00598,1.00614,4.05,3.00
2012.06.15 18:10:55.241,1.00595,1.00609,1.50,1.50
2012.06.15 18:10:55.803,1.00594,1.00609,1.35,1.50
2012.06.15 18:10:56.247,1.00594,1.00609,1.35,1.50
2012.06.15 18:10:56.597,1.00595,1.00609,1.35,1.50
2012.06.15 18:10:57.145,1.00597,1.00614,1.50,1.50
2012.06.15 18:10:57.651,1.00596,1.0061,2.10,1.50
2012.06.15 18:10:58.203,1.00595,1.00611,3.08,1.50
2012.06.15 18:11:00.309,1.00597,1.00614,2.25,1.50
2012.06.15 18:11:01.573,1.00598,1.00614,1.50,1.50
2012.06.15 18:11:05.771,1.00599,1.00613,1.65,1.50
2012.06.15 18:11:05.901,1.006,1.00613,1.13,1.50
2012.06.15 18:11:06.041,1.006,1.00614,1.88,1.50
2012.06.15 18:11:06.958,1.006,1.00613,1.88,1.35
2012.06.15 18:11:07.151,1.00597,1.00613,2.25,2.10
2012.06.15 18:11:11.573,1.00596,1.00613,1.50,2.10
2012.06.15 18:11:12.088,1.00597,1.00613,1.50,2.10
2012.06.15 18:11:30.780,1.00597,1.00613,1.50,2.10
2012.06.15 18:11:30.857,1.006,1.00613,1.50,1.50
2012.06.15 18:11:30.934,1.006,1.00613,1.13,1.50
2012.06.15 18:11:32.815,1.00601,1.00614,1.13,1.50
2012.06.15 18:11:33.094,1.00598,1.00613,1.50,1.88
2012.06.15 18:11:33.163,1.00597,1.00612,1.50,1.13
2012.06.15 18:11:33.649,1.00594,1.0061,1.50,1.50
2012.06.15 18:11:33.725,1.00593,1.00608,1.50,1.50
2012.06.15 18:11:34.005,1.00593,1.00608,1.50,1.50
2012.06.15 18:11:37.503,1.00593,1.00608,3.00,1.50
2012.06.15 18:11:37.827,1.00593,1.00608,3.53,1.50
2012.06.15 18:11:38.119,1.00601,1.00614,1.13,2.10
2012.06.15 18:11:38.642,1.00601,1.00614,1.13,1.35
2012.06.15 18:11:39.376,1.00601,1.00615,2.63,1.35
2012.06.15 18:11:39.505,1.00602,1.00618,1.50,1.50
2012.06.15 18:11:40.041,1.00604,1.00618,2.25,1.50
2012.06.15 18:11:40.392,1.00609,1.00623,1.28,1.50
2012.06.15 18:11:41.141,1.0061,1.00629,1.50,2.25
2012.06.15 18:11:57.852,1.00614,1.00629,1.50,1.50
2012.06.15 18:11:59.811,1.00612,1.00629,1.50,1.50
2012.06.15 18:12:00.776,1.00611,1.00624,1.50,1.50
2012.06.15 18:12:00.845,1.0061,1.00624,2.25,1.50
2012.06.15 18:12:00.916,1.00607,1.00622,5.25,1.13
2012.06.15 18:12:00.984,1.00607,1.00619,3.00,1.50
2012.06.15 18:12:01.325,1.00604,1.00619,4.20,1.50
2012.06.15 18:12:01.966,1.00603,1.00619,1.50,1.50
2012.06.15 18:12:06.417,1.00602,1.00619,1.50,1.50
2012.06.15 18:12:08.401,1.00601,1.00618,2.25,1.50
2012.06.15 18:12:08.591,1.00599,1.00617,1.50,1.13
2012.06.15 18:12:08.803,1.00598,1.00614,1.50,1.50
2012.06.15 18:12:08.872,1.00597,1.00614,2.10,1.50
2012.06.15 18:12:09.391,1.00596,1.00614,1.88,5.08
2012.06.15 18:12:09.724,1.00598,1.00614,3.38,3.00
2012.06.15 18:12:09.994,1.00598,1.00614,1.50,3.00
2012.06.15 18:12:10.323,1.00597,1.00613,1.73,2.25
2012.06.15 18:12:10.882,1.00596,1.00613,1.88,2.25
2012.06.15 18:12:14.632,1.00597,1.00614,1.50,1.88
2012.06.15 18:12:14.822,1.00597,1.00614,3.30,1.88
2012.06.15 18:12:15.088,1.00598,1.00614,1.28,1.88
2012.06.15 18:12:15.291,1.00597,1.00614,2.10,3.00
2012.06.15 18:12:15.423,1.00597,1.00614,2.10,3.00
2012.06.15 18:12:23.211,1.00597,1.00614,1.13,3.00
2012.06.15 18:12:23.403,1.00599,1.00614,1.88,3.00
2012.06.15 18:12:23.938,1.00601,1.00617,2.63,3.00
2012.06.15 18:12:27.703,1.00602,1.00619,1.13,2.25
2012.06.15 18:12:28.261,1.00602,1.00619,1.88,1.50
2012.06.15 18:12:28.943,1.00602,1.00619,1.88,1.50
2012.06.15 18:12:32.639,1.00602,1.00616,1.13,1.50
2012.06.15 18:12:40.263,1.00602,1.00616,2.25,1.50
2012.06.15 18:13:02.772,1.00601,1.00616,1.13,1.50
2012.06.15 18:13:03.301,1.00601,1.00616,2.63,1.50
2012.06.15 18:13:03.820,1.00601,1.00616,2.63,1.50
2012.06.15 18:13:04.720,1.00601,1.00615,2.63,1.50
2012.06.15 18:13:05.282,1.00601,1.00616,1.13,1.50
2012.06.15 18:13:05.850,1.00601,1.00616,2.63,1.50
2012.06.15 18:13:06.221,1.00601,1.00616,2.63,1.50
2012.06.15 18:13:06.730,1.00601,1.00617,4.88,1.50
2012.06.15 18:13:12.413,1.00602,1.00617,2.40,1.50
2012.06.15 18:13:12.747,1.00607,1.0062,1.80,1.50
2012.06.15 18:13:12.890,1.00609,1.00623,1.13,1.85
2012.06.15 18:13:13.038,1.00611,1.00626,1.88,1.50
2012.06.15 18:13:14.693,1.00611,1.00626,1.88,1.50
2012.06.15 18:13:15.235,1.00611,1.00626,1.88,1.50
2012.06.15 18:13:16.314,1.00611,1.00626,1.88,1.50
2012.06.15 18:13:17.563,1.00611,1.00626,1.88,1.50
2012.06.15 18:13:18.113,1.00612,1.00627,1.13,1.50
2012.06.15 18:13:21.286,1.00612,1.00626,1.13,1.50
2012.06.15 18:13:21.798,1.00612,1.00625,1.13,1.50
2012.06.15 18:13:22.353,1.00611,1.00625,1.13,1.50
2012.06.15 18:13:22.914,1.00611,1.00625,1.13,1.50
2012.06.15 18:13:25.204,1.0061,1.00625,1.50,1.50
2012.06.15 18:13:25.554,1.00607,1.0062,1.05,1.50
2012.06.15 18:13:25.766,1.00603,1.00617,3.00,1.50
2012.06.15 18:13:26.044,1.00603,1.00616,2.25,1.50
2012.06.15 18:13:26.555,1.00602,1.00616,3.00,1.50
2012.06.15 18:13:27.064,1.006,1.00616,1.13,1.50
2012.06.15 18:13:27.627,1.00599,1.00616,3.00,1.50
2012.06.15 18:13:28.463,1.00601,1.00616,1.88,1.50
2012.06.15 18:13:28.971,1.00602,1.00616,1.13,1.50
2012.06.15 18:13:32.903,1.00602,1.00616,1.13,1.50
2012.06.15 18:13:33.411,1.00602,1.00616,1.13,1.50
2012.06.15 18:13:44.772,1.006,1.00615,1.88,1.50
2012.06.15 18:13:51.033,1.006,1.00615,2.63,1.50
2012.06.15 18:13:51.742,1.006,1.00615,3.41,1.50
2012.06.15 18:13:52.135,1.00599,1.00615,1.88,1.50
2012.06.15 18:13:52.771,1.00599,1.00615,3.15,1.50
2012.06.15 18:13:53.330,1.006,1.00615,1.13,1.50
2012.06.15 18:13:53.702,1.00599,1.00614,1.13,1.50
2012.06.15 18:13:54.058,1.00597,1.00611,1.80,1.50
2012.06.15 18:13:54.944,1.00598,1.00611,1.58,1.50
2012.06.15 18:13:55.132,1.00599,1.00611,1.65,1.50
2012.06.15 18:13:55.692,1.00599,1.00611,1.65,1.50
2012.06.15 18:13:56.598,1.00599,1.00611,1.28,1.50
2012.06.15 18:13:57.121,1.00599,1.00611,1.65,1.50
2012.06.15 18:13:57.752,1.00599,1.00612,1.28,1.50
2012.06.15 18:13:58.622,1.00599,1.00612,1.65,1.50
2012.06.15 18:13:59.131,1.00599,1.00612,1.28,1.50
2012.06.15 18:14:00.110,1.00599,1.00612,1.65,1.50
2012.06.15 18:14:01.591,1.00599,1.00612,1.28,1.50
2012.06.15 18:14:02.174,1.00599,1.00612,1.65,1.50
2012.06.15 18:14:02.694,1.00598,1.00612,1.65,1.50
2012.06.15 18:14:02.945,1.00596,1.00609,2.33,1.50
2012.06.15 18:14:03.082,1.00595,1.00609,1.50,1.50
2012.06.15 18:14:03.151,1.00594,1.00607,1.88,1.50
2012.06.15 18:14:03.675,1.00592,1.00606,1.95,1.50
2012.06.15 18:14:05.339,1.00592,1.00606,1.50,1.50
2012.06.15 18:14:07.462,1.00591,1.00606,3.00,1.50
2012.06.15 18:14:09.170,1.00591,1.00606,3.00,1.50
2012.06.15 18:14:13.733,1.00591,1.00606,1.13,1.50
2012.06.15 18:14:17.622,1.00592,1.00607,1.88,1.50
2012.06.15 18:14:17.933,1.00601,1.00612,1.95,2.60
2012.06.15 18:14:18.074,1.00601,1.00614,3.08,1.50
2012.06.15 18:14:18.148,1.00604,1.00614,1.13,1.50
2012.06.15 18:14:18.609,1.00604,1.0062,1.13,2.60
2012.06.15 18:14:18.688,1.00601,1.00617,2.48,1.50
2012.06.15 18:14:19.211,1.00601,1.00617,2.70,1.50
2012.06.15 18:14:23.040,1.00602,1.00617,1.35,1.50
2012.06.15 18:14:23.172,1.00607,1.0062,2.85,2.25
2012.06.15 18:14:23.457,1.00612,1.00626,3.75,1.50
2012.06.15 18:14:23.993,1.00612,1.00626,2.10,1.50
2012.06.15 18:14:25.226,1.00613,1.00626,1.50,1.50
2012.06.15 18:14:25.357,1.00613,1.00631,2.25,2.25
2012.06.15 18:14:25.705,1.00621,1.00633,1.13,3.00
2012.06.15 18:14:26.232,1.00621,1.00633,2.25,1.50
2012.06.15 18:14:27.732,1.00621,1.00633,1.50,1.50
2012.06.15 18:14:28.243,1.00622,1.00634,1.13,1.50
2012.06.15 18:14:32.791,1.0062,1.00634,2.25,1.50
2012.06.15 18:14:33.464,1.00621,1.00634,1.50,1.50
2012.06.15 18:14:34.293,1.0062,1.00634,1.88,1.50
2012.06.15 18:14:34.857,1.00621,1.00632,1.13,1.50
2012.06.15 18:14:34.937,1.00617,1.00632,1.50,1.50
2012.06.15 18:14:35.013,1.00615,1.00632,1.50,1.50
2012.06.15 18:14:36.132,1.00615,1.00632,1.50,1.50
2012.06.15 18:14:38.982,1.00615,1.00632,1.50,1.50
2012.06.15 18:14:41.726,1.00614,1.00627,3.00,1.50
2012.06.15 18:14:42.055,1.00612,1.00627,2.25,1.50
2012.06.15 18:14:42.124,1.00611,1.00624,2.33,1.50
2012.06.15 18:14:42.674,1.00606,1.00622,2.25,1.50
2012.06.15 18:14:43.111,1.00606,1.00619,1.50,1.50
2012.06.15 18:14:43.191,1.00603,1.00617,1.95,1.50
2012.06.15 18:14:48.151,1.00604,1.00617,1.50,1.50
2012.06.15 18:14:50.754,1.00605,1.00617,1.13,1.50
2012.06.15 18:14:51.661,1.00604,1.00617,1.50,1.50
2012.06.15 18:15:11.461,1.00603,1.00617,1.73,1.50
2012.06.15 18:15:11.978,1.00605,1.00622,1.13,1.85
2012.06.15 18:15:12.055,1.00606,1.00623,1.28,3.00
2012.06.15 18:15:12.124,1.00608,1.00623,1.28,1.50
2012.06.15 18:15:12.404,1.00608,1.00623,2.03,1.50
2012.06.15 18:15:12.923,1.00611,1.00628,2.25,3.00
2012.06.15 18:15:14.273,1.00611,1.00628,2.25,3.00
2012.06.15 18:15:16.203,1.00611,1.00628,1.50,3.00
2012.06.15 18:15:17.324,1.00609,1.00627,1.50,4.35
2012.06.15 18:15:17.392,1.00607,1.00622,3.53,1.50
2012.06.15 18:15:17.822,1.00607,1.00622,2.78,1.50
2012.06.15 18:15:19.293,1.00607,1.00622,2.78,1.50
2012.06.15 18:15:19.821,1.00607,1.00622,2.78,1.50
2012.06.15 18:15:21.583,1.00607,1.00622,3.30,1.50
2012.06.15 18:15:21.711,1.00608,1.00622,1.50,1.50
2012.06.15 18:15:22.412,1.00608,1.00622,1.28,1.50
2012.06.15 18:15:23.340,1.00608,1.00622,1.50,1.50
2012.06.15 18:15:24.007,1.00608,1.00622,1.28,1.50
2012.06.15 18:15:26.193,1.00608,1.00622,1.13,1.50
2012.06.15 18:15:26.744,1.00611,1.00622,1.13,1.50
2012.06.15 18:15:28.436,1.0061,1.00622,1.50,1.50
2012.06.15 18:15:28.966,1.0061,1.00623,1.13,1.50
2012.06.15 18:15:29.841,1.00609,1.00623,3.38,1.50
2012.06.15 18:15:30.592,1.0061,1.00623,1.13,1.50
2012.06.15 18:15:31.408,1.00611,1.00623,1.13,1.50
2012.06.15 18:15:31.556,1.00611,1.00627,1.88,2.10
2012.06.15 18:15:32.073,1.00611,1.00628,2.63,1.50
2012.06.15 18:15:33.733,1.00612,1.00628,2.63,3.00
2012.06.15 18:15:34.320,1.00613,1.00628,1.13,3.00
2012.06.15 18:15:34.464,1.00615,1.00628,1.50,2.25
2012.06.15 18:15:38.901,1.00615,1.00632,1.50,1.50
2012.06.15 18:15:38.980,1.00615,1.00627,1.50,1.50
2012.06.15 18:15:39.894,1.00613,1.00627,1.50,1.50
2012.06.15 18:15:47.661,1.00612,1.00629,3.60,1.50
2012.06.15 18:15:48.210,1.00611,1.00629,2.63,2.10
2012.06.15 18:16:24.365,1.00612,1.00629,1.73,1.50
2012.06.15 18:16:27.024,1.00612,1.00629,3.45,1.50
2012.06.15 18:16:32.994,1.00611,1.00628,4.88,1.50
2012.06.15 18:16:33.971,1.00612,1.00628,1.13,1.50
2012.06.15 18:16:34.792,1.00611,1.00628,3.38,1.50
2012.06.15 18:16:43.924,1.00611,1.00628,4.88,1.50
2012.06.15 18:16:47.383,1.00611,1.00628,4.88,1.50
2012.06.15 18:16:49.221,1.00611,1.00628,3.00,1.50
2012.06.15 18:16:49.486,1.00609,1.00625,3.90,1.50
2012.06.15 18:16:49.553,1.00609,1.00622,3.15,1.50
2012.06.15 18:16:49.893,1.00607,1.00622,4.73,1.50
2012.06.15 18:16:52.862,1.0061,1.00622,1.50,1.50
2012.06.15 18:16:53.104,1.00608,1.00622,1.73,1.50
2012.06.15 18:16:54.602,1.00608,1.00622,1.50,1.50
2012.06.15 18:16:55.115,1.00605,1.00622,2.25,1.50
2012.06.15 18:16:55.624,1.00605,1.00617,1.50,1.50
2012.06.15 18:16:56.695,1.00605,1.00622,2.63,1.50
2012.06.15 18:16:57.226,1.00608,1.00625,2.55,1.85
2012.06.15 18:16:57.364,1.00609,1.00626,2.25,1.50
2012.06.15 18:16:57.494,1.00609,1.00623,1.50,1.50
2012.06.15 18:16:57.826,1.00608,1.00623,2.70,1.50
2012.06.15 18:16:59.321,1.00602,1.00618,1.95,1.50
2012.06.15 18:16:59.792,1.00602,1.00618,1.50,1.50
2012.06.15 18:17:02.139,1.00603,1.00618,1.50,1.50
2012.06.15 18:17:02.219,1.00603,1.00622,2.25,3.94
2012.06.15 18:17:02.363,1.00607,1.00622,1.50,1.69
2012.06.15 18:17:02.565,1.00608,1.00625,2.40,3.75
2012.06.15 18:17:03.117,1.00609,1.00623,1.50,1.69
2012.06.15 18:17:03.653,1.00606,1.00623,2.48,1.69
2012.06.15 18:17:06.853,1.00606,1.00623,4.35,1.69
2012.06.15 18:17:06.922,1.00606,1.00623,3.00,1.69
2012.06.15 18:17:08.845,1.00606,1.00618,1.50,1.50
2012.06.15 18:17:09.046,1.00604,1.00618,2.25,1.50
2012.06.15 18:17:09.564,1.00604,1.00617,2.25,1.50
2012.06.15 18:17:10.779,1.00607,1.00622,2.25,1.69
2012.06.15 18:17:11.054,1.00604,1.00623,3.00,1.69
2012.06.15 18:17:15.626,1.00603,1.00618,4.50,1.50
2012.06.15 18:17:16.044,1.00603,1.00617,1.50,1.50
2012.06.15 18:17:16.943,1.00601,1.00617,3.75,1.50
2012.06.15 18:17:27.484,1.00602,1.00617,3.00,1.50
2012.06.15 18:17:28.041,1.00604,1.00617,2.25,1.50
2012.06.15 18:17:28.894,1.00604,1.00623,1.50,4.13
2012.06.15 18:17:29.166,1.00607,1.00623,1.50,1.50
2012.06.15 18:17:36.866,1.00605,1.00618,1.50,1.50
2012.06.15 18:17:40.426,1.00604,1.00618,1.88,1.50
2012.06.15 18:17:40.894,1.00602,1.00618,1.50,1.50
2012.06.15 18:17:43.883,1.00603,1.00618,1.50,1.50
2012.06.15 18:17:44.475,1.00604,1.00618,2.25,1.50
2012.06.15 18:17:52.380,1.00604,1.00618,2.25,1.50
2012.06.15 18:17:53.060,1.00604,1.00618,3.00,1.50
2012.06.15 18:17:53.263,1.00606,1.00623,1.35,2.60
2012.06.15 18:17:53.815,1.00607,1.00623,1.50,1.50
2012.06.15 18:18:01.393,1.00607,1.00624,1.50,1.50
2012.06.15 18:18:01.585,1.00604,1.00619,3.38,1.50
2012.06.15 18:18:04.633,1.00604,1.00619,2.25,1.50
2012.06.15 18:18:04.943,1.00601,1.00619,3.00,1.50
2012.06.15 18:18:07.182,1.00602,1.00619,1.50,1.50
2012.06.15 18:18:07.566,1.00605,1.00619,1.50,1.50
2012.06.15 18:18:08.171,1.00605,1.00619,1.50,1.50
2012.06.15 18:18:08.721,1.00603,1.00619,2.48,1.50
2012.06.15 18:18:27.749,1.00602,1.00619,3.30,1.50
2012.06.15 18:18:28.254,1.00602,1.00619,2.10,3.00
2012.06.15 18:18:28.563,1.00598,1.00616,1.73,2.25
2012.06.15 18:18:29.062,1.00597,1.00613,3.08,1.13
2012.06.15 18:18:29.193,1.00597,1.00613,2.70,1.88
2012.06.15 18:18:29.527,1.00595,1.00609,1.20,1.50
2012.06.15 18:18:29.664,1.00594,1.00609,1.50,1.50
2012.06.15 18:18:31.814,1.00593,1.00609,1.50,1.50
2012.06.15 18:18:32.126,1.00595,1.00614,3.00,1.13
2012.06.15 18:18:32.265,1.00597,1.00613,2.85,1.50
2012.06.15 18:18:32.334,1.00599,1.00613,1.50,1.50
2012.06.15 18:18:32.841,1.00598,1.00614,1.50,1.50
2012.06.15 18:18:34.076,1.00598,1.00609,1.50,1.50
2012.06.15 18:18:34.206,1.00594,1.00609,3.00,1.50
2012.06.15 18:18:34.276,1.00594,1.00609,2.25,1.50
2012.06.15 18:18:35.091,1.00592,1.00609,2.25,1.50
2012.06.15 18:18:35.734,1.00592,1.00609,3.30,1.50
2012.06.15 18:18:36.713,1.00592,1.00609,3.30,1.50
2012.06.15 18:18:53.476,1.00592,1.00609,1.73,1.50
2012.06.15 18:18:53.785,1.00592,1.00609,4.05,1.50
2012.06.15 18:18:53.911,1.00592,1.00609,4.43,1.50
2012.06.15 18:18:54.815,1.00592,1.00609,4.05,1.50
2012.06.15 18:18:55.322,1.00593,1.00609,1.50,1.50
2012.06.15 18:18:58.885,1.00592,1.00609,4.05,1.50
2012.06.15 18:18:59.570,1.00592,1.00609,1.80,2.25
2012.06.15 18:19:08.592,1.00592,1.00608,1.35,1.50
2012.06.15 18:19:18.720,1.00592,1.00608,1.35,1.50
2012.06.15 18:19:29.873,1.00591,1.00608,2.25,1.50
2012.06.15 18:19:34.933,1.00593,1.00608,1.13,1.50
2012.06.15 18:19:35.077,1.00594,1.0061,2.25,2.25
2012.06.15 18:19:35.145,1.00594,1.0061,2.25,2.25
2012.06.15 18:19:35.925,1.00597,1.00612,2.10,1.50
2012.06.15 18:19:36.067,1.00599,1.00612,1.13,1.50
2012.06.15 18:19:36.654,1.00599,1.00613,3.38,1.50
2012.06.15 18:19:37.213,1.00599,1.00614,3.00,1.50
2012.06.15 18:19:37.476,1.006,1.00614,1.88,1.50
2012.06.15 18:19:38.924,1.00599,1.00614,5.25,1.50
2012.06.15 18:19:39.470,1.006,1.00614,1.88,1.50
2012.06.15 18:19:40.834,1.00602,1.00618,1.88,2.25
2012.06.15 18:19:41.382,1.00603,1.00618,2.25,2.25
2012.06.15 18:19:46.490,1.00603,1.00618,2.25,1.50
2012.06.15 18:19:56.390,1.00603,1.00618,2.25,1.50
2012.06.15 18:20:17.723,1.00602,1.00618,2.10,1.50
2012.06.15 18:20:30.549,1.00602,1.00618,2.48,1.50
2012.06.15 18:20:30.863,1.00601,1.00618,2.25,1.50
2012.06.15 18:20:32.360,1.00602,1.00618,3.00,1.50
2012.06.15 18:20:35.754,1.00602,1.00618,2.33,1.50
2012.06.15 18:20:36.302,1.00601,1.00618,1.50,2.25
2012.06.15 18:20:36.817,1.00598,1.00614,3.00,1.50
2012.06.15 18:20:36.896,1.00598,1.00614,2.25,1.50
2012.06.15 18:20:37.236,1.00597,1.00613,3.15,3.75
2012.06.15 18:20:37.874,1.00597,1.00613,1.50,2.25
2012.06.15 18:20:39.524,1.00594,1.00611,2.85,1.05
2012.06.15 18:20:40.425,1.00592,1.00606,4.58,1.05
2012.06.15 18:20:40.495,1.00592,1.00606,3.08,1.05
2012.06.15 18:20:42.125,1.00592,1.00607,1.95,1.05
2012.06.15 18:20:42.655,1.00593,1.00608,1.35,3.00
2012.06.15 18:20:44.561,1.00593,1.00608,1.35,1.50
2012.06.15 18:20:46.392,1.00594,1.00608,1.35,1.50
2012.06.15 18:20:50.023,1.00594,1.00608,1.35,1.50
2012.06.15 18:20:52.280,1.00594,1.00608,1.35,1.50
2012.06.15 18:20:52.636,1.006,1.00614,2.25,2.25
2012.06.15 18:20:52.916,1.006,1.00614,3.00,1.50
2012.06.15 18:20:53.633,1.006,1.00614,4.13,1.50
2012.06.15 18:20:54.161,1.00603,1.00618,2.25,1.50
2012.06.15 18:20:55.054,1.00603,1.00618,2.25,1.50
2012.06.15 18:20:59.719,1.00604,1.00618,1.13,1.50
2012.06.15 18:21:00.055,1.0061,1.00622,1.13,1.50
2012.06.15 18:21:00.196,1.0061,1.00624,1.88,1.50
2012.06.15 18:21:00.735,1.0061,1.00624,2.63,1.50
2012.06.15 18:21:01.296,1.0061,1.00624,3.38,1.50
2012.06.15 18:21:02.554,1.0061,1.00624,1.50,1.50
2012.06.15 18:21:03.591,1.0061,1.00624,3.38,1.50
2012.06.15 18:21:05.690,1.0061,1.00624,1.50,1.50
2012.06.15 18:21:06.562,1.00612,1.00629,1.50,3.95
2012.06.15 18:21:06.883,1.00616,1.00629,1.50,1.50
2012.06.15 18:21:07.106,1.00616,1.00633,2.10,2.60
2012.06.15 18:21:07.186,1.00616,1.00633,2.48,1.85
2012.06.15 18:21:07.738,1.00614,1.00629,3.38,1.50
2012.06.15 18:21:11.310,1.00614,1.00629,1.13,1.50
2012.06.15 18:21:11.504,1.00611,1.00629,2.25,1.50
2012.06.15 18:21:12.061,1.00611,1.00629,1.50,1.50
2012.06.15 18:21:12.629,1.00611,1.00629,3.75,1.50
2012.06.15 18:21:12.981,1.00611,1.00629,3.75,1.50
2012.06.15 18:21:13.241,1.00611,1.00629,3.75,1.50
2012.06.15 18:21:13.744,1.00611,1.00629,3.45,1.50
2012.06.15 18:21:15.064,1.00611,1.00629,3.45,1.50
2012.06.15 18:21:15.312,1.00611,1.00629,3.45,1.50
2012.06.15 18:21:15.453,1.00612,1.00629,1.20,1.50
2012.06.15 18:21:15.644,1.00611,1.00629,4.20,1.50
2012.06.15 18:21:16.181,1.00608,1.00622,1.13,1.50
2012.06.15 18:21:16.452,1.00606,1.00622,2.48,1.50
2012.06.15 18:21:17.092,1.00605,1.00622,3.45,1.50
2012.06.15 18:21:17.163,1.00605,1.00619,2.70,1.50
2012.06.15 18:21:17.753,1.00605,1.00619,1.65,1.50
2012.06.15 18:21:18.087,1.00609,1.00624,2.03,2.25
2012.06.15 18:21:18.542,1.00612,1.00627,1.13,1.50
2012.06.15 18:21:20.313,1.00612,1.00627,1.88,1.50
2012.06.15 18:21:26.438,1.00612,1.00627,1.50,1.50
2012.06.15 18:21:28.248,1.00619,1.00631,1.35,1.88
2012.06.15 18:21:28.396,1.00622,1.00632,2.85,1.50
2012.06.15 18:21:28.604,1.00621,1.00638,2.85,2.63
2012.06.15 18:21:28.734,1.00621,1.00638,2.10,2.63
2012.06.15 18:21:31.115,1.00622,1.00638,1.35,3.38
2012.06.15 18:21:36.433,1.00624,1.00638,1.50,3.38
2012.06.15 18:21:36.780,1.00627,1.00639,1.13,2.25
2012.06.15 18:21:36.857,1.00629,1.00643,2.10,2.25
2012.06.15 18:21:37.264,1.00631,1.00647,1.50,2.25
2012.06.15 18:21:38.384,1.0063,1.00645,1.80,1.13
2012.06.15 18:21:38.666,1.00627,1.00642,1.50,1.50
2012.06.15 18:21:39.176,1.00627,1.00642,2.10,1.50
2012.06.15 18:21:40.455,1.00628,1.00642,2.10,1.50
2012.06.15 18:21:40.923,1.00627,1.00642,3.23,1.50
2012.06.15 18:21:41.118,1.00628,1.00646,1.50,1.48
2012.06.15 18:21:41.395,1.00632,1.00648,2.70,1.50
2012.06.15 18:21:41.902,1.00634,1.00648,1.80,1.50
2012.06.15 18:21:42.423,1.00635,1.00648,1.20,1.50
2012.06.15 18:21:45.114,1.00635,1.00649,1.20,1.88
2012.06.15 18:21:47.383,1.00634,1.0065,1.80,1.50
2012.06.15 18:21:49.113,1.00634,1.0065,1.80,1.50
2012.06.15 18:21:51.144,1.0063,1.00648,1.50,1.50
2012.06.15 18:21:51.213,1.0063,1.00648,1.50,1.88
2012.06.15 18:21:53.154,1.00628,1.00643,1.50,1.50
2012.06.15 18:21:53.655,1.00626,1.00643,1.50,1.50
2012.06.15 18:21:54.863,1.00626,1.00643,1.50,1.50
2012.06.15 18:21:55.372,1.00626,1.00643,1.50,1.50
2012.06.15 18:21:55.834,1.00624,1.00641,1.50,1.50
2012.06.15 18:21:55.976,1.00623,1.00637,1.50,1.50
2012.06.15 18:21:56.892,1.00622,1.00637,2.10,1.50
2012.06.15 18:21:57.783,1.00622,1.00637,1.35,1.50
2012.06.15 18:22:08.845,1.00621,1.00635,2.85,1.50
2012.06.15 18:22:09.250,1.00616,1.0063,2.25,1.50
2012.06.15 18:22:09.325,1.00616,1.00631,3.00,2.25
2012.06.15 18:22:09.528,1.00616,1.00629,1.50,1.50
2012.06.15 18:22:10.094,1.00616,1.00627,1.50,1.50
2012.06.15 18:22:10.613,1.00616,1.00632,2.25,1.50
2012.06.15 18:22:11.697,1.00615,1.00633,2.78,1.35
2012.06.15 18:22:11.767,1.00617,1.00634,2.25,2.25
2012.06.15 18:22:11.908,1.00621,1.00634,1.50,2.25
2012.06.15 18:22:12.272,1.00623,1.00639,1.88,2.25
2012.06.15 18:22:12.809,1.00624,1.00641,2.25,1.50
2012.06.15 18:22:16.564,1.00624,1.00642,2.25,2.63
2012.06.15 18:22:18.213,1.00626,1.00642,1.50,1.88
2012.06.15 18:22:21.362,1.00626,1.00642,1.50,1.50
2012.06.15 18:22:22.164,1.00627,1.00642,1.50,1.50
2012.06.15 18:22:30.147,1.00626,1.00642,2.48,1.50
2012.06.15 18:22:30.284,1.00626,1.00642,1.13,1.50
2012.06.15 18:22:34.122,1.00624,1.00641,1.50,1.50
2012.06.15 18:22:34.820,1.00624,1.00641,1.50,1.50
2012.06.15 18:22:36.905,1.00623,1.00638,1.88,2.98
2012.06.15 18:22:36.974,1.00623,1.00638,1.88,2.23
2012.06.15 18:22:37.176,1.00623,1.00638,1.88,4.73
2012.06.15 18:22:37.315,1.00618,1.00637,1.50,1.50
2012.06.15 18:22:37.393,1.00617,1.00634,5.25,1.50
2012.06.15 18:22:37.466,1.00618,1.00634,1.50,1.50
2012.06.15 18:22:37.535,1.00617,1.00633,1.50,2.25
2012.06.15 18:22:38.052,1.00616,1.00634,2.10,3.00
2012.06.15 18:22:38.125,1.00616,1.00634,2.10,3.00
2012.06.15 18:22:38.264,1.00617,1.00634,1.13,3.00
2012.06.15 18:22:38.944,1.00617,1.00636,1.50,1.50
2012.06.15 18:22:39.443,1.00617,1.00633,2.25,1.50
2012.06.15 18:22:40.312,1.00617,1.00633,1.50,3.00
2012.06.15 18:22:44.436,1.00615,1.00632,2.25,2.25
2012.06.15 18:22:47.071,1.00622,1.00635,1.50,2.25
2012.06.15 18:22:47.427,1.00622,1.00637,2.63,1.13
2012.06.15 18:22:47.572,1.00626,1.00642,1.50,2.25
2012.06.15 18:22:47.646,1.00626,1.00642,1.50,1.50
2012.06.15 18:22:47.998,1.00629,1.00645,1.50,2.25
2012.06.15 18:22:48.554,1.00631,1.00646,2.25,1.85
2012.06.15 18:22:49.079,1.00629,1.00644,1.50,1.50
2012.06.15 18:22:52.223,1.00626,1.00644,2.25,2.60
2012.06.15 18:22:52.844,1.00626,1.00644,1.50,3.00
2012.06.15 18:22:55.672,1.00625,1.00644,1.50,4.10
2012.06.15 18:22:56.333,1.00625,1.00642,1.50,1.50
2012.06.15 18:22:57.916,1.00622,1.00638,2.85,1.50
2012.06.15 18:22:58.443,1.0062,1.00638,3.00,1.50
2012.06.15 18:23:00.803,1.0062,1.00638,2.25,1.50
2012.06.15 18:23:03.794,1.00622,1.00637,1.50,1.50
2012.06.15 18:23:04.294,1.00622,1.00638,1.50,1.50
2012.06.15 18:23:08.361,1.00623,1.0064,1.50,1.88
2012.06.15 18:23:08.923,1.00626,1.00644,1.50,2.98
2012.06.15 18:23:09.464,1.00626,1.00644,1.50,2.60
2012.06.15 18:23:10.565,1.00626,1.00644,1.50,1.50
2012.06.15 18:23:11.144,1.00623,1.00638,3.00,1.50
2012.06.15 18:23:11.357,1.00622,1.00638,2.25,1.50
2012.06.15 18:23:11.634,1.00622,1.00638,2.48,1.50
2012.06.15 18:23:11.845,1.00622,1.00638,1.73,1.50
2012.06.15 18:23:12.995,1.00621,1.00638,3.00,1.50
2012.06.15 18:23:14.093,1.00622,1.00638,2.25,1.50
2012.06.15 18:23:14.957,1.00618,1.00638,2.25,2.85
2012.06.15 18:23:17.476,1.00622,1.00638,1.50,2.10
2012.06.15 18:23:17.545,1.00624,1.00638,1.50,1.50
2012.06.15 18:23:17.917,1.00624,1.00641,2.25,1.50
2012.06.15 18:23:18.432,1.00623,1.00642,2.63,2.63
2012.06.15 18:23:22.896,1.00623,1.00642,1.88,2.63
2012.06.15 18:23:22.965,1.00623,1.00638,1.13,1.50
2012.06.15 18:23:23.106,1.00622,1.00636,1.50,1.13
2012.06.15 18:23:23.318,1.00617,1.00633,2.40,3.00
2012.06.15 18:23:23.395,1.00617,1.00633,1.50,3.75
2012.06.15 18:23:32.054,1.00617,1.00633,1.88,1.50
2012.06.15 18:23:32.123,1.00617,1.00635,2.63,1.35
2012.06.15 18:23:32.445,1.00616,1.00635,2.10,1.50
2012.06.15 18:23:32.644,1.00618,1.00637,1.50,4.13
2012.06.15 18:23:35.986,1.00617,1.00633,2.25,1.50
2012.06.15 18:23:36.125,1.00617,1.00633,1.50,1.50
2012.06.15 18:23:39.476,1.00615,1.00629,3.00,1.50
2012.06.15 18:23:39.883,1.00617,1.00633,1.50,2.25
2012.06.15 18:23:40.404,1.00618,1.00637,1.50,4.13
2012.06.15 18:23:40.862,1.00617,1.00635,2.25,1.50
2012.06.15 18:23:49.251,1.0062,1.00636,2.25,1.50
2012.06.15 18:23:49.782,1.00624,1.00638,1.50,1.50
2012.06.15 18:23:49.855,1.00622,1.00638,2.25,1.50
2012.06.15 18:23:56.035,1.00618,1.00634,3.00,1.50
2012.06.15 18:23:56.175,1.00618,1.00633,3.00,1.50
2012.06.15 18:23:56.374,1.00616,1.00633,1.50,1.50
2012.06.15 18:23:56.904,1.00616,1.0063,1.88,1.50
2012.06.15 18:23:57.046,1.00617,1.00634,1.50,2.25
2012.06.15 18:23:59.448,1.0062,1.00637,1.50,2.25
2012.06.15 18:23:59.834,1.00623,1.00637,1.50,1.50
2012.06.15 18:24:00.402,1.00622,1.00638,1.88,1.50
2012.06.15 18:24:03.001,1.00622,1.00638,1.88,1.50
2012.06.15 18:24:04.801,1.00622,1.00638,1.13,1.50
2012.06.15 18:24:15.728,1.0062,1.00638,2.10,1.50
2012.06.15 18:24:16.065,1.00626,1.0064,1.13,1.50
2012.06.15 18:24:16.631,1.00627,1.00643,2.25,1.50
2012.06.15 18:24:17.136,1.00626,1.00643,1.50,1.50
2012.06.15 18:24:17.384,1.00628,1.00644,1.50,1.43
2012.06.15 18:24:17.524,1.00628,1.00645,1.50,1.95
2012.06.15 18:24:17.594,1.00628,1.00644,2.25,1.58
2012.06.15 18:24:18.122,1.00627,1.00644,1.35,1.58
2012.06.15 18:24:20.034,1.00626,1.00644,1.50,2.68
2012.06.15 18:24:20.554,1.00623,1.00642,2.25,3.35
2012.06.15 18:24:20.623,1.00623,1.00638,1.50,1.50
2012.06.15 18:24:22.670,1.00625,1.00641,1.50,1.50
2012.06.15 18:24:22.888,1.00626,1.00644,3.00,1.58
2012.06.15 18:24:23.749,1.00626,1.00644,3.00,1.58
2012.06.15 18:24:33.932,1.00626,1.00644,1.50,3.08
2012.06.15 18:24:34.257,1.00623,1.00639,2.10,1.50
2012.06.15 18:24:35.018,1.00622,1.00639,1.88,1.50
2012.06.15 18:24:35.453,1.00623,1.00639,1.13,1.50
2012.06.15 18:24:35.525,1.00623,1.00639,2.63,1.50
2012.06.15 18:24:36.662,1.00626,1.00644,1.50,2.25
2012.06.15 18:24:38.413,1.00626,1.00644,1.50,2.25
2012.06.15 18:24:39.001,1.00626,1.00644,1.50,1.50
2012.06.15 18:24:39.334,1.00631,1.00645,1.13,3.98
2012.06.15 18:24:39.405,1.00631,1.00645,1.88,3.98
2012.06.15 18:24:39.613,1.00633,1.00645,1.13,1.65
2012.06.15 18:24:40.171,1.00632,1.00648,1.13,1.50
2012.06.15 18:24:40.382,1.00631,1.00648,3.00,1.50
2012.06.15 18:24:47.014,1.00633,1.00648,1.50,1.50
2012.06.15 18:24:47.081,1.00633,1.00648,2.25,1.50
2012.06.15 18:24:47.932,1.00632,1.00648,1.50,1.50
2012.06.15 18:24:48.184,1.00632,1.00648,3.00,1.50
2012.06.15 18:24:48.258,1.00634,1.00652,1.50,1.50
2012.06.15 18:24:48.551,1.00639,1.00654,2.25,2.10
2012.06.15 18:24:48.696,1.00641,1.00657,2.25,2.25
2012.06.15 18:24:49.047,1.00642,1.00658,1.50,3.00
2012.06.15 18:24:49.570,1.00643,1.00658,1.50,1.50
2012.06.15 18:24:51.753,1.00643,1.00658,1.50,1.50
2012.06.15 18:24:53.216,1.00642,1.00656,1.88,1.50
2012.06.15 18:24:53.500,1.00639,1.00655,1.50,1.50
2012.06.15 18:24:53.993,1.00639,1.00654,1.50,1.50
2012.06.15 18:24:54.820,1.00638,1.00654,1.50,1.50
2012.06.15 18:24:57.472,1.00639,1.00656,2.25,2.25
2012.06.15 18:24:57.545,1.00642,1.00656,1.73,2.25
2012.06.15 18:24:57.613,1.00642,1.00656,2.48,2.25
2012.06.15 18:24:57.685,1.00642,1.00658,2.10,2.25
2012.06.15 18:24:58.213,1.00642,1.00658,2.10,1.50
2012.06.15 18:24:58.755,1.00642,1.00658,2.10,1.50
2012.06.15 18:24:59.376,1.00642,1.00658,2.10,1.50
2012.06.15 18:24:59.446,1.00643,1.00661,1.50,2.25
2012.06.15 18:24:59.986,1.00644,1.00661,1.88,1.50
2012.06.15 18:25:02.347,1.00647,1.00662,1.50,3.00
2012.06.15 18:25:07.833,1.00645,1.00662,1.50,2.25
2012.06.15 18:25:10.183,1.00644,1.00659,1.13,1.50
2012.06.15 18:25:10.316,1.00642,1.00659,2.25,1.50
2012.06.15 18:25:11.935,1.00641,1.00659,2.25,1.50
2012.06.15 18:25:24.394,1.00642,1.00659,2.63,1.50
2012.06.15 18:25:28.174,1.00644,1.00662,1.50,4.28
2012.06.15 18:25:30.086,1.00647,1.00662,1.88,1.50
2012.06.15 18:25:30.166,1.00649,1.00665,2.78,1.50
2012.06.15 18:25:30.698,1.0065,1.00666,1.50,1.50
2012.06.15 18:25:31.744,1.00651,1.00667,1.50,3.00
2012.06.15 18:25:33.778,1.00651,1.00669,2.25,2.25
2012.06.15 18:25:34.180,1.00656,1.0067,1.50,1.50
2012.06.15 18:25:34.327,1.00657,1.00673,2.25,1.50
2012.06.15 18:25:34.879,1.00659,1.00674,2.48,1.50
2012.06.15 18:25:35.718,1.00661,1.00677,1.50,1.85
2012.06.15 18:25:35.860,1.00661,1.00677,1.50,1.50
2012.06.15 18:25:40.086,1.0066,1.00678,3.75,2.63
2012.06.15 18:25:40.216,1.00659,1.00674,3.38,1.50
2012.06.15 18:25:40.745,1.00658,1.00674,1.88,1.50
2012.06.15 18:25:42.256,1.00654,1.00668,1.50,1.50
2012.06.15 18:25:42.398,1.00653,1.00668,1.50,1.50
2012.06.15 18:25:42.539,1.00652,1.00664,2.25,1.35
2012.06.15 18:25:42.623,1.00649,1.00659,1.80,1.50
2012.06.15 18:25:42.700,1.00649,1.00659,1.80,1.50
2012.06.15 18:25:42.777,1.00649,1.00663,1.80,1.50
2012.06.15 18:25:42.847,1.00647,1.00663,3.00,1.88
2012.06.15 18:25:43.188,1.00644,1.00661,2.25,2.25
2012.06.15 18:25:43.708,1.00647,1.00663,1.50,1.50
2012.06.15 18:25:47.694,1.00644,1.00663,1.50,1.50
2012.06.15 18:25:53.136,1.0065,1.00661,1.13,2.25
2012.06.15 18:25:53.348,1.00652,1.00665,2.48,2.60
2012.06.15 18:25:53.418,1.00652,1.00666,1.35,1.50
2012.06.15 18:25:53.488,1.00652,1.00666,1.50,1.50
2012.06.15 18:25:54.018,1.00647,1.00664,4.50,1.50
2012.06.15 18:25:54.425,1.00647,1.00664,3.00,3.75
2012.06.15 18:25:57.306,1.00647,1.00662,1.50,2.25
2012.06.15 18:25:57.817,1.00643,1.00659,3.41,1.50
2012.06.15 18:25:58.365,1.00643,1.00659,1.50,1.50
2012.06.15 18:25:58.883,1.00643,1.00662,1.88,2.25
2012.06.15 18:25:59.026,1.00644,1.00658,1.50,1.50
2012.06.15 18:25:59.156,1.00643,1.00661,1.13,2.25
2012.06.15 18:26:00.723,1.00644,1.00662,1.88,1.88
2012.06.15 18:26:03.106,1.00643,1.00659,2.63,1.50
2012.06.15 18:26:03.664,1.00643,1.00659,2.55,1.50
2012.06.15 18:26:04.105,1.00642,1.00659,1.50,1.50
2012.06.15 18:26:05.438,1.00643,1.00661,1.50,3.00
2012.06.15 18:26:05.974,1.00643,1.00661,3.00,1.50
2012.06.15 18:26:29.127,1.00643,1.0066,3.98,2.25
2012.06.15 18:26:29.270,1.00643,1.00657,3.00,2.59
2012.06.15 18:26:29.625,1.00643,1.0065,2.25,1.50
2012.06.15 18:26:29.772,1.00635,1.0065,1.50,1.50
2012.06.15 18:26:29.989,1.00632,1.0065,3.79,1.50
2012.06.15 18:26:30.057,1.00632,1.00647,1.54,1.50
2012.06.15 18:26:30.268,1.00632,1.00649,3.00,2.25
2012.06.15 18:26:30.337,1.00632,1.00651,3.75,3.75
2012.06.15 18:26:30.484,1.00632,1.00646,4.16,1.50
2012.06.15 18:26:31.047,1.00632,1.00646,1.88,1.50
2012.06.15 18:26:31.579,1.00633,1.00647,1.50,1.50
2012.06.15 18:26:32.106,1.00633,1.00647,2.25,1.50
2012.06.15 18:26:32.440,1.00636,1.00651,1.50,2.25
2012.06.15 18:26:32.787,1.00636,1.00651,4.35,2.25
2012.06.15 18:26:34.016,1.00642,1.00656,1.13,3.00
2012.06.15 18:26:34.228,1.00642,1.00656,1.13,1.50
2012.06.15 18:26:34.297,1.00642,1.00656,1.13,1.50
2012.06.15 18:26:36.464,1.00639,1.00656,1.50,1.50
2012.06.15 18:26:38.173,1.00639,1.00651,1.50,1.50
2012.06.15 18:26:38.677,1.00638,1.00651,1.50,1.50
2012.06.15 18:26:38.750,1.00637,1.00651,1.50,1.50
2012.06.15 18:26:41.427,1.00634,1.00651,5.25,1.50
2012.06.15 18:26:42.463,1.00635,1.00651,3.41,1.50
2012.06.15 18:26:43.015,1.00635,1.00651,1.50,1.50
2012.06.15 18:26:43.334,1.00636,1.00651,1.65,1.50
2012.06.15 18:26:43.605,1.00638,1.00653,1.95,1.50
2012.06.15 18:26:44.094,1.00639,1.00656,3.15,2.60
2012.06.15 18:26:44.237,1.0064,1.00656,1.50,1.50
2012.06.15 18:26:44.886,1.00641,1.00656,2.25,1.50
2012.06.15 18:26:45.029,1.00641,1.00655,2.25,1.50
2012.06.15 18:26:45.491,1.00639,1.00653,4.13,1.50
2012.06.15 18:26:46.006,1.00638,1.00652,1.73,1.50
2012.06.15 18:26:46.204,1.00639,1.00652,1.88,1.50
2012.06.15 18:26:46.583,1.0064,1.00652,1.88,1.50
2012.06.15 18:26:46.964,1.0064,1.00654,1.50,1.50
2012.06.15 18:26:49.993,1.0064,1.00654,3.41,1.50
2012.06.15 18:26:50.696,1.0064,1.00656,3.41,1.50
2012.06.15 18:26:51.214,1.00641,1.00656,3.75,1.50
2012.06.15 18:26:58.618,1.00641,1.00656,1.50,1.50
2012.06.15 18:26:59.085,1.00638,1.00656,5.03,1.50
2012.06.15 18:26:59.867,1.0064,1.00656,1.50,1.50
2012.06.15 18:27:01.316,1.0064,1.00656,1.50,1.50
2012.06.15 18:27:01.884,1.00639,1.00656,3.75,1.50
2012.06.15 18:27:02.288,1.00636,1.00651,3.00,1.50
2012.06.15 18:27:02.424,1.00635,1.00651,4.76,1.50
2012.06.15 18:27:05.631,1.00635,1.00651,2.25,1.50
2012.06.15 18:27:06.115,1.00636,1.00651,1.50,1.50
2012.06.15 18:27:06.325,1.0064,1.00652,3.38,1.50
2012.06.15 18:27:06.646,1.00643,1.00654,1.13,1.50
2012.06.15 18:27:06.932,1.00644,1.00659,1.13,1.88
2012.06.15 18:27:07.079,1.00646,1.00659,1.50,1.50
2012.06.15 18:27:07.638,1.00645,1.00658,1.50,1.50
2012.06.15 18:27:07.915,1.00645,1.00662,2.25,1.43
2012.06.15 18:27:11.898,1.00646,1.00663,1.88,1.50
2012.06.15 18:27:12.041,1.00647,1.00663,2.25,1.50
2012.06.15 18:27:12.329,1.0065,1.00663,1.13,1.50
2012.06.15 18:27:12.469,1.00647,1.00663,1.88,1.50
2012.06.15 18:27:12.824,1.00649,1.00663,2.70,1.50
2012.06.15 18:27:13.336,1.00652,1.00667,1.50,1.65
2012.06.15 18:27:13.785,1.00652,1.00667,1.88,1.50
2012.06.15 18:27:16.759,1.00655,1.0067,1.50,2.25
2012.06.15 18:27:17.248,1.00653,1.00667,2.25,1.50
2012.06.15 18:27:17.797,1.00653,1.00673,1.88,3.00
2012.06.15 18:27:22.189,1.00654,1.00667,4.13,1.50
2012.06.15 18:27:22.817,1.00654,1.00667,2.25,1.50
2012.06.15 18:27:31.285,1.00656,1.00673,3.00,1.50
2012.06.15 18:27:33.145,1.00656,1.00673,3.00,1.50
2012.06.15 18:27:34.523,1.00656,1.00673,3.00,1.50
2012.06.15 18:27:35.866,1.00656,1.00673,2.25,1.50
2012.06.15 18:27:36.217,1.00656,1.00668,1.50,1.50
2012.06.15 18:27:36.416,1.00654,1.00668,1.50,1.50
2012.06.15 18:27:36.949,1.00651,1.00665,3.00,1.13
2012.06.15 18:27:37.018,1.0065,1.00664,3.41,3.00
2012.06.15 18:27:37.345,1.00648,1.00662,2.25,1.50
2012.06.15 18:27:39.534,1.00647,1.00662,2.10,1.50
2012.06.15 18:27:47.936,1.00645,1.00663,4.50,1.50
2012.06.15 18:27:48.147,1.00649,1.00667,4.17,3.38
2012.06.15 18:27:48.925,1.00646,1.00663,5.48,1.50
2012.06.15 18:27:49.515,1.00646,1.00663,3.81,1.50
2012.06.15 18:27:50.050,1.00646,1.00663,5.58,1.50
2012.06.15 18:27:59.026,1.00646,1.00663,1.50,1.50
2012.06.15 18:27:59.240,1.00643,1.00658,2.67,1.50
2012.06.15 18:27:59.744,1.00642,1.00658,1.35,1.50
2012.06.15 18:28:01.007,1.00641,1.00658,1.88,1.50
2012.06.15 18:28:05.287,1.00641,1.00658,1.50,1.50
2012.06.15 18:28:08.495,1.00641,1.00658,3.44,1.50
2012.06.15 18:28:09.374,1.00643,1.00658,1.50,1.50
2012.06.15 18:28:11.852,1.00643,1.00658,1.88,1.50
2012.06.15 18:28:12.211,1.00647,1.00661,2.10,1.50
2012.06.15 18:28:12.566,1.00647,1.00661,3.60,1.50
2012.06.15 18:28:12.638,1.00648,1.00662,1.50,1.88
2012.06.15 18:28:12.706,1.00647,1.00662,3.60,2.63
2012.06.15 18:28:13.177,1.00648,1.00662,1.13,1.50
2012.06.15 18:28:13.389,1.0065,1.00664,1.13,1.50
2012.06.15 18:28:13.698,1.00651,1.00667,4.53,1.50
2012.06.15 18:28:14.224,1.00652,1.00667,3.00,1.50
2012.06.15 18:28:16.796,1.00652,1.00667,3.00,1.50
2012.06.15 18:28:17.150,1.00649,1.00667,1.50,3.75
2012.06.15 18:28:17.229,1.00648,1.00662,2.29,1.50
2012.06.15 18:28:17.299,1.00647,1.00662,1.50,1.50
2012.06.15 18:28:17.835,1.00646,1.00662,1.50,1.50
2012.06.15 18:28:30.027,1.00646,1.00662,1.50,1.50
2012.06.15 18:28:30.165,1.00644,1.00657,3.42,1.50
2012.06.15 18:28:30.434,1.00643,1.00657,2.29,1.50
2012.06.15 18:28:48.229,1.00645,1.0066,1.50,2.25
2012.06.15 18:28:48.370,1.00645,1.0066,1.50,2.25
2012.06.15 18:28:51.558,1.00646,1.00661,1.50,1.69
2012.06.15 18:28:52.724,1.00647,1.00661,2.25,1.50
2012.06.15 18:28:56.797,1.00644,1.00658,4.17,1.50
2012.06.15 18:28:56.865,1.00644,1.00658,1.50,1.50
2012.06.15 18:28:57.477,1.00642,1.00658,4.54,1.50
2012.06.15 18:28:58.034,1.00642,1.00658,1.54,1.50
2012.06.15 18:29:00.394,1.00643,1.00658,1.50,1.50
2012.06.15 18:29:01.344,1.00644,1.00662,1.50,1.69
2012.06.15 18:29:01.738,1.00643,1.00658,3.06,1.50
2012.06.15 18:29:11.664,1.00641,1.00658,2.10,1.50
2012.06.15 18:29:15.867,1.00643,1.00658,1.19,1.50
2012.06.15 18:29:16.378,1.00643,1.00658,1.94,1.50
2012.06.15 18:29:26.417,1.00644,1.00658,1.50,1.50
2012.06.15 18:29:26.500,1.00651,1.00663,1.50,1.10
2012.06.15 18:29:27.046,1.00652,1.00667,1.50,1.69
2012.06.15 18:29:32.821,1.00654,1.00669,2.25,1.69
2012.06.15 18:29:32.905,1.00654,1.00667,1.50,1.50
2012.06.15 18:29:33.434,1.00652,1.00667,2.25,1.50
2012.06.15 18:29:35.472,1.00657,1.00672,1.13,2.98
2012.06.15 18:29:35.620,1.00659,1.00672,1.28,2.60
2012.06.15 18:29:35.700,1.00659,1.00672,2.03,1.85
2012.06.15 18:29:36.203,1.0066,1.00672,1.13,1.85
2012.06.15 18:29:36.408,1.00659,1.00672,3.38,2.60
2012.06.15 18:29:36.896,1.00658,1.00672,1.13,1.50
2012.06.15 18:29:37.571,1.0066,1.00672,1.65,1.50
2012.06.15 18:29:38.137,1.00659,1.00672,1.88,1.50
2012.06.15 18:29:38.666,1.00659,1.00672,2.25,1.50
2012.06.15 18:29:39.198,1.00659,1.00672,2.03,1.50
2012.06.15 18:29:40.319,1.00659,1.00672,1.50,1.50
2012.06.15 18:29:40.504,1.00658,1.00672,1.28,1.50
2012.06.15 18:29:41.024,1.00658,1.00672,1.13,1.50
2012.06.15 18:29:43.320,1.00657,1.00672,1.88,1.50
2012.06.15 18:29:43.526,1.00656,1.00672,4.13,1.50
2012.06.15 18:29:45.597,1.00657,1.00672,1.88,1.50
2012.06.15 18:29:46.020,1.00661,1.00672,1.50,1.50
2012.06.15 18:29:46.556,1.0066,1.00672,1.28,1.50
2012.06.15 18:29:46.689,1.00661,1.00677,1.50,2.74
2012.06.15 18:29:46.760,1.00662,1.00677,2.25,2.74
2012.06.15 18:29:47.105,1.00662,1.00677,1.13,1.50
2012.06.15 18:29:47.617,1.00663,1.00677,1.50,2.10
2012.06.15 18:29:47.899,1.00662,1.00677,1.50,2.10
2012.06.15 18:29:48.454,1.0066,1.00672,2.66,1.50
2012.06.15 18:29:48.527,1.00657,1.00672,1.13,2.25
2012.06.15 18:29:48.729,1.00656,1.00667,1.13,1.50
2012.06.15 18:29:49.265,1.00655,1.00667,1.50,1.50
2012.06.15 18:29:51.396,1.00653,1.00668,2.63,1.50
2012.06.15 18:29:52.544,1.00653,1.00667,3.00,1.50
2012.06.15 18:29:53.057,1.00654,1.00667,1.50,1.50
2012.06.15 18:29:53.770,1.00654,1.00671,1.50,1.50
2012.06.15 18:29:54.396,1.00654,1.00672,2.25,3.00
2012.06.15 18:29:54.536,1.00655,1.00673,1.50,1.50
2012.06.15 18:29:54.609,1.00656,1.00673,2.25,1.50
2012.06.15 18:29:55.497,1.00656,1.00672,1.50,1.50
2012.06.15 18:29:55.566,1.00655,1.00669,2.25,1.50
2012.06.15 18:29:56.109,1.00655,1.00668,1.50,1.50
2012.06.15 18:29:56.626,1.00655,1.00668,1.50,1.50
2012.06.15 18:29:57.159,1.00651,1.00668,4.13,1.50
2012.06.15 18:29:59.075,1.00651,1.0067,6.03,2.63
2012.06.15 18:29:59.506,1.00656,1.00671,1.50,2.48
2012.06.15 18:30:00.267,1.00657,1.00671,1.50,2.25
2012.06.15 18:30:00.825,1.00657,1.00672,1.50,1.50
2012.06.15 18:30:01.365,1.00657,1.00671,1.50,1.50
2012.06.15 18:30:02.848,1.00658,1.00675,2.25,2.63
2012.06.15 18:30:02.918,1.00662,1.00675,1.50,1.50
2012.06.15 18:30:03.268,1.00662,1.00679,1.50,2.85
2012.06.15 18:30:05.469,1.00662,1.00678,1.50,1.50
2012.06.15 18:30:06.657,1.00666,1.00679,1.50,1.35
2012.06.15 18:30:06.869,1.00667,1.0068,1.50,1.88
2012.06.15 18:30:07.077,1.00667,1.00681,2.63,1.50
2012.06.15 18:30:07.585,1.00668,1.00684,2.25,1.50
2012.06.15 18:30:08.532,1.00668,1.00684,2.25,1.50
2012.06.15 18:30:11.086,1.00668,1.00684,2.25,1.50
2012.06.15 18:30:13.325,1.00668,1.00684,2.25,1.50
2012.06.15 18:30:13.455,1.00671,1.00684,1.13,1.50
2012.06.15 18:30:13.975,1.00671,1.00685,1.88,2.63
2012.06.15 18:30:14.478,1.00667,1.00683,3.00,1.35
2012.06.15 18:30:14.548,1.00667,1.00682,1.88,1.50
2012.06.15 18:30:15.038,1.00666,1.00681,2.93,1.50
2012.06.15 18:30:15.249,1.00666,1.00682,3.00,1.50
2012.06.15 18:30:15.785,1.00665,1.00682,2.25,1.50
2012.06.15 18:30:18.901,1.00666,1.00682,1.50,1.88
2012.06.15 18:30:19.458,1.00666,1.00682,2.25,1.88
2012.06.15 18:30:19.798,1.0067,1.00683,1.13,1.50
2012.06.15 18:30:21.080,1.00673,1.0069,1.88,3.38
2012.06.15 18:30:21.164,1.00673,1.00687,1.88,3.38
2012.06.15 18:30:21.496,1.00672,1.00687,1.13,1.13
2012.06.15 18:30:22.034,1.00672,1.00688,1.13,2.63
2012.06.15 18:30:22.946,1.00672,1.00688,1.13,1.73
2012.06.15 18:30:24.331,1.00672,1.00688,1.88,2.25
2012.06.15 18:30:24.479,1.00671,1.00685,1.50,1.50
2012.06.15 18:30:24.768,1.00667,1.00683,4.50,1.50
2012.06.15 18:30:25.597,1.00667,1.00682,2.25,1.50
2012.06.15 18:30:25.667,1.00667,1.00682,2.25,1.50
2012.06.15 18:30:26.398,1.00664,1.00681,1.50,2.25
2012.06.15 18:30:26.901,1.00663,1.00681,2.25,3.00
2012.06.15 18:30:32.094,1.00663,1.00679,2.25,1.50
2012.06.15 18:30:32.679,1.0066,1.00675,1.50,1.50
2012.06.15 18:30:32.819,1.0066,1.00675,1.50,1.50
2012.06.15 18:30:32.947,1.00659,1.00674,1.35,1.50
2012.06.15 18:30:33.568,1.00656,1.00672,3.00,1.50
2012.06.15 18:30:36.167,1.00656,1.00672,1.50,1.50
2012.06.15 18:30:36.676,1.00656,1.00672,2.63,1.50
2012.06.15 18:30:37.556,1.00656,1.00672,4.50,1.50
2012.06.15 18:30:37.695,1.00657,1.00672,1.50,1.50
2012.06.15 18:30:37.985,1.00658,1.00672,1.13,1.50
2012.06.15 18:30:38.316,1.00662,1.00675,1.50,1.85
2012.06.15 18:30:38.529,1.00662,1.00677,1.50,1.50
2012.06.15 18:30:38.670,1.00663,1.00677,2.25,1.50
2012.06.15 18:30:39.205,1.00662,1.00678,3.00,1.50
2012.06.15 18:30:40.306,1.00662,1.00678,1.50,1.50
2012.06.15 18:30:40.575,1.00662,1.00676,1.50,1.50
2012.06.15 18:30:44.667,1.00657,1.00672,1.50,1.50
2012.06.15 18:30:44.739,1.00657,1.00672,1.50,1.50
2012.06.15 18:30:45.275,1.00657,1.00671,1.50,1.50
2012.06.15 18:30:47.335,1.00657,1.00671,1.50,1.50
2012.06.15 18:30:54.755,1.00657,1.00671,1.50,1.50
2012.06.15 18:30:54.824,1.00657,1.00671,1.50,1.50
2012.06.15 18:30:55.587,1.00655,1.0067,1.50,1.13
2012.06.15 18:30:55.728,1.00653,1.00667,1.50,1.50
2012.06.15 18:30:55.866,1.00652,1.00667,1.50,1.50
2012.06.15 18:30:56.298,1.00651,1.00667,1.50,1.50
2012.06.15 18:30:57.614,1.0065,1.00664,2.25,1.50
2012.06.15 18:30:58.146,1.00652,1.00666,1.50,1.50
2012.06.15 18:30:58.288,1.00652,1.0067,1.50,2.44
2012.06.15 18:30:59.144,1.00652,1.00669,2.25,1.50
2012.06.15 18:30:59.225,1.00655,1.00671,1.50,4.17
2012.06.15 18:30:59.794,1.00656,1.00673,1.50,3.35
2012.06.15 18:31:01.537,1.00656,1.00673,1.50,1.50
2012.06.15 18:31:03.324,1.00656,1.00673,1.50,1.50
2012.06.15 18:31:04.014,1.00656,1.00673,1.50,1.50
2012.06.15 18:31:04.538,1.00656,1.00673,1.50,1.50
2012.06.15 18:31:04.957,1.00656,1.00673,1.50,1.50
2012.06.15 18:31:05.479,1.00655,1.0067,1.50,1.50
2012.06.15 18:31:05.933,1.00655,1.00669,1.50,1.50
2012.06.15 18:31:06.013,1.00651,1.00667,3.00,1.50
2012.06.15 18:31:11.051,1.00652,1.00667,2.25,1.50
2012.06.15 18:31:12.855,1.00652,1.00667,2.25,1.50
2012.06.15 18:31:13.207,1.0065,1.00667,1.50,2.85
2012.06.15 18:31:13.830,1.00649,1.00664,1.50,1.50
2012.06.15 18:31:13.905,1.00651,1.00666,1.50,1.13
2012.06.15 18:31:14.036,1.00651,1.00667,1.50,1.50
2012.06.15 18:31:14.607,1.00651,1.00667,3.00,1.50
2012.06.15 18:31:15.356,1.00651,1.00667,3.00,2.25
2012.06.15 18:31:16.169,1.00651,1.00664,2.25,1.50
2012.06.15 18:31:16.695,1.00648,1.00663,2.10,1.50
2012.06.15 18:31:17.247,1.00648,1.00663,1.50,1.50
2012.06.15 18:31:19.593,1.00646,1.00663,3.38,2.25
2012.06.15 18:31:20.503,1.00643,1.0066,1.50,1.50
2012.06.15 18:31:20.835,1.00644,1.00662,2.25,1.50
2012.06.15 18:31:21.367,1.00643,1.0066,2.25,1.50
2012.06.15 18:31:22.085,1.00642,1.0066,3.75,1.50
2012.06.15 18:31:22.444,1.00641,1.00658,4.50,1.50
2012.06.15 18:31:24.644,1.00641,1.00658,4.50,1.50
2012.06.15 18:31:24.934,1.00641,1.00654,1.50,1.88
2012.06.15 18:31:25.290,1.00641,1.00651,1.50,3.38
2012.06.15 18:31:25.441,1.00635,1.00649,3.15,1.50
2012.06.15 18:31:27.147,1.00631,1.00646,1.50,1.65
2012.06.15 18:31:27.218,1.00631,1.00645,1.50,1.50
2012.06.15 18:31:27.497,1.00629,1.00645,1.13,1.50
2012.06.15 18:31:28.020,1.00629,1.00644,1.13,1.50
2012.06.15 18:31:28.366,1.00628,1.00646,1.50,2.25
2012.06.15 18:31:28.440,1.00628,1.00644,1.50,1.50
2012.06.15 18:31:28.947,1.00629,1.00645,3.53,1.50
2012.06.15 18:31:29.090,1.00632,1.00647,1.13,3.00
2012.06.15 18:31:34.028,1.00632,1.00644,2.25,1.50
2012.06.15 18:31:34.579,1.00631,1.00645,2.25,1.50
2012.06.15 18:31:37.688,1.0063,1.00645,2.25,1.50
2012.06.15 18:31:37.831,1.00627,1.00645,4.88,1.88
2012.06.15 18:31:38.355,1.00626,1.00643,3.23,1.50
2012.06.15 18:31:43.057,1.00629,1.00644,1.13,1.50
2012.06.15 18:31:43.606,1.00631,1.00645,1.88,2.25
2012.06.15 18:31:43.990,1.00631,1.00646,1.88,1.73
2012.06.15 18:31:44.577,1.00631,1.00646,1.13,1.50
2012.06.15 18:31:46.209,1.00633,1.00648,1.88,3.00
2012.06.15 18:31:46.736,1.00633,1.00648,1.88,1.35
2012.06.15 18:31:48.117,1.00633,1.00647,1.88,1.50
2012.06.15 18:31:48.191,1.00632,1.00646,1.50,1.50
2012.06.15 18:31:48.477,1.0063,1.00644,1.13,1.88
2012.06.15 18:31:49.926,1.00632,1.00646,1.13,1.50
2012.06.15 18:31:54.735,1.0063,1.00645,1.13,1.50
2012.06.15 18:31:56.291,1.00631,1.00648,1.13,2.25
2012.06.15 18:31:56.894,1.00634,1.00646,1.13,1.50
2012.06.15 18:31:57.251,1.00646,1.00656,1.50,2.25
2012.06.15 18:31:57.327,1.00646,1.00656,1.50,1.50
2012.06.15 18:31:57.398,1.00647,1.00662,1.50,2.98
2012.06.15 18:31:57.611,1.00647,1.00662,3.38,3.00
2012.06.15 18:31:57.759,1.00647,1.00659,1.50,1.10
2012.06.15 18:31:57.829,1.00646,1.00664,1.50,3.00
2012.06.15 18:32:04.486,1.00652,1.00668,3.60,3.38
2012.06.15 18:32:04.556,1.00652,1.00668,3.60,2.25
2012.06.15 18:32:05.178,1.00654,1.0067,1.13,1.50
2012.06.15 18:32:05.736,1.00655,1.00671,1.13,1.50
2012.06.15 18:32:07.177,1.00659,1.00674,1.50,3.00
2012.06.15 18:32:07.715,1.00658,1.00674,1.50,1.50
2012.06.15 18:32:10.328,1.00658,1.00674,1.88,2.25
2012.06.15 18:32:10.848,1.00657,1.00673,1.50,2.10
2012.06.15 18:32:11.046,1.00657,1.00673,1.50,1.35
2012.06.15 18:32:11.556,1.00656,1.00674,2.63,2.78
2012.06.15 18:32:11.930,1.00656,1.0067,2.25,1.13
2012.06.15 18:32:12.277,1.00653,1.00668,3.41,2.40
2012.06.15 18:32:12.619,1.00653,1.00668,3.41,4.50
2012.06.15 18:32:12.957,1.00648,1.00664,1.50,1.50
2012.06.15 18:32:14.142,1.00647,1.00664,1.13,1.50
2012.06.15 18:32:15.426,1.00647,1.00664,1.35,1.50
2012.06.15 18:32:15.568,1.00646,1.00664,2.67,3.75
2012.06.15 18:32:16.188,1.00646,1.00664,1.50,3.75
2012.06.15 18:32:16.744,1.00646,1.00664,1.50,3.75
2012.06.15 18:32:17.008,1.00646,1.00664,2.74,4.65
2012.06.15 18:32:20.724,1.00646,1.00664,1.50,3.15
2012.06.15 18:32:21.625,1.00646,1.00664,3.98,1.80
2012.06.15 18:32:22.404,1.00646,1.00664,2.37,1.65
2012.06.15 18:32:22.925,1.00646,1.00664,3.98,1.80
2012.06.15 18:32:23.884,1.00646,1.00664,2.37,1.65
2012.06.15 18:32:25.444,1.00646,1.00664,3.60,1.80
2012.06.15 18:32:25.992,1.00646,1.00664,2.37,1.65
2012.06.15 18:32:26.544,1.00646,1.00664,3.60,2.40
2012.06.15 18:32:27.348,1.00646,1.00664,3.12,2.40
2012.06.15 18:32:27.684,1.00646,1.00664,4.62,1.50
2012.06.15 18:32:30.127,1.00646,1.00664,4.92,1.50
2012.06.15 18:32:30.676,1.00646,1.00662,5.78,2.10
2012.06.15 18:32:30.818,1.00646,1.00662,2.29,2.10
2012.06.15 18:32:31.306,1.00645,1.00659,1.80,1.50
2012.06.15 18:32:32.100,1.00645,1.0066,1.05,1.50
2012.06.15 18:32:32.506,1.00643,1.0066,4.99,1.50
2012.06.15 18:32:34.817,1.00647,1.00662,1.50,1.35
2012.06.15 18:32:34.885,1.00647,1.00662,1.50,1.35
2012.06.15 18:32:35.169,1.0065,1.00665,1.50,1.50
2012.06.15 18:32:35.507,1.00651,1.00666,1.50,1.28
2012.06.15 18:32:36.068,1.0065,1.00664,1.50,1.88
2012.06.15 18:32:36.137,1.00648,1.00664,2.25,2.48
2012.06.15 18:32:36.206,1.00648,1.00663,2.25,1.50
2012.06.15 18:32:36.855,1.00646,1.00662,3.12,1.50
2012.06.15 18:32:37.185,1.00647,1.00663,1.50,1.50
2012.06.15 18:32:38.435,1.00647,1.00663,1.50,1.50
2012.06.15 18:32:38.946,1.00647,1.00663,1.50,1.50
2012.06.15 18:32:42.155,1.00647,1.00662,1.50,1.50
2012.06.15 18:32:46.050,1.00649,1.00665,1.95,1.50
2012.06.15 18:32:46.259,1.00652,1.00668,3.00,2.78
2012.06.15 18:32:46.467,1.00656,1.0067,2.25,2.25
2012.06.15 18:32:47.005,1.00656,1.00673,4.13,1.50
2012.06.15 18:32:47.707,1.00656,1.00672,1.88,1.35
2012.06.15 18:32:48.056,1.00656,1.00671,1.13,1.50
2012.06.15 18:32:48.646,1.00656,1.00672,1.50,1.35
2012.06.15 18:32:49.349,1.00656,1.00672,4.62,1.35
2012.06.15 18:32:50.692,1.00657,1.00671,1.50,1.50
2012.06.15 18:32:50.904,1.00656,1.00673,4.24,1.50
2012.06.15 18:32:51.435,1.00656,1.00673,3.00,1.50
2012.06.15 18:32:51.956,1.00656,1.00673,4.24,2.25
2012.06.15 18:32:52.531,1.00656,1.0067,2.25,1.50
2012.06.15 18:32:52.678,1.00655,1.00669,1.13,1.50
2012.06.15 18:32:53.239,1.00657,1.00673,1.50,1.80
2012.06.15 18:32:53.516,1.00659,1.00673,1.50,1.50
2012.06.15 18:32:53.588,1.00657,1.00673,2.25,1.50
2012.06.15 18:32:54.905,1.00656,1.00671,2.25,1.50
2012.06.15 18:32:55.795,1.00656,1.00672,1.50,1.88
2012.06.15 18:32:57.695,1.00654,1.00669,2.70,1.50
2012.06.15 18:32:58.096,1.00655,1.00671,2.07,1.50
2012.06.15 18:32:58.165,1.00655,1.00672,2.07,1.50
2012.06.15 18:32:58.308,1.00655,1.00673,2.07,1.35
2012.06.15 18:32:59.427,1.00654,1.00671,5.55,1.88
2012.06.15 18:33:02.945,1.00655,1.00672,1.50,2.25
2012.06.15 18:33:03.442,1.00657,1.00675,3.00,2.48
2012.06.15 18:33:03.998,1.00656,1.00671,1.62,1.50
2012.06.15 18:33:07.274,1.00655,1.00671,3.68,1.50
2012.06.15 18:33:12.428,1.00655,1.0067,1.50,1.50
2012.06.15 18:33:13.845,1.00653,1.00669,3.12,1.50
2012.06.15 18:33:22.109,1.00652,1.00667,2.25,2.25
2012.06.15 18:33:22.176,1.00651,1.00665,3.00,1.50
2012.06.15 18:33:22.318,1.00651,1.00664,2.25,2.10
2012.06.15 18:33:22.669,1.00644,1.0066,1.88,1.50
2012.06.15 18:33:24.298,1.00644,1.0066,1.50,1.50
2012.06.15 18:33:24.429,1.00644,1.00661,2.63,1.50
2012.06.15 18:33:24.965,1.00645,1.00661,2.25,1.50
2012.06.15 18:33:25.508,1.00647,1.00662,2.25,1.50
2012.06.15 18:33:30.237,1.00647,1.00663,1.50,1.50
2012.06.15 18:33:30.740,1.00647,1.00661,2.10,1.50
2012.06.15 18:33:34.848,1.00647,1.00663,3.78,1.65
2012.06.15 18:33:35.268,1.00651,1.00666,1.50,1.50
2012.06.15 18:33:35.805,1.00653,1.00667,1.50,2.63
2012.06.15 18:33:39.913,1.0065,1.00666,1.50,1.50
2012.06.15 18:33:40.465,1.00652,1.00668,1.50,3.38
2012.06.15 18:33:40.717,1.00652,1.00668,1.50,2.63
2012.06.15 18:33:42.850,1.00652,1.00668,3.75,1.13
2012.06.15 18:33:43.405,1.00652,1.00668,3.75,1.13
2012.06.15 18:33:45.198,1.00652,1.00668,2.25,1.50
2012.06.15 18:33:46.256,1.00652,1.00668,4.50,1.50
2012.06.15 18:33:46.587,1.00652,1.00668,2.25,1.50
2012.06.15 18:33:47.105,1.00652,1.00665,1.50,1.50
2012.06.15 18:33:47.378,1.00648,1.00665,4.13,1.50
2012.06.15 18:33:54.885,1.00648,1.00664,2.63,1.50
2012.06.15 18:33:55.943,1.00648,1.00664,2.25,1.50
2012.06.15 18:34:02.144,1.00649,1.00664,2.25,2.10
2012.06.15 18:34:02.988,1.00646,1.00664,1.69,2.10
2012.06.15 18:34:03.063,1.00644,1.00661,1.50,1.50
2012.06.15 18:34:05.241,1.00647,1.00661,1.88,1.50
2012.06.15 18:34:05.319,1.00648,1.00663,1.13,1.50
2012.06.15 18:34:05.459,1.0065,1.00663,1.50,1.50
2012.06.15 18:34:05.736,1.00651,1.00667,1.50,3.28
2012.06.15 18:34:05.926,1.00651,1.00668,1.50,1.85
2012.06.15 18:34:06.484,1.00651,1.00669,1.50,1.50
2012.06.15 18:34:07.884,1.00651,1.00669,1.50,1.50
2012.06.15 18:34:08.215,1.00653,1.00669,2.25,1.50
2012.06.15 18:34:08.704,1.00653,1.00669,2.25,1.50
2012.06.15 18:34:11.580,1.00652,1.00666,1.50,1.13
2012.06.15 18:34:11.658,1.00652,1.00666,1.50,1.13
2012.06.15 18:34:11.845,1.00652,1.00666,1.50,1.13
2012.06.15 18:34:13.175,1.00652,1.00667,1.50,1.88
2012.06.15 18:34:13.546,1.00652,1.00667,1.50,1.50
2012.06.15 18:34:14.372,1.00652,1.00667,1.50,1.50
2012.06.15 18:34:16.053,1.00652,1.00671,2.25,2.48
2012.06.15 18:34:16.525,1.00657,1.00671,1.50,1.13
2012.06.15 18:34:16.977,1.00657,1.00672,1.50,1.13
2012.06.15 18:34:19.454,1.00657,1.00673,2.25,1.50
2012.06.15 18:34:28.854,1.00656,1.00671,1.50,1.50
2012.06.15 18:34:28.927,1.00656,1.00671,1.50,1.50
2012.06.15 18:34:29.198,1.00657,1.00671,2.25,1.50
2012.06.15 18:34:29.796,1.00657,1.00672,2.25,1.50
2012.06.15 18:34:30.395,1.00657,1.00673,2.25,1.50
2012.06.15 18:34:30.784,1.00657,1.00672,3.00,1.50
2012.06.15 18:34:35.765,1.00656,1.00672,2.25,2.25
2012.06.15 18:34:35.966,1.00655,1.00669,1.50,1.50
2012.06.15 18:34:36.488,1.00652,1.00668,1.50,1.50
2012.06.15 18:34:36.996,1.00652,1.00668,4.88,1.50
2012.06.15 18:34:38.636,1.00653,1.00668,1.50,1.50
2012.06.15 18:34:39.185,1.00651,1.00667,1.50,3.60
2012.06.15 18:34:41.639,1.00649,1.00663,2.25,1.50
2012.06.15 18:34:42.195,1.00647,1.00663,2.25,1.50
2012.06.15 18:34:46.576,1.00646,1.00663,4.88,1.50
2012.06.15 18:34:47.724,1.00648,1.00663,1.50,1.50
2012.06.15 18:34:51.408,1.00651,1.00666,1.50,3.00
2012.06.15 18:34:51.876,1.00652,1.00668,1.50,2.25
2012.06.15 18:34:53.575,1.00652,1.00668,1.50,1.50
2012.06.15 18:34:54.653,1.00652,1.00668,1.50,2.25
2012.06.15 18:34:55.619,1.00652,1.00668,1.50,1.50
2012.06.15 18:34:56.198,1.00653,1.00669,2.63,1.50
2012.06.15 18:34:56.735,1.00656,1.00672,1.50,1.13
2012.06.15 18:34:57.673,1.00656,1.00674,1.50,2.85
2012.06.15 18:34:57.752,1.0066,1.00674,1.50,1.35
2012.06.15 18:34:58.316,1.00661,1.00678,3.00,3.35
2012.06.15 18:34:58.386,1.00661,1.00678,3.00,3.35
2012.06.15 18:34:58.922,1.00661,1.00678,1.50,2.25
2012.06.15 18:34:59.937,1.00661,1.00678,1.50,1.13
2012.06.15 18:35:00.444,1.00661,1.00678,1.50,1.13
2012.06.15 18:35:01.056,1.00661,1.00678,1.50,2.63
2012.06.15 18:35:02.480,1.00664,1.00678,1.50,1.13
2012.06.15 18:35:02.555,1.00667,1.0068,1.50,1.50
2012.06.15 18:35:02.908,1.00668,1.0068,1.50,1.50
2012.06.15 18:35:03.116,1.00668,1.00685,3.00,1.50
2012.06.15 18:35:04.129,1.00668,1.00685,3.15,3.00
2012.06.15 18:35:04.769,1.0067,1.00687,1.13,2.63
2012.06.15 18:35:05.319,1.0067,1.00685,1.32,2.25
2012.06.15 18:35:05.879,1.00668,1.00683,3.00,1.50
2012.06.15 18:35:06.217,1.00667,1.0068,2.63,2.25
2012.06.15 18:35:06.420,1.00665,1.0068,1.50,3.00
2012.06.15 18:35:07.024,1.00662,1.00677,2.25,1.50
2012.06.15 18:35:07.538,1.00662,1.00677,2.25,1.50
2012.06.15 18:35:07.614,1.00662,1.00678,2.25,2.10
2012.06.15 18:35:07.808,1.00662,1.00678,2.25,1.50
2012.06.15 18:35:09.606,1.00662,1.00677,1.50,1.50
2012.06.15 18:35:10.019,1.00662,1.00675,1.50,2.25
2012.06.15 18:35:10.359,1.00662,1.00675,1.50,2.25
2012.06.15 18:35:10.856,1.00662,1.00677,2.25,1.50
2012.06.15 18:35:10.989,1.00662,1.00678,2.25,4.50
2012.06.15 18:35:12.924,1.00662,1.00677,1.50,1.50
2012.06.15 18:35:13.255,1.00659,1.00673,1.50,1.50
2012.06.15 18:35:14.110,1.00658,1.00674,1.28,1.50
2012.06.15 18:35:14.658,1.0066,1.00677,3.41,1.50
2012.06.15 18:35:15.669,1.00661,1.00675,1.13,1.50
2012.06.15 18:35:15.881,1.00658,1.00674,1.50,1.50
2012.06.15 18:35:17.871,1.00656,1.00674,2.25,1.50
2012.06.15 18:35:18.088,1.00661,1.00676,1.50,1.50
2012.06.15 18:35:18.425,1.00657,1.00674,1.50,1.50
2012.06.15 18:35:18.947,1.00657,1.00673,1.50,1.50
2012.06.15 18:35:20.156,1.00661,1.00675,1.88,3.60
2012.06.15 18:35:20.510,1.00666,1.00678,1.50,1.50
2012.06.15 18:35:20.657,1.00664,1.00678,1.50,2.25
2012.06.15 18:35:20.918,1.00662,1.00678,1.50,3.00
2012.06.15 18:35:21.805,1.00661,1.00677,1.50,1.88
2012.06.15 18:35:22.215,1.00663,1.00677,1.50,1.85
2012.06.15 18:35:22.736,1.00666,1.00681,1.50,1.50
2012.06.15 18:35:23.285,1.00665,1.00681,1.50,3.00
2012.06.15 18:35:24.419,1.00663,1.00678,1.50,1.50
2012.06.15 18:35:24.836,1.00662,1.00677,1.50,3.00
2012.06.15 18:35:24.975,1.00662,1.00677,1.50,2.25
2012.06.15 18:35:25.916,1.00659,1.00677,1.50,1.50
2012.06.15 18:35:26.116,1.00656,1.00674,1.50,1.50
2012.06.15 18:35:27.768,1.00656,1.00674,3.00,1.50
2012.06.15 18:35:28.099,1.00661,1.00677,1.50,3.75
2012.06.15 18:35:28.426,1.00662,1.00678,3.75,1.13
2012.06.15 18:35:30.848,1.00663,1.0068,1.50,1.50
2012.06.15 18:35:33.434,1.00671,1.00684,1.50,1.50
2012.06.15 18:35:33.987,1.00669,1.00686,1.50,4.10
2012.06.15 18:35:34.511,1.00671,1.00686,3.41,2.25
2012.06.15 18:35:34.997,1.00672,1.00687,1.50,2.25
2012.06.15 18:35:35.269,1.00672,1.00688,1.50,2.85
2012.06.15 18:35:35.759,1.00672,1.00687,1.50,3.75
2012.06.15 18:35:35.832,1.00672,1.00687,1.50,3.75
2012.06.15 18:35:36.187,1.00677,1.00694,1.50,1.85
2012.06.15 18:35:37.131,1.00677,1.00694,1.50,3.00
2012.06.15 18:35:37.219,1.00677,1.00692,1.50,3.00
2012.06.15 18:35:37.727,1.00672,1.00689,2.63,3.00
2012.06.15 18:35:37.868,1.00671,1.00689,4.50,3.00
2012.06.15 18:35:38.216,1.00672,1.00686,1.13,2.25
2012.06.15 18:35:39.656,1.00672,1.00686,1.88,1.50
2012.06.15 18:35:39.799,1.00672,1.00689,1.50,1.50
2012.06.15 18:35:39.867,1.00672,1.0069,1.50,3.60
2012.06.15 18:35:40.007,1.00677,1.00692,1.50,3.57
2012.06.15 18:35:40.290,1.00679,1.00693,2.25,1.50
2012.06.15 18:35:40.859,1.00682,1.00696,1.13,2.25
2012.06.15 18:35:45.137,1.00679,1.00695,1.32,1.50
2012.06.15 18:35:45.277,1.00677,1.00694,3.00,1.50
2012.06.15 18:35:52.098,1.00677,1.00693,1.50,1.88
2012.06.15 18:35:52.478,1.00674,1.00691,1.13,1.35
2012.06.15 18:35:55.578,1.00674,1.0069,1.50,1.50
2012.06.15 18:35:56.103,1.00671,1.00689,2.63,1.50
2012.06.15 18:35:56.458,1.00671,1.00685,2.25,1.50
2012.06.15 18:35:56.529,1.00671,1.00685,2.25,1.73
2012.06.15 18:35:56.736,1.00668,1.00683,1.50,3.00
2012.06.15 18:35:56.811,1.00668,1.00682,1.50,1.50
2012.06.15 18:35:57.215,1.00665,1.00682,1.50,1.50
2012.06.15 18:35:58.396,1.0067,1.00683,1.50,2.25
2012.06.15 18:35:58.736,1.00671,1.00685,1.50,1.13
2012.06.15 18:35:59.125,1.00671,1.00687,1.50,1.85
2012.06.15 18:36:00.150,1.00668,1.00685,4.50,1.50
2012.06.15 18:36:00.686,1.00667,1.00685,1.88,1.50
2012.06.15 18:36:05.695,1.00668,1.00685,1.88,1.50
2012.06.15 18:36:06.986,1.00668,1.00684,2.25,1.50
2012.06.15 18:36:07.500,1.00671,1.00686,1.50,1.85
2012.06.15 18:36:08.035,1.00672,1.00687,1.50,2.60
2012.06.15 18:36:08.596,1.00668,1.00685,4.43,1.50
2012.06.15 18:36:09.106,1.00667,1.00684,2.63,1.50
2012.06.15 18:36:11.509,1.00671,1.00685,1.50,2.25
2012.06.15 18:36:12.012,1.00672,1.00687,1.35,1.50
2012.06.15 18:36:12.555,1.00672,1.00688,1.35,3.00
2012.06.15 18:36:12.973,1.00672,1.00685,1.35,2.25
2012.06.15 18:36:13.049,1.0067,1.00685,2.63,2.25
2012.06.15 18:36:15.313,1.00671,1.00687,1.50,3.45
2012.06.15 18:36:15.388,1.00671,1.00687,3.75,2.63
2012.06.15 18:36:16.061,1.00672,1.00688,2.85,1.50
2012.06.15 18:36:16.589,1.00672,1.00689,1.35,1.50
2012.06.15 18:36:22.746,1.00672,1.00689,1.50,4.13
2012.06.15 18:36:22.958,1.0067,1.00684,2.55,1.88
2012.06.15 18:36:23.099,1.0067,1.00681,1.50,2.25
2012.06.15 18:36:23.449,1.00664,1.00681,1.50,3.00
2012.06.15 18:36:24.051,1.00665,1.00679,1.50,1.50
2012.06.15 18:36:24.128,1.00665,1.00684,3.75,2.10
2012.06.15 18:36:24.200,1.00667,1.00684,1.13,2.10
2012.06.15 18:36:24.716,1.00666,1.00684,1.13,1.50
2012.06.15 18:36:26.237,1.00671,1.00685,1.50,2.25
2012.06.15 18:36:26.744,1.00671,1.00685,1.50,1.50
2012.06.15 18:36:28.498,1.00672,1.00687,1.50,3.00
2012.06.15 18:36:28.850,1.00667,1.00686,3.00,3.00
2012.06.15 18:36:29.368,1.00667,1.00684,2.25,2.25
2012.06.15 18:36:31.827,1.00663,1.00683,4.88,5.25
2012.06.15 18:36:32.380,1.00666,1.00683,1.50,4.50
2012.06.15 18:36:32.901,1.00671,1.00684,1.88,2.25
2012.06.15 18:36:33.049,1.00672,1.00688,1.50,2.25
2012.06.15 18:36:33.567,1.00672,1.00688,1.50,1.50
2012.06.15 18:36:34.757,1.00672,1.00689,1.50,1.50
2012.06.15 18:36:34.966,1.00673,1.00689,1.13,1.50
2012.06.15 18:36:35.379,1.00674,1.0069,2.25,2.25
2012.06.15 18:36:35.506,1.00674,1.0069,1.50,2.25
2012.06.15 18:36:35.778,1.00673,1.00688,2.63,1.50
2012.06.15 18:36:35.846,1.00673,1.00688,2.63,2.48
2012.06.15 18:36:36.348,1.00673,1.00687,2.25,1.73
2012.06.15 18:36:36.854,1.00673,1.00687,1.50,1.73
2012.06.15 18:36:38.936,1.00673,1.00687,2.63,1.73
2012.06.15 18:36:39.752,1.00673,1.00687,2.63,1.73
2012.06.15 18:36:40.107,1.00673,1.0069,1.50,2.25
2012.06.15 18:36:40.435,1.00673,1.0069,2.63,2.25
2012.06.15 18:36:42.368,1.00673,1.0069,1.50,3.00
2012.06.15 18:36:44.648,1.00674,1.00689,1.13,1.50
2012.06.15 18:36:45.727,1.00676,1.00691,1.50,1.50
2012.06.15 18:36:45.865,1.00677,1.00693,1.88,1.50
2012.06.15 18:36:49.828,1.00675,1.00689,2.25,1.50
2012.06.15 18:36:52.210,1.00676,1.0069,1.88,2.25
2012.06.15 18:36:52.736,1.00677,1.00693,1.50,3.00
2012.06.15 18:36:54.086,1.00677,1.00693,1.50,3.00
2012.06.15 18:36:54.568,1.00677,1.00693,1.50,3.00
2012.06.15 18:37:02.664,1.00677,1.00693,1.50,3.00
2012.06.15 18:37:04.739,1.00677,1.00691,1.50,1.50
2012.06.15 18:37:04.930,1.00675,1.0069,2.63,1.50
2012.06.15 18:37:20.667,1.00678,1.00691,1.28,2.25
2012.06.15 18:37:20.751,1.00681,1.00694,1.13,1.85
2012.06.15 18:37:35.132,1.00682,1.00697,1.50,3.60
2012.06.15 18:37:36.979,1.00684,1.00697,1.50,3.60
2012.06.15 18:37:37.051,1.00686,1.00698,1.50,1.50
2012.06.15 18:37:37.775,1.00684,1.007,3.00,1.50
2012.06.15 18:37:37.907,1.00684,1.007,2.25,2.63
2012.06.15 18:37:38.439,1.00684,1.00697,1.50,2.25
2012.06.15 18:37:38.851,1.00685,1.00702,2.25,1.50
2012.06.15 18:37:39.059,1.00685,1.007,2.25,1.50
2012.06.15 18:37:39.426,1.00684,1.007,2.63,1.50
2012.06.15 18:37:41.959,1.00686,1.007,1.50,1.50
2012.06.15 18:37:42.094,1.00687,1.00703,3.23,1.50
2012.06.15 18:37:44.362,1.00688,1.00703,1.32,1.50
2012.06.15 18:37:44.720,1.00692,1.00707,4.35,3.75
2012.06.15 18:37:44.858,1.00694,1.00707,2.25,2.25
2012.06.15 18:37:44.998,1.00694,1.0071,2.25,1.50
2012.06.15 18:37:45.377,1.00696,1.0071,1.50,1.50
2012.06.15 18:37:45.719,1.00707,1.00715,2.10,1.13
2012.06.15 18:37:45.929,1.00707,1.00721,2.10,1.20
2012.06.15 18:37:46.614,1.00707,1.00721,2.10,1.13
2012.06.15 18:37:47.198,1.00707,1.00721,2.85,1.88
2012.06.15 18:37:47.527,1.00707,1.00721,2.25,1.50
2012.06.15 18:37:48.279,1.00707,1.00721,2.25,1.50
2012.06.15 18:37:48.538,1.00707,1.00724,1.50,2.60
2012.06.15 18:37:48.745,1.00707,1.00722,3.00,1.50
2012.06.15 18:37:49.288,1.00706,1.00721,1.13,1.50
2012.06.15 18:37:49.730,1.00704,1.0072,1.88,1.50
2012.06.15 18:37:49.796,1.00704,1.0072,1.88,1.50
2012.06.15 18:37:50.299,1.00704,1.0072,1.88,1.50
2012.06.15 18:37:50.837,1.00706,1.0072,2.25,1.50
2012.06.15 18:37:51.167,1.00707,1.00722,2.70,1.50
2012.06.15 18:37:52.037,1.00705,1.00721,1.50,1.50
2012.06.15 18:37:54.275,1.00707,1.00722,1.20,1.50
2012.06.15 18:37:55.187,1.00707,1.00721,1.13,1.50
2012.06.15 18:37:55.868,1.00707,1.00721,1.13,1.50
2012.06.15 18:37:56.789,1.00707,1.00721,2.10,1.50
2012.06.15 18:37:58.529,1.00709,1.00723,1.34,1.50
2012.06.15 18:37:59.065,1.00711,1.00724,1.88,1.50
2012.06.15 18:37:59.616,1.00708,1.00723,1.88,1.50
2012.06.15 18:38:00.936,1.00707,1.00721,2.63,1.50
2012.06.15 18:38:01.465,1.00707,1.00721,3.72,1.50
2012.06.15 18:38:02.260,1.00707,1.00721,2.97,2.25
2012.06.15 18:38:02.387,1.00707,1.00721,2.97,2.25
2012.06.15 18:38:02.927,1.00704,1.00716,1.13,1.50
2012.06.15 18:38:03.198,1.00702,1.00716,3.75,1.50
2012.06.15 18:38:04.391,1.00704,1.00718,1.33,1.50
2012.06.15 18:38:05.946,1.00703,1.00718,1.50,1.50
2012.06.15 18:38:06.149,1.00706,1.00721,1.88,2.25
2012.06.15 18:38:06.498,1.00712,1.00727,2.08,1.50
2012.06.15 18:38:06.568,1.00713,1.00728,1.13,1.50
2012.06.15 18:38:06.767,1.00713,1.00729,1.65,1.50
2012.06.15 18:38:07.107,1.00712,1.00729,2.25,1.50
2012.06.15 18:38:09.048,1.00713,1.00729,1.13,1.65
2012.06.15 18:38:10.177,1.00713,1.00729,1.13,1.65
2012.06.15 18:38:10.933,1.00713,1.00729,1.13,1.65
2012.06.15 18:38:12.313,1.00712,1.00729,1.50,1.65
2012.06.15 18:38:12.846,1.00712,1.00729,1.50,1.65
2012.06.15 18:38:13.634,1.00712,1.00729,1.88,1.65
2012.06.15 18:38:14.142,1.00712,1.00729,1.88,1.65
2012.06.15 18:38:14.804,1.00712,1.00729,1.69,1.65
2012.06.15 18:38:16.986,1.00712,1.00729,1.69,1.65
2012.06.15 18:38:17.766,1.00712,1.00729,4.50,1.65
2012.06.15 18:38:17.836,1.00712,1.00729,3.00,1.65
2012.06.15 18:38:18.542,1.00712,1.00733,4.50,2.60
2012.06.15 18:38:19.044,1.00714,1.00733,1.50,2.60
2012.06.15 18:38:21.195,1.00714,1.00733,1.50,4.10
2012.06.15 18:38:21.409,1.00716,1.00733,1.69,1.50
2012.06.15 18:38:21.746,1.00717,1.00735,1.73,2.85
2012.06.15 18:38:22.388,1.00717,1.00734,3.23,1.50
2012.06.15 18:38:23.107,1.00716,1.00729,2.25,1.50
2012.06.15 18:38:23.457,1.00714,1.00729,7.15,1.50
2012.06.15 18:38:25.376,1.00715,1.0073,2.25,1.50
2012.06.15 18:38:25.450,1.00717,1.0073,1.35,1.50
2012.06.15 18:38:25.520,1.00719,1.00733,1.35,1.50
2012.06.15 18:38:26.058,1.00719,1.00733,2.75,1.50
2012.06.15 18:38:26.579,1.00719,1.00733,2.15,1.50
2012.06.15 18:38:27.365,1.00716,1.00733,1.50,2.25
2012.06.15 18:38:27.896,1.00716,1.00733,1.13,1.50
2012.06.15 18:38:28.459,1.00715,1.0073,3.60,1.13
2012.06.15 18:38:29.417,1.00715,1.00732,2.10,2.25
2012.06.15 18:38:29.757,1.00714,1.00732,1.50,2.25
2012.06.15 18:38:30.638,1.00714,1.00732,1.50,1.85
2012.06.15 18:38:37.661,1.00714,1.00732,1.50,2.04
2012.06.15 18:38:38.017,1.00716,1.00733,2.10,1.13
2012.06.15 18:38:38.088,1.00717,1.00733,2.25,1.13
2012.06.15 18:38:38.286,1.00716,1.00733,2.10,1.88
2012.06.15 18:38:43.339,1.00716,1.00732,1.35,1.50
2012.06.15 18:38:43.586,1.00715,1.00733,4.88,1.88
2012.06.15 18:38:43.940,1.00718,1.00734,3.00,2.25
2012.06.15 18:38:44.010,1.00721,1.00734,2.10,2.25
2012.06.15 18:38:44.328,1.00722,1.0074,1.20,1.73
2012.06.15 18:38:45.261,1.00724,1.0074,1.50,2.48
2012.06.15 18:38:45.819,1.00724,1.00741,2.63,3.00
2012.06.15 18:38:46.879,1.00724,1.00741,1.50,3.00
2012.06.15 18:38:47.381,1.00726,1.00743,1.35,1.88
2012.06.15 18:38:47.757,1.00726,1.00743,2.63,1.13
2012.06.15 18:38:48.319,1.00726,1.00744,1.73,1.50
2012.06.15 18:38:49.670,1.00728,1.00745,2.63,3.43
2012.06.15 18:38:50.175,1.00727,1.00745,1.50,2.25
2012.06.15 18:38:50.698,1.00727,1.00742,1.50,1.88
2012.06.15 18:38:53.205,1.00725,1.00743,1.95,2.53
2012.06.15 18:38:55.678,1.00724,1.00742,1.50,4.57
2012.06.15 18:38:55.747,1.00724,1.00742,1.50,3.47
2012.06.15 18:38:56.095,1.00724,1.00742,1.50,2.72
2012.06.15 18:38:56.241,1.00732,1.00743,2.10,3.73
2012.06.15 18:38:56.821,1.00743,1.00752,1.35,1.88
2012.06.15 18:38:57.372,1.00746,1.00754,1.50,1.13
2012.06.15 18:38:57.589,1.00743,1.00755,1.13,2.25
2012.06.15 18:38:57.797,1.00742,1.00756,1.50,2.25
2012.06.15 18:38:58.856,1.00742,1.00756,1.50,3.00
2012.06.15 18:38:58.928,1.00742,1.00756,1.50,3.00
2012.06.15 18:38:59.280,1.00742,1.00759,2.25,2.33
2012.06.15 18:38:59.416,1.00742,1.00759,2.25,2.33
2012.06.15 18:38:59.956,1.00742,1.00759,2.25,2.33
2012.06.15 18:39:00.300,1.00744,1.00761,2.48,2.68
2012.06.15 18:39:00.372,1.00745,1.00761,1.73,2.25
2012.06.15 18:39:00.455,1.00746,1.00761,1.50,1.50
2012.06.15 18:39:00.986,1.00748,1.00764,1.13,2.25
2012.06.15 18:39:02.716,1.00746,1.00764,1.13,2.25
2012.06.15 18:39:03.327,1.00748,1.00764,1.13,2.25
2012.06.15 18:39:03.645,1.00746,1.00765,1.88,2.25
2012.06.15 18:39:04.300,1.00749,1.00765,1.69,1.50
2012.06.15 18:39:04.649,1.00754,1.00768,1.13,1.50
2012.06.15 18:39:05.189,1.00753,1.0077,1.50,2.25
2012.06.15 18:39:05.739,1.00753,1.0077,1.13,2.25
2012.06.15 18:39:06.298,1.00753,1.00771,1.13,1.50
2012.06.15 18:39:06.676,1.00754,1.00768,1.13,1.50
2012.06.15 18:39:06.760,1.00754,1.00768,1.13,1.50
2012.06.15 18:39:06.959,1.00754,1.00768,1.13,1.50
2012.06.15 18:39:08.506,1.00754,1.00768,1.13,1.50
2012.06.15 18:39:09.974,1.00753,1.00768,1.50,1.50
2012.06.15 18:39:12.288,1.00753,1.00768,2.63,1.50
2012.06.15 18:39:12.827,1.00754,1.00768,1.13,1.50
2012.06.15 18:39:13.627,1.00754,1.00768,1.13,1.50
2012.06.15 18:39:16.237,1.00753,1.00773,1.88,3.94
2012.06.15 18:39:17.893,1.00756,1.00773,1.50,4.69
2012.06.15 18:39:17.970,1.00761,1.00773,2.48,4.69
2012.06.15 18:39:18.182,1.00764,1.00773,1.50,3.08
2012.06.15 18:39:18.718,1.00762,1.00778,1.50,3.38
2012.06.15 18:39:20.856,1.00761,1.00774,3.41,1.50
2012.06.15 18:39:21.376,1.00759,1.00773,1.28,1.50
2012.06.15 18:39:21.519,1.00758,1.00773,2.25,1.50
2012.06.15 18:39:21.588,1.00758,1.00773,1.50,1.50
2012.06.15 18:39:22.256,1.00758,1.00773,1.50,1.50
2012.06.15 18:39:22.456,1.00758,1.00774,2.25,1.50
2012.06.15 18:39:22.527,1.00758,1.00773,2.25,1.50
2012.06.15 18:39:24.616,1.00756,1.00773,2.63,1.50
2012.06.15 18:39:26.261,1.00756,1.00773,2.63,1.50
2012.06.15 18:39:27.207,1.00756,1.0077,1.50,1.50
2012.06.15 18:39:27.767,1.00755,1.00769,1.13,1.50
2012.06.15 18:39:29.397,1.00754,1.00769,1.43,1.50
2012.06.15 18:39:33.786,1.00753,1.00769,1.43,1.50
2012.06.15 18:39:33.914,1.00752,1.00769,2.63,1.50
2012.06.15 18:39:35.628,1.00752,1.00765,2.10,1.50
2012.06.15 18:39:35.982,1.00752,1.00762,1.35,1.50
2012.06.15 18:39:36.201,1.00746,1.00764,4.50,2.60
2012.06.15 18:39:36.487,1.00746,1.00764,2.25,3.00
2012.06.15 18:39:36.867,1.00746,1.00764,2.25,3.00
2012.06.15 18:39:37.901,1.00746,1.00764,4.95,3.00
2012.06.15 18:39:37.981,1.00748,1.00764,3.15,2.25
2012.06.15 18:39:38.064,1.00751,1.00765,1.13,2.25
2012.06.15 18:39:38.209,1.00751,1.00765,5.51,1.50
2012.06.15 18:39:38.348,1.00752,1.00769,1.35,2.25
2012.06.15 18:39:43.096,1.00752,1.00769,1.20,1.50
2012.06.15 18:39:44.751,1.0075,1.00768,2.63,1.88
2012.06.15 18:39:44.826,1.0075,1.00768,1.88,1.88
2012.06.15 18:39:45.387,1.00751,1.00765,1.50,2.25
2012.06.15 18:39:45.993,1.00751,1.00765,1.88,1.10
2012.06.15 18:39:46.142,1.00754,1.00765,1.35,1.85
2012.06.15 18:39:46.492,1.00755,1.0077,2.25,2.63
2012.06.15 18:39:46.568,1.00755,1.00768,1.50,1.69
2012.06.15 18:39:46.698,1.00753,1.00768,1.35,1.69
2012.06.15 18:39:46.826,1.00751,1.00768,4.13,1.69
2012.06.15 18:39:47.148,1.00751,1.00768,1.50,1.50
2012.06.15 18:39:47.957,1.00752,1.00768,1.50,1.50
2012.06.15 18:39:53.548,1.00753,1.00768,2.85,1.50
2012.06.15 18:39:54.986,1.00753,1.00768,2.10,1.50
2012.06.15 18:39:56.187,1.00753,1.00771,2.48,1.50
2012.06.15 18:39:56.328,1.00754,1.00771,3.00,1.50
2012.06.15 18:39:56.797,1.00757,1.00773,2.63,1.50
2012.06.15 18:39:56.872,1.00757,1.00773,2.63,1.50
2012.06.15 18:39:57.078,1.00757,1.00773,2.63,1.50
2012.06.15 18:40:00.733,1.00757,1.00773,2.63,1.50
2012.06.15 18:40:01.125,1.00759,1.00773,1.88,1.50
2012.06.15 18:40:01.467,1.00764,1.00778,1.50,1.85
2012.06.15 18:40:01.606,1.00763,1.00778,2.25,1.13
2012.06.15 18:40:02.876,1.00762,1.00778,3.08,1.88
2012.06.15 18:40:03.089,1.00762,1.00778,1.95,3.00
2012.06.15 18:40:03.933,1.00763,1.00778,1.20,5.60
2012.06.15 18:40:04.018,1.00758,1.00774,1.35,3.00
2012.06.15 18:40:04.278,1.00757,1.00774,1.35,1.50
2012.06.15 18:40:04.527,1.00757,1.00774,1.35,1.50
2012.06.15 18:40:04.655,1.00758,1.00774,1.35,1.50
2012.06.15 18:40:06.166,1.00758,1.00774,1.35,1.50
2012.06.15 18:40:06.236,1.00758,1.00774,1.35,1.50
2012.06.15 18:40:06.566,1.00758,1.00774,1.35,1.50
2012.06.15 18:40:06.966,1.00756,1.00774,3.45,1.50
2012.06.15 18:40:08.904,1.00756,1.00774,3.45,1.50
2012.06.15 18:40:09.020,1.00757,1.00774,1.20,1.50
2012.06.15 18:40:10.309,1.00757,1.00773,1.20,1.50
2012.06.15 18:40:10.828,1.00755,1.0077,1.35,1.50
2012.06.15 18:40:10.895,1.00755,1.0077,1.35,1.50
2012.06.15 18:40:11.336,1.00753,1.00769,1.13,1.50
2012.06.15 18:40:13.289,1.00753,1.00766,1.50,1.95
2012.06.15 18:40:13.645,1.00748,1.00763,1.50,1.50
2012.06.15 18:40:13.790,1.00747,1.00763,2.25,1.50
2012.06.15 18:40:14.073,1.00748,1.00764,1.50,2.25
2012.06.15 18:40:14.406,1.00744,1.0076,1.88,1.50
2012.06.15 18:40:14.817,1.00746,1.00763,1.50,3.00
2012.06.15 18:40:15.655,1.00746,1.00764,2.85,3.00
2012.06.15 18:40:15.916,1.00745,1.00764,1.50,3.00
2012.06.15 18:40:16.438,1.00746,1.00762,1.50,2.25
2012.06.15 18:40:17.162,1.00746,1.00762,1.13,2.25
2012.06.15 18:40:17.666,1.00745,1.00763,1.50,3.00
2012.06.15 18:40:22.178,1.00744,1.00758,1.50,1.50
2012.06.15 18:40:22.588,1.00743,1.00758,2.63,1.50
2012.06.15 18:40:23.820,1.00739,1.00754,1.50,1.50
2012.06.15 18:40:23.891,1.00736,1.00754,1.50,4.50
2012.06.15 18:40:24.042,1.00734,1.00749,2.63,1.50
2012.06.15 18:40:24.401,1.00734,1.00749,1.50,1.50
2012.06.15 18:40:24.945,1.00733,1.00749,1.58,1.50
2012.06.15 18:40:25.781,1.00734,1.00749,1.50,1.50
2012.06.15 18:40:27.295,1.00734,1.0075,2.25,2.25
2012.06.15 18:40:27.428,1.00735,1.0075,1.50,2.25
2012.06.15 18:40:27.899,1.00738,1.0075,1.50,2.25
2012.06.15 18:40:27.971,1.0074,1.00751,1.13,1.50
2012.06.15 18:40:28.049,1.00742,1.00756,1.13,3.19
2012.06.15 18:40:28.178,1.00742,1.00758,1.13,1.69
2012.06.15 18:40:28.878,1.00741,1.00758,1.13,4.29
2012.06.15 18:40:29.378,1.00741,1.00757,1.13,1.54
2012.06.15 18:40:29.885,1.00741,1.00757,1.13,3.19
2012.06.15 18:40:30.465,1.0074,1.00758,1.50,1.92
2012.06.15 18:40:30.607,1.0074,1.00758,1.50,2.97
2012.06.15 18:40:31.125,1.00739,1.00756,1.88,2.25
2012.06.15 18:40:36.694,1.00739,1.00756,1.13,2.25
2012.06.15 18:40:38.147,1.00737,1.0075,1.88,1.50
2012.06.15 18:40:38.293,1.00735,1.00747,1.50,1.50
2012.06.15 18:40:38.369,1.00731,1.00744,3.45,1.50
2012.06.15 18:40:38.874,1.00731,1.00744,2.63,1.50
2012.06.15 18:40:39.568,1.0073,1.00744,2.63,1.50
2012.06.15 18:40:39.713,1.00731,1.00744,1.88,1.50
2012.06.15 18:40:39.850,1.00728,1.00744,3.75,1.50
2012.06.15 18:40:40.368,1.00728,1.00744,1.50,1.50
2012.06.15 18:40:41.436,1.00728,1.00744,2.25,1.50
2012.06.15 18:40:41.511,1.00728,1.00746,2.25,1.69
2012.06.15 18:40:41.650,1.00728,1.00744,2.25,1.50
2012.06.15 18:40:41.789,1.00728,1.00744,2.25,1.50
2012.06.15 18:40:42.846,1.00728,1.00744,2.25,1.50
2012.06.15 18:40:43.187,1.00729,1.00746,1.50,2.25
2012.06.15 18:40:43.318,1.00732,1.00746,1.13,3.00
2012.06.15 18:40:43.388,1.00732,1.00746,1.88,3.00
2012.06.15 18:40:43.946,1.00733,1.00749,1.50,1.50
2012.06.15 18:40:44.790,1.00728,1.00743,1.50,2.25
2012.06.15 18:40:44.856,1.00727,1.00738,3.75,1.50
2012.06.15 18:40:45.048,1.00724,1.00738,3.38,1.50
2012.06.15 18:40:45.238,1.00724,1.00738,3.38,1.50
2012.06.15 18:40:49.625,1.00723,1.00738,2.63,1.50
2012.06.15 18:40:50.128,1.00722,1.00738,1.50,1.50
2012.06.15 18:40:52.175,1.00722,1.00739,1.50,3.00
2012.06.15 18:40:52.876,1.00722,1.00736,2.25,1.50
2012.06.15 18:40:55.290,1.00722,1.00737,2.25,2.25
2012.06.15 18:40:55.640,1.00722,1.00738,2.25,2.10
2012.06.15 18:40:59.232,1.00723,1.00741,1.13,3.38
2012.06.15 18:40:59.731,1.00725,1.00742,1.50,3.00
