2012.06.01 12:00:00.179,0.96434,0.96447,1.50,2.25
2012.06.01 12:00:00.422,0.96434,0.96445,1.50,1.13
2012.06.01 12:00:00.772,0.96431,0.96443,1.50,3.00
2012.06.01 12:00:01.504,0.96433,0.96443,1.50,2.25
2012.06.01 12:00:02.018,0.96442,0.96448,1.50,1.50
2012.06.01 12:00:02.096,0.96442,0.96453,1.50,4.13
2012.06.01 12:00:02.172,0.96442,0.96453,1.50,4.13
2012.06.01 12:00:05.483,0.96439,0.96452,2.63,2.25
2012.06.01 12:00:05.621,0.96439,0.96451,2.63,2.25
2012.06.01 12:00:05.973,0.96437,0.96449,3.00,3.38
2012.06.01 12:00:06.550,0.96434,0.96448,3.00,1.50
2012.06.01 12:00:10.598,0.96435,0.96449,3.00,3.38
2012.06.01 12:00:11.605,0.96435,0.96449,2.25,4.13
2012.06.01 12:00:12.251,0.96435,0.96449,1.86,3.38
2012.06.01 12:00:12.605,0.96439,0.96449,1.73,2.25
2012.06.01 12:00:12.684,0.96439,0.96452,1.73,1.50
2012.06.01 12:00:12.763,0.96441,0.96454,3.00,3.38
2012.06.01 12:00:13.025,0.96442,0.96456,3.38,1.50
2012.06.01 12:00:13.293,0.96444,0.96458,1.50,3.38
2012.06.01 12:00:13.810,0.96444,0.96458,3.00,2.63
2012.06.01 12:00:14.380,0.96445,0.96458,3.00,2.63
2012.06.01 12:00:14.901,0.96446,0.96458,2.25,1.13
2012.06.01 12:00:15.645,0.96446,0.96459,2.25,4.13
2012.06.01 12:00:16.200,0.96445,0.96458,2.25,1.88
2012.06.01 12:00:16.971,0.96445,0.96458,2.25,1.88
2012.06.01 12:00:17.304,0.96446,0.96461,1.88,2.25
2012.06.01 12:00:17.861,0.96446,0.96461,3.38,2.25
2012.06.01 12:00:19.492,0.96448,0.96463,2.25,3.00
2012.06.01 12:00:19.560,0.96447,0.96463,3.75,2.25
2012.06.01 12:00:19.629,0.9645,0.96463,3.00,2.25
2012.06.01 12:00:20.138,0.96451,0.96465,1.13,1.50
2012.06.01 12:00:20.471,0.96453,0.96466,3.00,2.33
2012.06.01 12:00:22.241,0.96453,0.96464,2.25,1.13
2012.06.01 12:00:22.749,0.96451,0.96463,1.50,2.25
2012.06.01 12:00:23.101,0.9645,0.96463,3.00,2.25
2012.06.01 12:00:23.638,0.9645,0.96463,1.50,4.50
2012.06.01 12:00:24.767,0.9645,0.96463,1.50,3.75
2012.06.01 12:00:28.589,0.9645,0.96462,1.50,1.50
2012.06.01 12:00:29.148,0.96447,0.96461,5.25,3.75
2012.06.01 12:00:30.348,0.96447,0.96461,5.25,2.25
2012.06.01 12:00:30.899,0.96447,0.96461,5.25,3.10
2012.06.01 12:00:32.801,0.96447,0.96461,3.75,3.85
2012.06.01 12:00:33.315,0.96447,0.96461,3.75,1.60
2012.06.01 12:00:33.394,0.96449,0.96463,2.25,5.35
2012.06.01 12:00:33.740,0.96451,0.96463,2.25,3.00
2012.06.01 12:00:36.352,0.96453,0.96465,1.50,2.25
2012.06.01 12:00:36.868,0.96453,0.96466,3.00,2.25
2012.06.01 12:00:37.332,0.96452,0.96463,2.25,2.63
2012.06.01 12:00:37.891,0.9645,0.96463,1.50,4.13
2012.06.01 12:00:38.398,0.96449,0.96463,3.00,4.13
2012.06.01 12:00:39.110,0.96449,0.96463,3.75,4.13
2012.06.01 12:00:39.583,0.96452,0.96466,1.88,3.00
2012.06.01 12:00:40.082,0.96452,0.96466,3.38,2.25
2012.06.01 12:00:43.138,0.96455,0.96469,1.50,5.35
2012.06.01 12:00:43.560,0.96458,0.96471,1.50,2.25
2012.06.01 12:00:44.112,0.96458,0.96469,1.50,1.50
2012.06.01 12:00:44.622,0.96459,0.96469,1.50,1.50
2012.06.01 12:00:44.890,0.96459,0.96471,1.50,2.25
2012.06.01 12:00:45.291,0.96459,0.96469,1.50,1.50
2012.06.01 12:00:45.850,0.96459,0.96471,1.50,2.25
2012.06.01 12:00:46.812,0.9646,0.96473,1.88,5.63
2012.06.01 12:00:47.200,0.96459,0.9647,2.25,1.50
2012.06.01 12:00:47.710,0.96459,0.96469,1.50,1.50
2012.06.01 12:00:48.269,0.96459,0.9647,1.50,1.50
2012.06.01 12:00:49.189,0.96459,0.9647,1.50,1.50
2012.06.01 12:00:49.689,0.96459,0.96469,1.50,1.50
2012.06.01 12:00:50.427,0.96457,0.96468,1.50,1.13
2012.06.01 12:00:50.712,0.96455,0.96466,1.13,1.50
2012.06.01 12:00:53.199,0.96454,0.96466,1.50,1.50
2012.06.01 12:00:53.341,0.96454,0.96468,1.50,3.38
2012.06.01 12:00:53.952,0.96454,0.96466,1.50,1.50
2012.06.01 12:00:55.859,0.96454,0.96468,1.50,3.38
2012.06.01 12:00:56.417,0.96453,0.96467,2.25,1.50
2012.06.01 12:00:57.879,0.96454,0.96467,1.13,1.50
2012.06.01 12:00:57.952,0.96456,0.96466,1.88,1.50
2012.06.01 12:00:58.221,0.96456,0.9647,6.38,2.25
2012.06.01 12:00:59.498,0.96457,0.9647,1.50,2.25
2012.06.01 12:01:00.019,0.96457,0.9647,1.50,1.50
2012.06.01 12:01:00.570,0.96458,0.9647,1.50,1.50
2012.06.01 12:01:00.900,0.96458,0.96473,2.25,3.00
2012.06.01 12:01:01.288,0.96458,0.96471,2.25,1.50
2012.06.01 12:01:02.100,0.96458,0.96473,2.25,2.25
2012.06.01 12:01:02.314,0.96458,0.96473,2.25,2.25
2012.06.01 12:01:04.019,0.96459,0.96472,1.50,1.50
2012.06.01 12:01:04.591,0.96461,0.96474,2.25,4.13
2012.06.01 12:01:04.930,0.96462,0.96477,1.50,3.38
2012.06.01 12:01:05.182,0.96462,0.96473,3.00,1.13
2012.06.01 12:01:05.250,0.96462,0.96473,2.25,1.88
2012.06.01 12:01:05.791,0.9646,0.96473,2.25,4.88
2012.06.01 12:01:07.860,0.96461,0.96473,2.25,4.13
2012.06.01 12:01:15.572,0.96461,0.96473,2.25,4.13
2012.06.01 12:01:16.981,0.96459,0.96473,3.75,4.13
2012.06.01 12:01:17.170,0.96466,0.96473,1.13,3.00
2012.06.01 12:01:17.382,0.96467,0.96478,3.75,1.84
2012.06.01 12:01:17.580,0.96467,0.96478,4.50,1.84
2012.06.01 12:01:19.593,0.96463,0.96476,1.50,1.50
2012.06.01 12:01:20.133,0.96463,0.96477,3.00,1.50
2012.06.01 12:01:20.650,0.96465,0.96477,1.50,1.50
2012.06.01 12:01:23.797,0.96466,0.96479,2.25,1.88
2012.06.01 12:01:25.846,0.96465,0.96478,3.00,1.50
2012.06.01 12:01:26.679,0.96465,0.96478,1.50,1.60
2012.06.01 12:01:27.388,0.96464,0.96478,2.25,3.10
2012.06.01 12:01:27.459,0.96461,0.96474,7.13,1.13
2012.06.01 12:01:27.600,0.96461,0.96474,2.25,3.38
2012.06.01 12:01:28.492,0.9646,0.96474,1.50,4.88
2012.06.01 12:01:28.565,0.9646,0.96472,1.50,1.50
2012.06.01 12:01:29.210,0.9646,0.96474,2.25,7.47
2012.06.01 12:01:30.280,0.96459,0.96473,3.00,3.00
2012.06.01 12:01:30.637,0.96456,0.96464,2.25,1.50
2012.06.01 12:01:30.720,0.96456,0.96463,2.25,1.50
2012.06.01 12:01:30.800,0.96453,0.96463,2.25,1.50
2012.06.01 12:01:31.361,0.96453,0.96463,3.00,1.50
2012.06.01 12:01:31.512,0.96453,0.96464,1.50,2.25
2012.06.01 12:01:31.883,0.96457,0.96466,1.88,2.25
2012.06.01 12:01:31.960,0.96457,0.96468,1.88,1.50
2012.06.01 12:01:32.034,0.96454,0.96468,2.25,2.63
2012.06.01 12:01:34.662,0.96454,0.96464,1.50,1.13
2012.06.01 12:01:34.887,0.96452,0.96464,3.00,1.13
2012.06.01 12:01:35.174,0.9645,0.96463,1.65,2.25
2012.06.01 12:01:35.768,0.96449,0.96459,1.65,1.88
2012.06.01 12:01:35.854,0.96446,0.96457,1.50,1.50
2012.06.01 12:01:36.400,0.96444,0.96457,2.25,1.50
2012.06.01 12:01:38.352,0.96445,0.96458,1.50,2.25
2012.06.01 12:01:38.906,0.96447,0.9646,3.00,3.00
2012.06.01 12:01:38.989,0.96447,0.9646,4.50,1.50
2012.06.01 12:01:40.680,0.96448,0.9646,1.50,1.50
2012.06.01 12:01:41.011,0.96447,0.96458,4.50,1.88
2012.06.01 12:01:41.523,0.96445,0.96458,2.25,1.88
2012.06.01 12:01:43.017,0.96445,0.96453,1.50,1.13
2012.06.01 12:01:43.097,0.96439,0.96452,1.50,1.13
2012.06.01 12:01:43.241,0.96438,0.9645,1.50,1.50
2012.06.01 12:01:43.580,0.96438,0.96452,3.00,4.88
2012.06.01 12:01:44.323,0.96438,0.96452,2.25,5.59
2012.06.01 12:01:47.042,0.96439,0.96452,1.50,3.00
2012.06.01 12:01:47.601,0.96439,0.96453,3.00,2.25
2012.06.01 12:01:50.439,0.96439,0.96452,1.50,2.63
2012.06.01 12:01:50.711,0.96438,0.96449,3.00,1.13
2012.06.01 12:01:50.980,0.96434,0.96449,3.98,2.63
2012.06.01 12:01:56.840,0.96437,0.96449,1.50,1.13
2012.06.01 12:01:57.041,0.96438,0.96452,2.25,4.13
2012.06.01 12:01:57.568,0.96439,0.96451,2.25,1.50
2012.06.01 12:01:58.078,0.96439,0.96452,1.50,2.63
2012.06.01 12:01:58.580,0.96439,0.96452,3.00,2.63
2012.06.01 12:01:58.650,0.96439,0.96452,3.75,1.88
2012.06.01 12:01:58.720,0.96442,0.96452,1.50,1.88
2012.06.01 12:01:59.161,0.96444,0.96452,1.50,1.13
2012.06.01 12:01:59.240,0.96449,0.96459,1.50,3.60
2012.06.01 12:01:59.312,0.96449,0.96461,2.25,3.20
2012.06.01 12:01:59.381,0.96449,0.96462,2.25,3.00
2012.06.01 12:01:59.940,0.96449,0.96463,1.50,4.13
2012.06.01 12:02:01.542,0.96449,0.96463,3.00,2.63
2012.06.01 12:02:01.870,0.96452,0.96464,2.25,5.63
2012.06.01 12:02:02.212,0.96452,0.96464,1.50,4.13
2012.06.01 12:02:02.422,0.96452,0.96467,2.63,3.00
2012.06.01 12:02:02.939,0.96454,0.96468,3.00,1.88
2012.06.01 12:02:03.800,0.96454,0.96468,3.00,1.88
2012.06.01 12:02:04.442,0.96454,0.96467,1.50,2.25
2012.06.01 12:02:05.852,0.96454,0.96467,1.50,2.25
2012.06.01 12:02:06.300,0.96457,0.9647,4.88,3.00
2012.06.01 12:02:06.640,0.9646,0.9647,1.50,1.50
2012.06.01 12:02:06.996,0.96462,0.96472,1.50,1.50
2012.06.01 12:02:07.146,0.96465,0.96477,1.50,2.25
2012.06.01 12:02:07.676,0.96465,0.96477,3.75,1.50
2012.06.01 12:02:11.266,0.96464,0.96473,1.50,1.50
2012.06.01 12:02:11.415,0.96461,0.96473,1.50,2.25
2012.06.01 12:02:11.903,0.96459,0.96472,1.50,4.35
2012.06.01 12:02:12.394,0.96458,0.96471,1.50,1.13
2012.06.01 12:02:12.751,0.96455,0.96467,2.25,1.50
2012.06.01 12:02:13.275,0.96455,0.96468,2.25,1.50
2012.06.01 12:02:15.504,0.96455,0.96469,3.75,3.38
2012.06.01 12:02:16.481,0.96455,0.96469,3.75,3.38
2012.06.01 12:02:17.112,0.96457,0.96469,1.50,1.88
2012.06.01 12:02:17.912,0.96457,0.96469,1.50,1.88
2012.06.01 12:02:18.459,0.96457,0.96469,1.50,2.63
2012.06.01 12:02:23.461,0.96456,0.96469,1.50,3.38
2012.06.01 12:02:25.469,0.96455,0.96468,2.25,1.50
2012.06.01 12:02:26.432,0.96455,0.96468,2.25,1.50
2012.06.01 12:02:27.012,0.96455,0.96468,2.25,1.50
2012.06.01 12:02:27.612,0.96455,0.96469,3.75,3.38
2012.06.01 12:02:28.381,0.96455,0.96469,3.75,2.63
2012.06.01 12:02:29.990,0.96456,0.96469,3.00,1.13
2012.06.01 12:02:31.103,0.96459,0.96469,1.13,1.13
2012.06.01 12:02:31.459,0.96465,0.96474,1.50,3.38
2012.06.01 12:02:31.952,0.96466,0.96478,1.50,1.50
2012.06.01 12:02:32.512,0.96465,0.96478,1.50,1.71
2012.06.01 12:02:33.245,0.96466,0.96478,2.25,1.50
2012.06.01 12:02:33.824,0.96466,0.96479,2.25,2.63
2012.06.01 12:02:36.989,0.96466,0.96478,2.25,1.50
2012.06.01 12:02:39.472,0.96466,0.96479,1.50,2.63
2012.06.01 12:02:39.986,0.96466,0.96478,1.50,1.50
2012.06.01 12:02:41.051,0.96466,0.96479,1.50,2.63
2012.06.01 12:02:41.606,0.96466,0.96478,1.50,1.50
2012.06.01 12:02:42.159,0.96466,0.96478,1.50,2.25
2012.06.01 12:02:42.989,0.96466,0.96479,1.50,4.88
2012.06.01 12:02:45.279,0.96466,0.96479,3.00,3.38
2012.06.01 12:02:46.573,0.96463,0.96473,2.25,2.25
2012.06.01 12:02:47.354,0.96461,0.96473,2.25,2.25
2012.06.01 12:02:50.144,0.96462,0.96473,2.25,4.32
2012.06.01 12:02:50.225,0.9646,0.96471,1.50,1.13
2012.06.01 12:02:50.431,0.9646,0.96468,1.50,1.13
2012.06.01 12:02:50.503,0.96457,0.96468,3.75,1.13
2012.06.01 12:02:51.021,0.96454,0.96468,3.38,1.88
2012.06.01 12:02:53.982,0.96454,0.96463,1.20,3.00
2012.06.01 12:02:54.338,0.9645,0.96463,2.25,5.10
2012.06.01 12:02:54.418,0.96449,0.96463,4.50,5.10
2012.06.01 12:02:54.776,0.96448,0.96455,1.13,1.13
2012.06.01 12:02:55.482,0.96444,0.96453,2.25,1.88
2012.06.01 12:02:55.690,0.96444,0.96451,1.50,1.50
2012.06.01 12:02:55.762,0.96444,0.96453,1.50,2.63
2012.06.01 12:02:56.263,0.96442,0.96453,1.50,2.63
2012.06.01 12:02:56.545,0.96442,0.96455,2.63,2.25
2012.06.01 12:02:56.834,0.96443,0.96458,3.75,1.88
2012.06.01 12:02:56.975,0.96444,0.96458,1.50,1.88
2012.06.01 12:02:57.175,0.96447,0.96459,1.13,5.63
2012.06.01 12:02:57.534,0.96447,0.96459,4.88,2.25
2012.06.01 12:02:58.024,0.96454,0.96463,1.50,2.25
2012.06.01 12:02:58.579,0.96454,0.96464,2.25,1.50
2012.06.01 12:02:58.658,0.96455,0.96468,1.50,2.25
2012.06.01 12:02:59.232,0.96454,0.96467,1.50,2.25
2012.06.01 12:03:04.262,0.96452,0.96468,3.75,2.25
2012.06.01 12:03:04.794,0.96453,0.96463,1.50,2.25
2012.06.01 12:03:05.619,0.96451,0.96463,1.50,3.75
2012.06.01 12:03:05.901,0.96452,0.96463,1.50,2.25
2012.06.01 12:03:06.179,0.96453,0.96467,3.75,2.63
2012.06.01 12:03:08.172,0.96453,0.96464,3.75,1.13
2012.06.01 12:03:08.242,0.96453,0.96464,3.00,1.13
2012.06.01 12:03:09.025,0.96451,0.96462,2.25,1.50
2012.06.01 12:03:09.382,0.96449,0.9646,1.50,2.25
2012.06.01 12:03:09.521,0.96445,0.96457,1.88,1.50
2012.06.01 12:03:09.981,0.96443,0.96457,3.00,1.50
2012.06.01 12:03:10.632,0.96443,0.96457,3.75,1.50
2012.06.01 12:03:11.483,0.96443,0.96454,3.00,3.38
2012.06.01 12:03:11.958,0.96441,0.96454,3.75,4.13
2012.06.01 12:03:14.017,0.96441,0.96455,3.38,2.25
2012.06.01 12:03:14.093,0.96444,0.96455,1.50,1.50
2012.06.01 12:03:14.611,0.96444,0.96457,3.00,1.50
2012.06.01 12:03:14.871,0.96445,0.96457,2.25,1.50
2012.06.01 12:03:15.381,0.96445,0.96455,2.25,1.50
2012.06.01 12:03:15.571,0.96444,0.96453,1.50,2.25
2012.06.01 12:03:15.922,0.96445,0.96456,1.50,1.50
2012.06.01 12:03:16.061,0.96446,0.96458,1.50,1.50
2012.06.01 12:03:16.189,0.96446,0.96458,1.50,1.50
2012.06.01 12:03:16.908,0.96445,0.96458,1.50,1.50
2012.06.01 12:03:17.621,0.96445,0.96453,1.50,1.13
2012.06.01 12:03:17.691,0.96443,0.96453,3.75,1.88
2012.06.01 12:03:18.110,0.96442,0.96453,1.50,1.88
2012.06.01 12:03:18.937,0.96443,0.96453,2.25,1.88
2012.06.01 12:03:19.021,0.96447,0.96453,1.50,1.88
2012.06.01 12:03:19.166,0.96448,0.96456,1.50,1.13
2012.06.01 12:03:19.627,0.96448,0.96461,1.50,3.72
2012.06.01 12:03:20.683,0.96448,0.96456,1.50,1.13
2012.06.01 12:03:20.964,0.96442,0.96453,1.50,3.00
2012.06.01 12:03:21.170,0.96442,0.96453,1.50,3.00
2012.06.01 12:03:21.559,0.96442,0.96453,1.50,3.00
2012.06.01 12:03:22.200,0.96444,0.96453,1.50,2.25
2012.06.01 12:03:22.274,0.96444,0.96456,2.25,2.25
2012.06.01 12:03:22.800,0.96444,0.96458,2.25,2.63
2012.06.01 12:03:24.163,0.96444,0.96455,2.25,1.13
2012.06.01 12:03:24.251,0.96443,0.96455,2.25,1.88
2012.06.01 12:03:25.690,0.96443,0.96454,1.50,2.25
2012.06.01 12:03:26.010,0.96444,0.96458,3.00,4.13
2012.06.01 12:03:28.951,0.96444,0.96456,2.25,2.25
2012.06.01 12:03:29.306,0.96446,0.96453,1.13,3.00
2012.06.01 12:03:29.453,0.96447,0.96457,2.25,1.50
2012.06.01 12:03:29.865,0.96446,0.96458,2.63,4.50
2012.06.01 12:03:30.368,0.96445,0.96458,2.63,2.63
2012.06.01 12:03:30.785,0.96443,0.96457,3.00,3.00
2012.06.01 12:03:31.413,0.96443,0.96453,1.50,2.25
2012.06.01 12:03:31.694,0.96442,0.96453,1.50,3.00
2012.06.01 12:03:32.885,0.96437,0.96446,2.25,1.50
2012.06.01 12:03:33.390,0.96437,0.96448,2.25,3.60
2012.06.01 12:03:35.202,0.96437,0.96444,2.25,1.13
2012.06.01 12:03:35.671,0.96431,0.96444,1.50,4.13
2012.06.01 12:03:37.110,0.96429,0.96437,1.50,1.50
2012.06.01 12:03:37.197,0.96423,0.96434,3.42,3.00
2012.06.01 12:03:37.715,0.96422,0.96434,1.62,3.00
2012.06.01 12:03:43.523,0.96422,0.96436,3.60,3.00
2012.06.01 12:03:44.460,0.96424,0.96436,1.50,1.50
2012.06.01 12:03:45.103,0.96424,0.96437,1.50,1.50
2012.06.01 12:03:46.003,0.96424,0.96437,1.50,1.50
2012.06.01 12:03:46.541,0.96424,0.96437,2.25,1.50
2012.06.01 12:03:48.630,0.96424,0.96438,2.25,3.00
2012.06.01 12:03:48.959,0.96425,0.96438,1.50,2.25
2012.06.01 12:03:49.313,0.96425,0.96437,2.25,1.71
2012.06.01 12:03:49.924,0.96424,0.96438,2.70,1.71
2012.06.01 12:03:53.868,0.96424,0.96439,2.25,4.88
2012.06.01 12:03:54.428,0.96424,0.96439,2.25,4.13
2012.06.01 12:03:54.940,0.96423,0.96437,3.00,2.63
2012.06.01 12:03:55.012,0.96423,0.96433,3.00,2.25
2012.06.01 12:03:55.583,0.96421,0.96433,3.75,3.00
2012.06.01 12:03:56.171,0.96421,0.96433,3.75,3.00
2012.06.01 12:03:57.347,0.96423,0.96436,1.50,1.50
2012.06.01 12:03:57.703,0.96426,0.96438,1.50,1.50
2012.06.01 12:03:58.193,0.96425,0.96439,3.00,5.63
2012.06.01 12:04:01.343,0.96426,0.96437,1.50,3.00
2012.06.01 12:04:01.890,0.96425,0.96437,1.50,3.00
2012.06.01 12:04:02.200,0.96426,0.96437,1.50,3.00
2012.06.01 12:04:03.010,0.96426,0.96437,1.50,3.00
2012.06.01 12:04:03.559,0.96423,0.96437,4.50,3.00
2012.06.01 12:04:03.633,0.96426,0.96437,1.50,3.00
2012.06.01 12:04:03.762,0.96424,0.96437,1.50,3.00
2012.06.01 12:04:04.031,0.96424,0.96434,1.50,1.13
2012.06.01 12:04:04.104,0.96423,0.96433,3.00,3.00
2012.06.01 12:04:04.844,0.96422,0.96433,1.50,3.00
2012.06.01 12:04:04.920,0.96421,0.96432,1.50,1.50
2012.06.01 12:04:05.565,0.96423,0.96433,1.50,5.25
2012.06.01 12:04:06.098,0.96422,0.96433,1.50,5.25
2012.06.01 12:04:06.644,0.96422,0.96433,1.50,6.38
2012.06.01 12:04:07.490,0.96422,0.96433,1.50,6.38
2012.06.01 12:04:08.182,0.96422,0.96433,1.50,6.38
2012.06.01 12:04:08.319,0.96417,0.96433,2.85,7.13
2012.06.01 12:04:08.859,0.96418,0.96433,2.10,7.88
2012.06.01 12:04:09.173,0.9642,0.96433,3.53,4.88
2012.06.01 12:04:09.393,0.96422,0.96435,4.13,1.50
2012.06.01 12:04:09.909,0.96422,0.96435,2.63,1.50
2012.06.01 12:04:11.492,0.96423,0.96437,1.50,2.25
2012.06.01 12:04:11.820,0.96425,0.96437,1.50,2.25
2012.06.01 12:04:12.932,0.96426,0.96438,1.50,4.13
2012.06.01 12:04:17.961,0.96424,0.96438,1.50,2.63
2012.06.01 12:04:18.610,0.96424,0.96438,2.25,2.63
2012.06.01 12:04:20.446,0.96426,0.96438,1.50,2.63
2012.06.01 12:04:21.059,0.96426,0.96438,1.50,2.63
2012.06.01 12:04:25.490,0.96428,0.9644,1.50,3.00
2012.06.01 12:04:25.633,0.9643,0.96441,1.50,1.88
2012.06.01 12:04:25.705,0.96432,0.96442,1.50,2.63
2012.06.01 12:04:26.147,0.96435,0.96447,1.50,3.38
2012.06.01 12:04:26.691,0.96437,0.96448,1.50,1.88
2012.06.01 12:04:27.234,0.96438,0.96448,1.50,1.88
2012.06.01 12:04:27.493,0.96436,0.96448,1.50,1.88
2012.06.01 12:04:29.587,0.96435,0.96448,2.25,1.88
2012.06.01 12:04:30.810,0.96436,0.96448,1.50,1.88
2012.06.01 12:04:33.216,0.96435,0.96448,2.25,1.88
2012.06.01 12:04:40.370,0.96434,0.96448,2.25,2.63
2012.06.01 12:04:40.572,0.96436,0.96448,1.50,2.63
2012.06.01 12:04:41.168,0.96433,0.96443,2.25,1.88
2012.06.01 12:04:41.252,0.96432,0.96443,2.25,4.13
2012.06.01 12:04:41.536,0.96431,0.96442,1.88,1.35
2012.06.01 12:04:41.759,0.96431,0.96442,1.50,1.35
2012.06.01 12:04:41.975,0.96431,0.96442,1.50,2.10
2012.06.01 12:04:42.964,0.9643,0.96442,1.50,1.35
2012.06.01 12:04:43.104,0.96429,0.96439,1.50,1.13
2012.06.01 12:04:43.244,0.96427,0.96439,4.50,2.63
2012.06.01 12:04:44.712,0.96426,0.96438,2.46,2.25
2012.06.01 12:04:45.820,0.96426,0.96438,2.46,1.50
2012.06.01 12:04:46.612,0.96426,0.96438,2.25,1.50
2012.06.01 12:04:47.513,0.96426,0.96438,2.25,1.50
2012.06.01 12:04:48.061,0.96426,0.96438,1.50,1.50
2012.06.01 12:04:48.693,0.96426,0.96438,1.50,1.88
2012.06.01 12:04:49.033,0.96424,0.96438,1.50,3.75
2012.06.01 12:04:49.694,0.96425,0.96439,3.75,5.63
2012.06.01 12:04:50.360,0.96425,0.96439,2.25,7.13
2012.06.01 12:04:51.308,0.96424,0.96433,2.25,1.88
2012.06.01 12:04:52.203,0.96424,0.96433,1.50,1.88
2012.06.01 12:04:54.759,0.96425,0.96433,1.50,1.88
2012.06.01 12:04:55.599,0.96426,0.96434,1.50,3.00
2012.06.01 12:04:55.676,0.96426,0.96439,3.00,5.25
2012.06.01 12:04:56.321,0.96426,0.96439,1.50,4.88
2012.06.01 12:04:56.651,0.96428,0.96441,1.50,3.00
2012.06.01 12:04:56.792,0.96427,0.96438,2.25,1.88
2012.06.01 12:04:57.320,0.96427,0.96438,1.50,1.88
2012.06.01 12:04:58.441,0.96427,0.96438,2.25,1.88
2012.06.01 12:04:59.631,0.96427,0.96438,1.50,1.88
2012.06.01 12:05:00.006,0.96429,0.96441,1.50,4.50
2012.06.01 12:05:00.084,0.9643,0.96441,1.50,1.50
2012.06.01 12:05:00.225,0.96431,0.96443,1.50,2.63
2012.06.01 12:05:00.912,0.96432,0.96443,2.25,1.88
2012.06.01 12:05:01.287,0.96435,0.96447,1.50,1.50
2012.06.01 12:05:01.611,0.96435,0.96448,3.00,1.88
2012.06.01 12:05:02.450,0.96435,0.96448,3.00,1.88
2012.06.01 12:05:05.560,0.96433,0.96447,5.25,3.00
2012.06.01 12:05:05.811,0.96435,0.96448,2.25,2.63
2012.06.01 12:05:06.353,0.96433,0.96447,4.50,1.50
2012.06.01 12:05:06.680,0.96433,0.96447,4.50,1.50
2012.06.01 12:05:07.189,0.96433,0.96447,3.75,1.50
2012.06.01 12:05:07.660,0.96433,0.96444,3.75,1.13
2012.06.01 12:05:08.002,0.96432,0.96444,1.50,4.13
2012.06.01 12:05:08.510,0.96431,0.96444,3.00,4.13
2012.06.01 12:05:08.581,0.96431,0.96444,3.00,4.13
2012.06.01 12:05:08.891,0.96431,0.96444,3.75,4.13
2012.06.01 12:05:11.062,0.96431,0.96444,2.25,4.88
2012.06.01 12:05:11.333,0.9643,0.96443,1.50,1.50
2012.06.01 12:05:11.599,0.96428,0.96442,3.00,3.00
2012.06.01 12:05:12.121,0.96428,0.96441,1.50,1.50
2012.06.01 12:05:12.760,0.96428,0.96442,4.50,2.25
2012.06.01 12:05:13.271,0.96428,0.96442,2.25,2.25
2012.06.01 12:05:13.992,0.96427,0.96434,2.25,1.50
2012.06.01 12:05:14.345,0.96424,0.96429,1.20,1.50
2012.06.01 12:05:14.567,0.96424,0.96429,1.20,5.63
2012.06.01 12:05:14.785,0.96419,0.96427,1.50,1.50
2012.06.01 12:05:14.867,0.96416,0.96427,1.50,1.50
2012.06.01 12:05:15.423,0.96416,0.96427,1.50,1.50
2012.06.01 12:05:15.625,0.96414,0.96427,1.50,1.50
2012.06.01 12:05:16.269,0.96414,0.96425,1.50,1.50
2012.06.01 12:05:16.823,0.96413,0.96426,2.25,1.50
2012.06.01 12:05:17.414,0.96416,0.96426,1.50,1.50
2012.06.01 12:05:17.778,0.96427,0.96431,2.25,1.50
2012.06.01 12:05:18.000,0.96428,0.96439,1.50,4.13
2012.06.01 12:05:18.077,0.96427,0.96439,3.75,2.63
2012.06.01 12:05:18.604,0.96428,0.96439,1.50,1.88
2012.06.01 12:05:19.131,0.96426,0.96438,2.25,2.25
2012.06.01 12:05:19.643,0.96426,0.96438,2.25,2.25
2012.06.01 12:05:20.203,0.96426,0.96438,2.25,2.25
2012.06.01 12:05:21.290,0.96426,0.96439,2.25,3.38
2012.06.01 12:05:22.164,0.96426,0.96439,1.50,3.38
2012.06.01 12:05:24.822,0.96425,0.96438,2.25,2.25
2012.06.01 12:05:25.479,0.96425,0.96438,1.50,2.25
2012.06.01 12:05:26.044,0.96426,0.96439,2.25,3.38
2012.06.01 12:05:27.568,0.96426,0.96438,2.25,1.50
2012.06.01 12:05:28.115,0.96427,0.9644,2.63,1.50
2012.06.01 12:05:28.197,0.96428,0.9644,1.50,1.88
2012.06.01 12:05:28.418,0.96422,0.96433,2.70,2.63
2012.06.01 12:05:28.499,0.96422,0.96433,2.25,3.60
2012.06.01 12:05:28.853,0.96421,0.9643,1.50,1.50
2012.06.01 12:05:28.927,0.96417,0.96429,3.38,1.50
2012.06.01 12:05:29.498,0.96415,0.96428,1.50,1.50
2012.06.01 12:05:30.412,0.96417,0.96429,1.50,2.63
2012.06.01 12:05:30.698,0.96418,0.96431,3.00,1.50
2012.06.01 12:05:30.833,0.96418,0.96431,3.00,1.50
2012.06.01 12:05:30.972,0.96418,0.96432,3.75,4.50
2012.06.01 12:05:31.480,0.96419,0.96432,1.50,1.50
2012.06.01 12:05:32.059,0.96419,0.96432,1.50,1.50
2012.06.01 12:05:32.276,0.96418,0.96431,2.25,2.63
2012.06.01 12:05:32.493,0.96417,0.96429,5.25,1.88
2012.06.01 12:05:32.848,0.9642,0.9643,3.00,2.25
2012.06.01 12:05:32.925,0.96422,0.96432,1.50,1.50
2012.06.01 12:05:33.624,0.96423,0.96437,3.00,3.00
2012.06.01 12:05:33.710,0.96424,0.96436,1.50,1.50
2012.06.01 12:05:33.923,0.96423,0.96435,1.50,1.50
2012.06.01 12:05:34.134,0.96422,0.96433,1.50,1.88
2012.06.01 12:05:34.505,0.96418,0.96429,2.25,1.13
2012.06.01 12:05:34.855,0.96415,0.96427,1.50,1.50
2012.06.01 12:05:35.352,0.96414,0.96428,1.50,4.88
2012.06.01 12:05:35.425,0.96414,0.96425,1.50,2.10
2012.06.01 12:05:35.917,0.96414,0.96422,1.50,2.25
2012.06.01 12:05:36.001,0.96411,0.96422,1.50,2.63
2012.06.01 12:05:36.075,0.96411,0.96422,1.50,1.50
2012.06.01 12:05:36.571,0.96414,0.96424,2.25,3.75
2012.06.01 12:05:36.643,0.96414,0.96427,2.25,2.25
2012.06.01 12:05:36.982,0.96414,0.96427,2.25,2.25
2012.06.01 12:05:37.533,0.96417,0.96428,2.25,3.38
2012.06.01 12:05:37.876,0.96418,0.96431,3.00,3.75
2012.06.01 12:05:38.022,0.96419,0.96431,2.25,1.50
2012.06.01 12:05:38.701,0.9642,0.96433,2.25,3.75
2012.06.01 12:05:38.786,0.96421,0.96433,2.25,2.25
2012.06.01 12:05:39.403,0.96422,0.96433,2.25,2.25
2012.06.01 12:05:39.613,0.96427,0.96437,3.00,1.50
2012.06.01 12:05:39.754,0.96428,0.96437,2.25,1.13
2012.06.01 12:05:40.240,0.96424,0.96437,1.50,2.25
2012.06.01 12:05:40.311,0.96424,0.96437,1.50,2.25
2012.06.01 12:05:41.946,0.96424,0.96434,1.50,1.88
2012.06.01 12:05:42.025,0.96422,0.96434,4.50,2.63
2012.06.01 12:05:42.172,0.9642,0.96434,4.50,3.45
2012.06.01 12:05:42.375,0.96419,0.96433,3.00,1.50
2012.06.01 12:05:42.456,0.96419,0.96428,2.25,1.13
2012.06.01 12:05:42.540,0.96418,0.96428,2.25,1.13
2012.06.01 12:05:42.891,0.96418,0.96424,1.50,1.13
2012.06.01 12:05:43.166,0.96416,0.96423,1.50,2.25
2012.06.01 12:05:43.313,0.96416,0.96428,1.50,4.13
2012.06.01 12:05:43.910,0.96416,0.96428,1.50,1.88
2012.06.01 12:05:44.444,0.96416,0.96428,3.00,1.88
2012.06.01 12:05:44.976,0.96416,0.96428,1.50,1.88
2012.06.01 12:05:45.492,0.96415,0.96428,3.00,1.88
2012.06.01 12:05:47.241,0.96414,0.96428,3.75,3.38
2012.06.01 12:05:48.256,0.96416,0.96428,2.25,1.88
2012.06.01 12:05:48.338,0.96414,0.96428,1.50,1.88
2012.06.01 12:05:48.412,0.96414,0.96424,1.50,1.13
2012.06.01 12:05:48.551,0.96413,0.96424,1.50,1.13
2012.06.01 12:05:49.080,0.96413,0.96423,1.50,2.25
2012.06.01 12:05:49.272,0.96413,0.96423,2.25,2.25
2012.06.01 12:05:49.343,0.96414,0.96428,2.25,4.50
2012.06.01 12:05:49.650,0.96416,0.96428,2.25,3.00
2012.06.01 12:05:50.191,0.96415,0.96428,3.00,2.63
2012.06.01 12:05:50.709,0.96415,0.96428,3.75,2.63
2012.06.01 12:05:53.688,0.96413,0.96428,3.00,2.63
2012.06.01 12:05:54.276,0.96413,0.96423,1.50,1.88
2012.06.01 12:05:54.495,0.9641,0.96422,1.50,1.13
2012.06.01 12:05:55.030,0.96407,0.96422,5.48,1.13
2012.06.01 12:05:55.161,0.96409,0.96422,1.50,1.13
2012.06.01 12:05:56.568,0.96407,0.96422,5.48,1.13
2012.06.01 12:05:57.728,0.96407,0.96422,5.48,1.13
2012.06.01 12:05:57.871,0.96409,0.96422,1.50,1.13
2012.06.01 12:05:58.422,0.96407,0.96422,5.48,1.13
2012.06.01 12:05:58.996,0.96409,0.96422,1.50,1.13
2012.06.01 12:05:59.834,0.96408,0.96422,2.25,2.63
2012.06.01 12:06:00.361,0.96408,0.96422,1.50,2.63
2012.06.01 12:06:01.489,0.96407,0.9642,5.48,1.50
2012.06.01 12:06:02.126,0.96407,0.9642,3.23,2.25
2012.06.01 12:06:02.772,0.96407,0.96421,4.73,2.25
2012.06.01 12:06:03.300,0.96407,0.96421,3.98,2.25
2012.06.01 12:06:03.848,0.96408,0.96422,2.25,2.63
2012.06.01 12:06:04.693,0.9641,0.96419,1.50,1.50
2012.06.01 12:06:04.913,0.96407,0.96419,1.88,7.13
2012.06.01 12:06:05.339,0.96406,0.96418,1.50,1.50
2012.06.01 12:06:05.481,0.96404,0.96417,1.65,1.50
2012.06.01 12:06:06.020,0.96404,0.96416,1.65,1.50
2012.06.01 12:06:06.541,0.96404,0.96415,1.65,1.50
2012.06.01 12:06:06.850,0.96404,0.96417,1.05,1.50
2012.06.01 12:06:06.981,0.96404,0.96417,1.80,1.50
2012.06.01 12:06:07.561,0.96402,0.96414,2.25,6.34
2012.06.01 12:06:07.642,0.96398,0.9641,1.50,1.50
2012.06.01 12:06:07.994,0.96396,0.96408,5.25,1.13
2012.06.01 12:06:08.134,0.96394,0.96407,1.50,2.25
2012.06.01 12:06:08.653,0.96394,0.96407,1.50,2.25
2012.06.01 12:06:09.343,0.96396,0.96407,4.13,2.25
2012.06.01 12:06:09.482,0.96396,0.9641,4.88,2.25
2012.06.01 12:06:09.622,0.96396,0.9641,4.13,2.25
2012.06.01 12:06:09.696,0.96396,0.96405,3.00,1.13
2012.06.01 12:06:10.110,0.96396,0.96405,2.25,1.88
2012.06.01 12:06:10.190,0.96392,0.96402,1.50,2.25
2012.06.01 12:06:10.263,0.96391,0.96398,2.25,1.50
2012.06.01 12:06:10.401,0.96391,0.96403,2.25,3.00
2012.06.01 12:06:10.540,0.96391,0.96403,5.48,2.25
2012.06.01 12:06:10.870,0.96392,0.96406,1.50,1.88
2012.06.01 12:06:11.860,0.96391,0.96406,3.98,2.25
2012.06.01 12:06:11.932,0.96391,0.96406,3.98,1.50
2012.06.01 12:06:12.493,0.96392,0.96407,1.13,3.00
2012.06.01 12:06:12.630,0.96391,0.96407,4.88,3.00
2012.06.01 12:06:13.507,0.96391,0.96407,4.88,3.00
2012.06.01 12:06:16.171,0.96393,0.96408,2.25,2.18
2012.06.01 12:06:16.901,0.96394,0.96407,2.25,1.50
2012.06.01 12:06:18.042,0.96395,0.96407,1.50,1.50
2012.06.01 12:06:18.556,0.96394,0.96407,2.25,1.50
2012.06.01 12:06:21.071,0.96395,0.96407,1.50,1.50
2012.06.01 12:06:21.592,0.96394,0.96408,2.25,4.28
2012.06.01 12:06:22.122,0.96395,0.96408,2.25,2.18
2012.06.01 12:06:22.454,0.96397,0.96409,1.13,3.68
2012.06.01 12:06:23.066,0.96397,0.96409,3.38,1.50
2012.06.01 12:06:23.151,0.96398,0.96412,2.25,2.93
2012.06.01 12:06:23.717,0.96397,0.96411,4.13,2.25
2012.06.01 12:06:24.215,0.96399,0.96413,2.25,6.38
2012.06.01 12:06:24.766,0.96398,0.96412,5.10,1.50
2012.06.01 12:06:25.315,0.96398,0.96413,5.85,4.13
2012.06.01 12:06:27.620,0.96399,0.96413,1.50,4.13
2012.06.01 12:06:28.153,0.96398,0.96413,6.60,3.38
2012.06.01 12:06:29.322,0.96401,0.96413,2.85,3.38
2012.06.01 12:06:29.409,0.96404,0.96418,2.25,4.13
2012.06.01 12:06:33.174,0.96405,0.96418,3.10,2.63
2012.06.01 12:06:33.388,0.96417,0.96427,1.50,1.50
2012.06.01 12:06:33.463,0.96417,0.96431,1.50,3.00
2012.06.01 12:06:33.673,0.96419,0.96431,1.50,1.50
2012.06.01 12:06:34.193,0.96419,0.96432,1.50,1.50
2012.06.01 12:06:34.788,0.96419,0.96433,1.50,2.25
2012.06.01 12:06:35.146,0.9642,0.96433,1.50,2.63
2012.06.01 12:06:35.296,0.96422,0.96434,2.25,4.13
2012.06.01 12:06:35.655,0.96426,0.96437,1.50,1.13
2012.06.01 12:06:35.806,0.96426,0.96438,1.50,3.38
2012.06.01 12:06:35.887,0.96426,0.96438,1.50,3.00
2012.06.01 12:06:35.969,0.96424,0.96436,2.25,1.50
2012.06.01 12:06:36.426,0.96424,0.96436,2.25,2.63
2012.06.01 12:06:36.508,0.96428,0.96438,1.50,1.50
2012.06.01 12:06:36.585,0.96425,0.96438,2.25,1.50
2012.06.01 12:06:36.802,0.96425,0.96438,1.50,2.36
2012.06.01 12:06:37.154,0.96423,0.96434,2.25,4.13
2012.06.01 12:06:37.309,0.96422,0.96434,2.25,2.25
2012.06.01 12:06:37.385,0.96423,0.96437,2.25,1.50
2012.06.01 12:06:38.319,0.96424,0.96438,2.25,3.75
2012.06.01 12:06:38.502,0.96425,0.96438,1.50,2.25
2012.06.01 12:06:39.271,0.96425,0.96437,1.50,1.50
2012.06.01 12:06:40.482,0.96431,0.96438,1.50,1.50
2012.06.01 12:06:40.838,0.96434,0.96442,2.25,3.75
2012.06.01 12:06:41.245,0.96436,0.9644,1.50,2.25
2012.06.01 12:06:41.393,0.96436,0.96443,1.50,2.25
2012.06.01 12:06:41.534,0.96435,0.96446,2.25,1.50
2012.06.01 12:06:42.434,0.96434,0.96447,2.25,2.25
2012.06.01 12:06:43.075,0.96435,0.96446,1.50,1.50
2012.06.01 12:06:43.226,0.96433,0.96445,2.25,1.50
2012.06.01 12:06:43.583,0.9643,0.96443,3.75,2.25
2012.06.01 12:06:44.455,0.9643,0.96442,2.25,1.50
2012.06.01 12:06:44.530,0.96426,0.96434,1.50,2.25
2012.06.01 12:06:44.606,0.96425,0.96433,2.63,1.13
2012.06.01 12:06:44.827,0.96424,0.96431,1.13,1.50
2012.06.01 12:06:45.183,0.9642,0.96431,1.50,2.25
2012.06.01 12:06:45.254,0.9642,0.96431,1.13,3.75
2012.06.01 12:06:45.325,0.96418,0.96431,1.13,3.00
2012.06.01 12:06:45.404,0.96417,0.96428,2.33,1.50
2012.06.01 12:06:45.475,0.96415,0.96428,1.50,3.38
2012.06.01 12:06:46.370,0.96416,0.96427,4.13,1.50
2012.06.01 12:06:46.448,0.96418,0.96431,2.25,1.50
2012.06.01 12:06:46.995,0.96418,0.96432,3.00,2.25
2012.06.01 12:06:47.526,0.96418,0.96432,3.00,2.25
2012.06.01 12:06:51.275,0.96419,0.96432,1.50,2.25
2012.06.01 12:06:51.839,0.96419,0.96432,1.50,2.25
2012.06.01 12:06:52.606,0.96419,0.96434,5.40,6.38
2012.06.01 12:06:53.968,0.96422,0.96434,1.88,4.50
2012.06.01 12:06:54.044,0.96422,0.96434,4.13,2.25
2012.06.01 12:06:54.172,0.96424,0.96438,2.25,4.50
2012.06.01 12:06:54.734,0.96424,0.96438,2.63,1.88
2012.06.01 12:06:54.942,0.96427,0.9644,4.13,3.38
2012.06.01 12:06:55.083,0.96429,0.96442,1.50,1.50
2012.06.01 12:06:55.151,0.9643,0.96442,1.50,1.50
2012.06.01 12:06:55.299,0.96432,0.96444,1.88,4.13
2012.06.01 12:06:56.048,0.96429,0.96443,2.25,4.73
2012.06.01 12:06:56.581,0.96427,0.96442,5.63,2.25
2012.06.01 12:06:57.683,0.96429,0.96442,1.50,2.25
2012.06.01 12:06:58.211,0.96428,0.96442,2.25,3.75
2012.06.01 12:06:58.282,0.96431,0.96442,1.50,2.25
2012.06.01 12:06:58.852,0.96431,0.96442,1.50,1.50
2012.06.01 12:06:59.329,0.96429,0.96442,2.25,3.00
2012.06.01 12:07:00.649,0.96429,0.96442,3.00,1.50
2012.06.01 12:07:01.031,0.96429,0.96443,3.00,2.63
2012.06.01 12:07:01.553,0.96432,0.96444,3.00,3.00
2012.06.01 12:07:02.081,0.96433,0.96447,2.25,2.25
2012.06.01 12:07:02.591,0.96433,0.96446,1.50,1.50
2012.06.01 12:07:04.668,0.96431,0.9644,3.00,2.10
2012.06.01 12:07:05.017,0.96423,0.96435,1.50,3.00
2012.06.01 12:07:05.095,0.96423,0.96435,1.50,1.50
2012.06.01 12:07:05.302,0.96423,0.96436,1.50,3.75
2012.06.01 12:07:05.504,0.96423,0.96435,1.50,2.25
2012.06.01 12:07:05.644,0.96423,0.96435,1.50,2.25
2012.06.01 12:07:05.997,0.96426,0.96433,3.00,1.13
2012.06.01 12:07:06.075,0.96422,0.96433,2.10,1.88
2012.06.01 12:07:06.622,0.96421,0.96433,1.13,1.88
2012.06.01 12:07:06.961,0.96422,0.96434,1.88,5.25
2012.06.01 12:07:07.172,0.96423,0.96434,1.50,2.25
2012.06.01 12:07:07.751,0.96422,0.96436,4.88,2.25
2012.06.01 12:07:08.230,0.9642,0.96433,2.25,1.88
2012.06.01 12:07:08.303,0.9642,0.96433,1.50,4.88
2012.06.01 12:07:08.823,0.96421,0.96432,1.50,1.50
2012.06.01 12:07:09.304,0.96422,0.96435,1.50,2.25
2012.06.01 12:07:09.653,0.96424,0.96438,3.00,2.25
2012.06.01 12:07:10.216,0.96424,0.96438,1.50,2.25
2012.06.01 12:07:10.892,0.96422,0.96435,3.00,1.88
2012.06.01 12:07:11.164,0.96421,0.96434,1.50,5.25
2012.06.01 12:07:11.576,0.9642,0.96434,1.50,3.75
2012.06.01 12:07:12.422,0.9642,0.96434,1.50,6.38
2012.06.01 12:07:12.982,0.96418,0.9643,2.25,2.25
2012.06.01 12:07:13.498,0.96418,0.96431,2.25,2.25
2012.06.01 12:07:14.329,0.96418,0.96431,1.50,3.00
2012.06.01 12:07:15.042,0.96417,0.96431,3.75,2.25
2012.06.01 12:07:15.651,0.96417,0.96431,3.00,2.25
2012.06.01 12:07:16.343,0.96417,0.96431,3.00,2.25
2012.06.01 12:07:16.861,0.96417,0.96431,3.75,2.25
2012.06.01 12:07:17.109,0.96419,0.96431,1.50,2.25
2012.06.01 12:07:17.180,0.96418,0.96431,1.50,2.25
2012.06.01 12:07:17.754,0.96418,0.96431,1.50,2.25
2012.06.01 12:07:17.883,0.96417,0.96431,3.00,2.25
2012.06.01 12:07:18.429,0.96418,0.96431,1.50,2.25
2012.06.01 12:07:18.500,0.96418,0.96431,1.50,2.25
2012.06.01 12:07:18.634,0.96419,0.96431,1.50,2.25
2012.06.01 12:07:20.190,0.96419,0.96432,1.50,1.50
2012.06.01 12:07:20.472,0.96417,0.96433,3.75,3.38
2012.06.01 12:07:21.030,0.96419,0.96433,1.50,3.38
2012.06.01 12:07:22.690,0.9642,0.96432,1.50,1.50
2012.06.01 12:07:23.979,0.9642,0.96433,1.50,2.10
2012.06.01 12:07:24.123,0.96421,0.96434,3.00,6.75
2012.06.01 12:07:24.473,0.96425,0.96434,1.50,3.00
2012.06.01 12:07:24.944,0.96425,0.96438,1.50,1.50
2012.06.01 12:07:26.159,0.96424,0.96437,1.50,2.25
2012.06.01 12:07:26.374,0.96425,0.96437,1.50,2.25
2012.06.01 12:07:26.854,0.96422,0.96434,3.00,3.38
2012.06.01 12:07:27.718,0.96421,0.96434,1.50,4.28
2012.06.01 12:07:28.271,0.96421,0.96434,1.50,3.38
2012.06.01 12:07:28.794,0.96427,0.96434,1.50,1.13
2012.06.01 12:07:28.864,0.96422,0.96434,4.50,3.38
2012.06.01 12:07:29.420,0.96422,0.96434,1.50,3.38
2012.06.01 12:07:29.921,0.96422,0.96434,1.50,4.13
2012.06.01 12:07:30.430,0.9642,0.96434,3.00,4.88
2012.06.01 12:07:31.303,0.9642,0.96434,2.25,4.88
2012.06.01 12:07:31.515,0.96419,0.96433,2.25,4.88
2012.06.01 12:07:32.072,0.96419,0.96432,1.50,2.25
2012.06.01 12:07:32.614,0.9642,0.96432,1.50,2.25
2012.06.01 12:07:33.471,0.9642,0.96432,1.50,2.25
2012.06.01 12:07:34.022,0.96419,0.96433,3.00,2.25
2012.06.01 12:07:34.560,0.9642,0.96433,1.50,2.25
2012.06.01 12:07:35.243,0.9642,0.96433,1.50,2.25
2012.06.01 12:07:35.740,0.9642,0.96433,1.50,2.25
2012.06.01 12:07:36.261,0.96421,0.96434,3.00,4.13
2012.06.01 12:07:36.803,0.96421,0.96434,1.50,5.63
2012.06.01 12:07:37.330,0.96421,0.96434,1.50,6.38
2012.06.01 12:07:38.416,0.96421,0.96434,1.50,6.38
2012.06.01 12:07:39.092,0.96422,0.96434,1.50,4.13
2012.06.01 12:07:39.304,0.96423,0.96434,1.50,4.13
2012.06.01 12:07:39.665,0.96431,0.9644,1.50,1.09
2012.06.01 12:07:39.749,0.9643,0.96443,2.25,6.38
2012.06.01 12:07:39.896,0.96431,0.96443,1.50,5.63
2012.06.01 12:07:40.113,0.96432,0.96443,1.50,3.38
2012.06.01 12:07:41.713,0.96433,0.96443,1.50,4.88
2012.06.01 12:07:42.274,0.96432,0.96444,2.25,1.50
2012.06.01 12:07:42.345,0.96433,0.96446,2.25,1.13
2012.06.01 12:07:42.697,0.96432,0.96446,1.50,2.25
2012.06.01 12:07:44.210,0.96431,0.96445,4.88,1.50
2012.06.01 12:07:44.498,0.96431,0.96444,2.25,3.38
2012.06.01 12:07:44.854,0.9643,0.96441,1.50,1.50
2012.06.01 12:07:45.276,0.96436,0.9644,1.13,1.50
2012.06.01 12:07:45.358,0.96436,0.96444,1.88,2.25
2012.06.01 12:07:45.436,0.96436,0.96448,4.50,1.50
2012.06.01 12:07:46.043,0.96431,0.96444,5.63,2.25
2012.06.01 12:07:46.391,0.96431,0.96444,4.13,2.25
2012.06.01 12:07:49.136,0.96431,0.96445,6.98,2.25
2012.06.01 12:07:50.023,0.96436,0.96448,1.13,2.25
2012.06.01 12:07:50.587,0.96437,0.96449,3.00,2.25
2012.06.01 12:07:51.413,0.96437,0.96447,2.25,2.25
2012.06.01 12:07:51.614,0.96433,0.96446,1.13,2.25
2012.06.01 12:07:52.160,0.96431,0.96446,2.63,2.25
2012.06.01 12:07:56.042,0.96432,0.96448,3.00,3.00
2012.06.01 12:07:56.820,0.96433,0.96448,2.25,1.50
2012.06.01 12:07:58.840,0.96434,0.96448,1.50,3.00
2012.06.01 12:08:01.454,0.96432,0.96448,4.35,3.00
2012.06.01 12:08:02.264,0.96433,0.96448,3.38,1.50
2012.06.01 12:08:02.612,0.96442,0.96449,2.85,2.25
2012.06.01 12:08:02.890,0.96444,0.96457,1.50,2.91
2012.06.01 12:08:03.941,0.96443,0.96456,2.25,1.50
2012.06.01 12:08:07.020,0.96442,0.96452,1.50,1.50
2012.06.01 12:08:07.101,0.96439,0.96451,1.50,1.50
2012.06.01 12:08:07.512,0.96437,0.96452,5.63,1.88
2012.06.01 12:08:07.712,0.96437,0.96448,2.25,1.88
2012.06.01 12:08:07.783,0.96435,0.96448,1.50,1.88
2012.06.01 12:08:07.921,0.96437,0.96449,1.88,2.25
2012.06.01 12:08:08.202,0.96437,0.9645,2.63,3.75
2012.06.01 12:08:08.412,0.96434,0.96448,2.63,1.88
2012.06.01 12:08:09.070,0.96433,0.96448,1.50,3.38
2012.06.01 12:08:09.150,0.96433,0.96448,1.50,3.38
2012.06.01 12:08:09.506,0.96441,0.96451,1.88,3.75
2012.06.01 12:08:10.295,0.96437,0.96449,2.25,1.13
2012.06.01 12:08:12.085,0.96437,0.96449,2.25,1.13
2012.06.01 12:08:12.414,0.96439,0.96453,1.50,4.13
2012.06.01 12:08:12.613,0.9644,0.96453,3.00,3.38
2012.06.01 12:08:13.329,0.96442,0.96453,1.50,3.38
2012.06.01 12:08:19.912,0.9644,0.96449,3.75,1.13
2012.06.01 12:08:20.122,0.96438,0.96449,1.50,1.88
2012.06.01 12:08:20.192,0.96436,0.96449,4.50,1.88
2012.06.01 12:08:20.335,0.96434,0.96447,4.20,2.25
2012.06.01 12:08:21.920,0.96433,0.96446,2.25,1.13
2012.06.01 12:08:22.066,0.96431,0.96444,4.88,2.25
2012.06.01 12:08:22.286,0.96432,0.96443,1.88,2.25
2012.06.01 12:08:22.363,0.96432,0.96447,1.88,3.00
2012.06.01 12:08:25.983,0.96434,0.96447,2.25,1.50
2012.06.01 12:08:26.423,0.96439,0.96448,1.28,3.38
2012.06.01 12:08:26.638,0.96441,0.96451,1.50,1.35
2012.06.01 12:08:26.715,0.96446,0.96454,1.73,6.00
2012.06.01 12:08:27.079,0.9645,0.96457,1.88,3.00
2012.06.01 12:08:27.229,0.96457,0.96463,1.13,3.00
2012.06.01 12:08:27.448,0.96455,0.96462,1.50,1.50
2012.06.01 12:08:27.527,0.96457,0.96466,1.88,2.48
2012.06.01 12:08:27.674,0.96456,0.96464,2.25,1.50
2012.06.01 12:08:27.812,0.9645,0.96461,2.25,1.13
2012.06.01 12:08:28.861,0.96448,0.96459,2.10,1.50
2012.06.01 12:08:28.937,0.96447,0.96461,3.38,2.25
2012.06.01 12:08:29.486,0.96448,0.96462,1.50,3.00
2012.06.01 12:08:30.021,0.96447,0.96461,4.88,2.25
2012.06.01 12:08:30.914,0.96447,0.9646,3.38,2.25
2012.06.01 12:08:31.890,0.96447,0.96459,4.13,2.25
2012.06.01 12:08:32.423,0.96447,0.9646,4.13,2.25
2012.06.01 12:08:32.625,0.96447,0.9646,4.13,3.00
2012.06.01 12:08:32.774,0.96445,0.96458,1.88,1.50
2012.06.01 12:08:33.322,0.96444,0.96459,1.50,3.38
2012.06.01 12:08:34.032,0.96444,0.96459,2.10,2.63
2012.06.01 12:08:34.575,0.9644,0.96453,3.00,1.88
2012.06.01 12:08:34.762,0.9644,0.96453,1.50,1.88
2012.06.01 12:08:34.961,0.96439,0.96453,3.38,1.88
2012.06.01 12:08:35.731,0.96439,0.96453,3.00,3.23
2012.06.01 12:08:36.132,0.96437,0.96449,1.88,2.25
2012.06.01 12:08:36.332,0.96435,0.96449,1.50,4.88
2012.06.01 12:08:36.847,0.96438,0.96449,1.50,3.38
2012.06.01 12:08:37.458,0.96438,0.96449,2.25,2.25
2012.06.01 12:08:37.544,0.96439,0.96452,2.25,1.50
2012.06.01 12:08:38.102,0.9644,0.96453,2.25,4.13
2012.06.01 12:08:38.173,0.96446,0.96453,1.13,3.00
2012.06.01 12:08:38.317,0.96446,0.96456,1.88,1.13
2012.06.01 12:08:38.600,0.96444,0.96458,1.50,2.25
2012.06.01 12:08:39.131,0.96442,0.96457,2.85,2.25
2012.06.01 12:08:42.944,0.96448,0.96458,1.50,3.00
2012.06.01 12:08:43.027,0.96449,0.96458,1.50,2.25
2012.06.01 12:08:43.110,0.96452,0.96458,1.13,2.25
2012.06.01 12:08:43.185,0.9645,0.96458,1.35,2.25
2012.06.01 12:08:43.256,0.9645,0.96461,2.10,4.50
2012.06.01 12:08:43.403,0.96452,0.96461,2.25,3.75
2012.06.01 12:08:43.476,0.96452,0.96461,2.25,1.50
2012.06.01 12:08:43.556,0.96453,0.96464,2.25,4.13
2012.06.01 12:08:44.051,0.96452,0.96464,3.00,2.25
2012.06.01 12:08:44.124,0.96452,0.96468,3.00,2.63
2012.06.01 12:08:44.657,0.96453,0.96467,2.25,1.50
2012.06.01 12:08:45.300,0.96455,0.96469,2.25,4.13
2012.06.01 12:08:45.855,0.96453,0.96467,2.25,1.50
2012.06.01 12:08:46.066,0.96452,0.96466,3.00,1.50
2012.06.01 12:08:46.488,0.96451,0.96464,1.50,4.13
2012.06.01 12:08:46.848,0.9645,0.9646,1.13,1.50
2012.06.01 12:08:47.593,0.96448,0.96459,1.50,1.88
2012.06.01 12:08:47.681,0.96445,0.96459,3.00,3.38
2012.06.01 12:08:48.204,0.96444,0.96457,1.50,1.50
2012.06.01 12:08:48.273,0.96443,0.96459,3.00,3.38
2012.06.01 12:08:48.411,0.96443,0.96459,3.00,3.38
2012.06.01 12:08:48.553,0.96443,0.96457,3.00,1.50
2012.06.01 12:08:49.111,0.96443,0.96457,2.25,2.25
2012.06.01 12:08:49.773,0.96442,0.96456,3.00,1.50
2012.06.01 12:08:51.575,0.96443,0.96457,2.25,2.25
2012.06.01 12:08:52.303,0.96444,0.96458,2.25,1.50
2012.06.01 12:08:52.644,0.96448,0.9646,1.65,1.50
2012.06.01 12:08:52.854,0.96449,0.96462,2.63,2.25
2012.06.01 12:08:53.065,0.96446,0.96459,4.88,1.50
2012.06.01 12:08:53.418,0.96449,0.96463,2.25,3.00
2012.06.01 12:08:53.835,0.96451,0.96463,2.63,2.25
2012.06.01 12:08:54.391,0.96449,0.96463,2.25,4.50
2012.06.01 12:08:57.453,0.96448,0.96462,2.25,1.50
2012.06.01 12:08:57.805,0.96453,0.96463,2.25,2.25
2012.06.01 12:08:57.883,0.96453,0.96466,2.25,4.09
2012.06.01 12:08:58.011,0.96452,0.96465,1.50,2.25
2012.06.01 12:08:59.122,0.96449,0.96463,1.13,4.13
2012.06.01 12:08:59.663,0.96448,0.96462,3.00,3.00
2012.06.01 12:09:00.197,0.96448,0.96462,1.50,1.13
2012.06.01 12:09:00.346,0.96447,0.96461,4.13,2.25
2012.06.01 12:09:00.901,0.96444,0.96457,2.25,1.50
2012.06.01 12:09:01.456,0.96444,0.96458,3.75,2.25
2012.06.01 12:09:01.531,0.96444,0.96458,2.25,2.25
2012.06.01 12:09:01.883,0.96441,0.96453,1.50,2.25
2012.06.01 12:09:02.363,0.96439,0.96453,1.50,3.00
2012.06.01 12:09:02.630,0.96439,0.96453,1.50,4.50
2012.06.01 12:09:02.951,0.96438,0.96452,2.25,1.50
2012.06.01 12:09:03.469,0.96438,0.96453,2.25,2.25
2012.06.01 12:09:06.633,0.96439,0.96452,1.50,1.50
2012.06.01 12:09:06.982,0.96437,0.9645,3.00,1.50
2012.06.01 12:09:07.677,0.96437,0.96444,3.00,1.13
2012.06.01 12:09:08.020,0.96433,0.96443,3.79,1.88
2012.06.01 12:09:08.820,0.96433,0.96443,3.42,1.88
2012.06.01 12:09:10.924,0.96431,0.96443,1.50,1.88
2012.06.01 12:09:10.995,0.96431,0.96443,2.25,1.13
2012.06.01 12:09:11.064,0.96436,0.96443,2.25,1.13
2012.06.01 12:09:11.273,0.96433,0.96443,2.25,4.13
2012.06.01 12:09:13.364,0.96431,0.96443,3.00,4.13
2012.06.01 12:09:17.702,0.96431,0.96443,3.00,4.13
2012.06.01 12:09:18.343,0.96432,0.96443,1.50,1.88
2012.06.01 12:09:18.863,0.96431,0.96443,1.50,3.00
2012.06.01 12:09:19.438,0.96431,0.96443,3.00,3.00
2012.06.01 12:09:21.770,0.96431,0.96443,1.50,3.00
2012.06.01 12:09:22.418,0.96431,0.96443,3.00,3.00
2012.06.01 12:09:22.775,0.96437,0.96446,3.38,2.25
2012.06.01 12:09:22.855,0.96437,0.96449,4.13,2.40
2012.06.01 12:09:23.264,0.96439,0.96453,2.25,4.88
2012.06.01 12:09:23.801,0.9644,0.96453,2.25,2.63
2012.06.01 12:09:24.652,0.9644,0.96453,3.75,2.63
2012.06.01 12:09:25.175,0.96441,0.96453,1.50,1.88
2012.06.01 12:09:26.203,0.96442,0.96453,1.50,1.88
2012.06.01 12:09:27.013,0.96442,0.96457,3.00,1.28
2012.06.01 12:09:27.092,0.96444,0.96458,1.50,3.38
2012.06.01 12:09:27.634,0.96444,0.96457,1.50,1.13
2012.06.01 12:09:28.162,0.96446,0.96457,1.35,1.13
2012.06.01 12:09:28.517,0.96451,0.96461,1.50,1.50
2012.06.01 12:09:28.594,0.96451,0.9646,1.50,1.50
2012.06.01 12:09:28.808,0.96453,0.96463,1.50,2.25
2012.06.01 12:09:29.370,0.96452,0.96465,1.50,2.25
2012.06.01 12:09:30.072,0.96452,0.96463,1.50,1.88
2012.06.01 12:09:30.426,0.9645,0.9646,2.63,2.85
2012.06.01 12:09:30.784,0.96447,0.96453,2.67,3.00
2012.06.01 12:09:31.456,0.96441,0.96453,3.75,3.00
2012.06.01 12:09:32.175,0.96441,0.96453,4.13,3.00
2012.06.01 12:09:32.254,0.96443,0.96453,1.50,2.25
2012.06.01 12:09:32.471,0.96446,0.96455,1.88,1.88
2012.06.01 12:09:32.553,0.96446,0.96457,2.63,1.65
2012.06.01 12:09:32.697,0.96447,0.9646,3.75,2.55
2012.06.01 12:09:32.774,0.96447,0.96461,3.75,1.50
2012.06.01 12:09:32.985,0.96447,0.96458,3.75,1.13
2012.06.01 12:09:33.606,0.96446,0.96458,2.25,1.88
2012.06.01 12:09:34.943,0.96444,0.96458,2.25,1.88
2012.06.01 12:09:35.495,0.96444,0.96458,2.25,2.63
2012.06.01 12:09:36.172,0.96445,0.96458,2.25,2.63
2012.06.01 12:09:38.270,0.96445,0.96458,1.50,2.63
2012.06.01 12:09:39.252,0.96446,0.96458,1.50,2.63
2012.06.01 12:09:39.782,0.96447,0.96458,1.50,1.88
2012.06.01 12:09:42.296,0.96447,0.96459,2.25,4.88
2012.06.01 12:09:42.654,0.96451,0.96462,1.50,1.09
2012.06.01 12:09:43.209,0.96451,0.96463,1.50,4.13
2012.06.01 12:09:43.864,0.9645,0.96463,1.50,4.13
2012.06.01 12:09:44.143,0.9645,0.96461,1.50,1.50
2012.06.01 12:09:44.341,0.96447,0.96462,4.88,2.25
2012.06.01 12:09:45.003,0.96449,0.96463,1.50,6.38
2012.06.01 12:09:46.373,0.96449,0.96463,3.00,6.38
2012.06.01 12:09:46.724,0.96452,0.96463,1.13,3.00
2012.06.01 12:09:47.052,0.96453,0.96466,2.85,1.73
2012.06.01 12:09:47.761,0.96453,0.96467,1.35,2.10
2012.06.01 12:09:48.311,0.96453,0.96467,3.00,2.10
2012.06.01 12:09:48.383,0.96456,0.96467,1.50,1.28
2012.06.01 12:09:48.455,0.96457,0.96467,1.88,1.13
2012.06.01 12:09:48.598,0.96457,0.9647,4.13,3.00
2012.06.01 12:09:48.675,0.96457,0.9647,4.88,1.50
2012.06.01 12:09:48.970,0.96459,0.96473,3.00,2.63
2012.06.01 12:09:49.046,0.96462,0.96474,1.13,2.63
2012.06.01 12:09:49.124,0.96462,0.96474,1.88,2.63
2012.06.01 12:09:49.334,0.9646,0.96473,2.25,2.63
2012.06.01 12:09:50.218,0.96459,0.96473,2.25,7.13
2012.06.01 12:09:51.541,0.96459,0.96473,2.25,6.38
2012.06.01 12:09:51.743,0.9646,0.96473,2.25,4.13
2012.06.01 12:09:52.224,0.96462,0.96473,3.00,4.13
2012.06.01 12:09:53.039,0.96464,0.96477,2.25,1.88
2012.06.01 12:09:53.118,0.96463,0.96477,2.25,1.88
2012.06.01 12:09:53.252,0.96463,0.96477,2.25,1.88
2012.06.01 12:09:53.702,0.96463,0.96477,2.25,1.88
2012.06.01 12:09:55.719,0.96462,0.96477,4.13,1.50
2012.06.01 12:09:55.825,0.96462,0.96469,2.63,1.02
2012.06.01 12:09:55.988,0.96457,0.96464,3.75,1.88
2012.06.01 12:09:56.068,0.96457,0.96466,2.25,2.25
2012.06.01 12:09:56.214,0.96455,0.96463,1.13,2.25
2012.06.01 12:09:56.281,0.96455,0.96466,1.13,1.50
2012.06.01 12:09:56.635,0.96454,0.96466,1.50,2.44
2012.06.01 12:10:00.618,0.96454,0.96468,1.50,3.38
2012.06.01 12:10:01.094,0.96454,0.96468,1.58,3.38
2012.06.01 12:10:01.162,0.96454,0.96468,1.58,3.38
2012.06.01 12:10:01.516,0.96457,0.9647,3.75,3.00
2012.06.01 12:10:02.079,0.96459,0.96471,1.50,2.25
2012.06.01 12:10:04.770,0.96459,0.96473,2.40,8.63
2012.06.01 12:10:05.115,0.96459,0.96473,3.75,5.25
2012.06.01 12:10:05.462,0.96459,0.96473,5.03,3.75
2012.06.01 12:10:05.603,0.9646,0.96473,2.25,2.25
2012.06.01 12:10:06.119,0.96459,0.96472,1.50,1.50
2012.06.01 12:10:06.953,0.96459,0.96472,1.50,1.50
2012.06.01 12:10:07.093,0.96459,0.96471,1.50,1.88
2012.06.01 12:10:07.294,0.96458,0.96469,1.50,1.50
2012.06.01 12:10:07.838,0.96453,0.96467,3.15,1.50
2012.06.01 12:10:08.608,0.96453,0.96466,1.65,1.50
2012.06.01 12:10:09.667,0.96453,0.96463,1.50,1.13
2012.06.01 12:10:09.886,0.9645,0.96463,1.50,1.88
2012.06.01 12:10:10.041,0.96448,0.96461,1.50,1.13
2012.06.01 12:10:10.392,0.96444,0.96458,3.60,1.50
2012.06.01 12:10:10.953,0.96444,0.96458,3.00,3.75
2012.06.01 12:10:11.574,0.96445,0.96459,2.25,3.38
2012.06.01 12:10:18.056,0.96444,0.96457,1.50,2.25
2012.06.01 12:10:18.133,0.96444,0.96457,1.50,2.25
2012.06.01 12:10:18.676,0.96444,0.96456,1.50,2.25
2012.06.01 12:10:19.053,0.96444,0.96457,3.00,2.25
2012.06.01 12:10:19.402,0.96448,0.9646,1.80,3.00
2012.06.01 12:10:19.752,0.96449,0.96463,2.25,6.38
2012.06.01 12:10:20.223,0.96453,0.96463,1.50,1.13
2012.06.01 12:10:20.874,0.96453,0.96466,1.50,1.88
2012.06.01 12:10:22.553,0.96453,0.96468,1.50,3.75
2012.06.01 12:10:27.192,0.96453,0.96467,1.50,2.10
2012.06.01 12:10:28.073,0.96451,0.96464,2.25,2.48
2012.06.01 12:10:28.156,0.9645,0.96463,2.25,1.50
2012.06.01 12:10:30.870,0.96449,0.96462,1.50,2.25
2012.06.01 12:10:31.590,0.96449,0.96461,1.50,2.25
2012.06.01 12:10:32.818,0.96449,0.96462,1.50,3.00
2012.06.01 12:10:32.969,0.96449,0.96463,5.40,3.00
2012.06.01 12:10:33.313,0.96457,0.96463,2.63,2.25
2012.06.01 12:10:33.874,0.96454,0.96467,3.00,1.50
2012.06.01 12:10:33.946,0.96454,0.96467,3.00,1.50
2012.06.01 12:10:34.787,0.96454,0.96465,1.50,1.50
2012.06.01 12:10:35.711,0.96454,0.96465,1.50,1.50
2012.06.01 12:10:37.468,0.96454,0.96465,1.50,1.50
2012.06.01 12:10:38.510,0.96454,0.96467,1.50,1.50
2012.06.01 12:10:50.339,0.96454,0.96466,1.50,1.50
2012.06.01 12:10:50.890,0.96454,0.96467,1.50,2.25
2012.06.01 12:10:51.963,0.96454,0.96468,1.50,3.38
2012.06.01 12:10:52.304,0.96456,0.96468,4.13,2.25
2012.06.01 12:10:52.515,0.9646,0.96472,1.50,3.38
2012.06.01 12:10:52.784,0.9646,0.96472,1.50,3.38
2012.06.01 12:10:53.412,0.9646,0.96472,2.25,1.13
2012.06.01 12:10:53.552,0.96465,0.96476,1.50,1.88
2012.06.01 12:10:54.113,0.96464,0.96477,1.50,3.23
2012.06.01 12:10:54.640,0.96464,0.96475,1.50,1.50
2012.06.01 12:10:54.902,0.96461,0.96475,2.25,3.38
2012.06.01 12:10:55.235,0.9646,0.96468,2.25,1.88
2012.06.01 12:10:55.314,0.96459,0.96468,1.50,1.88
2012.06.01 12:10:55.451,0.96454,0.96466,1.50,1.50
2012.06.01 12:10:55.520,0.96454,0.96466,1.50,1.50
2012.06.01 12:10:55.865,0.96454,0.96466,1.50,1.50
2012.06.01 12:10:56.110,0.96454,0.96466,1.50,1.50
2012.06.01 12:10:58.090,0.96454,0.96466,1.50,1.50
2012.06.01 12:10:59.038,0.96454,0.96466,1.50,1.50
2012.06.01 12:11:01.962,0.96454,0.96466,1.50,1.50
2012.06.01 12:11:02.284,0.96457,0.96469,1.28,1.50
2012.06.01 12:11:02.630,0.9646,0.96471,2.25,2.25
2012.06.01 12:11:03.102,0.96459,0.96474,3.00,4.88
2012.06.01 12:11:04.923,0.96463,0.96474,1.50,3.38
2012.06.01 12:11:04.994,0.96463,0.96474,1.50,2.25
2012.06.01 12:11:05.321,0.96463,0.96475,1.50,1.50
2012.06.01 12:11:05.465,0.96467,0.96478,1.50,1.88
2012.06.01 12:11:05.742,0.96467,0.96478,3.00,1.88
2012.06.01 12:11:06.259,0.96464,0.96476,1.50,1.50
2012.06.01 12:11:07.233,0.96464,0.96473,1.50,2.25
2012.06.01 12:11:07.305,0.96462,0.96473,3.00,3.00
2012.06.01 12:11:08.093,0.96463,0.96473,1.50,2.25
2012.06.01 12:11:08.232,0.96463,0.96476,1.50,1.50
2012.06.01 12:11:10.333,0.96466,0.96476,1.38,1.50
2012.06.01 12:11:10.545,0.96469,0.96481,3.75,3.75
2012.06.01 12:11:10.967,0.9647,0.96481,1.88,3.00
2012.06.01 12:11:11.055,0.96474,0.96487,1.50,1.88
2012.06.01 12:11:11.203,0.96474,0.96487,1.50,1.13
2012.06.01 12:11:11.627,0.96477,0.96488,3.75,1.50
2012.06.01 12:11:12.043,0.96477,0.9649,3.75,2.25
2012.06.01 12:11:12.183,0.96477,0.96488,3.75,1.13
2012.06.01 12:11:12.370,0.96474,0.96488,3.00,3.38
2012.06.01 12:11:13.908,0.96474,0.96487,2.25,1.50
2012.06.01 12:11:15.132,0.96473,0.96486,1.50,1.50
2012.06.01 12:11:15.665,0.96473,0.96487,3.00,3.00
2012.06.01 12:11:18.152,0.96473,0.96487,3.00,3.75
2012.06.01 12:11:18.225,0.96473,0.96484,2.25,1.88
2012.06.01 12:11:18.694,0.96469,0.96483,1.50,3.60
2012.06.01 12:11:18.974,0.96468,0.96478,1.50,1.50
2012.06.01 12:11:19.483,0.96466,0.96479,2.25,4.13
2012.06.01 12:11:20.015,0.96464,0.96477,1.50,1.50
2012.06.01 12:11:20.554,0.96463,0.96478,3.08,2.25
2012.06.01 12:11:21.210,0.96467,0.96479,2.25,2.63
2012.06.01 12:11:21.286,0.96467,0.96481,4.13,4.50
2012.06.01 12:11:21.842,0.96467,0.96481,6.38,3.00
2012.06.01 12:11:21.981,0.9647,0.96481,1.50,1.50
2012.06.01 12:11:22.331,0.9647,0.96483,3.00,4.88
2012.06.01 12:11:22.475,0.96473,0.96483,2.25,3.00
2012.06.01 12:11:22.622,0.96474,0.96487,2.25,1.88
2012.06.01 12:11:23.140,0.96474,0.96487,3.00,1.88
2012.06.01 12:11:23.944,0.96474,0.96487,1.50,3.00
2012.06.01 12:11:24.655,0.96472,0.96483,1.50,2.25
2012.06.01 12:11:25.301,0.96472,0.96484,1.50,3.75
2012.06.01 12:11:25.814,0.96472,0.96483,1.50,1.13
2012.06.01 12:11:26.714,0.96469,0.96483,1.50,1.13
2012.06.01 12:11:27.161,0.96469,0.96482,1.50,1.50
2012.06.01 12:11:27.671,0.96469,0.96481,1.50,2.25
2012.06.01 12:11:30.269,0.96467,0.96477,1.50,1.88
2012.06.01 12:11:30.483,0.96464,0.96474,1.20,4.50
2012.06.01 12:11:30.554,0.96461,0.96475,3.08,2.63
2012.06.01 12:11:30.627,0.96463,0.96475,1.58,1.50
2012.06.01 12:11:30.775,0.96465,0.96478,2.25,1.50
2012.06.01 12:11:30.903,0.96465,0.96479,2.25,3.38
2012.06.01 12:11:31.254,0.96472,0.9648,1.50,2.25
2012.06.01 12:11:31.826,0.96472,0.9648,1.50,2.25
2012.06.01 12:11:31.903,0.96472,0.96484,1.50,6.75
2012.06.01 12:11:39.651,0.96471,0.96484,3.00,5.25
2012.06.01 12:11:39.866,0.96477,0.96488,1.88,4.09
2012.06.01 12:11:40.150,0.96478,0.9649,1.50,1.50
2012.06.01 12:11:40.671,0.96477,0.9649,1.88,1.13
2012.06.01 12:11:41.214,0.96477,0.96491,1.88,1.88
2012.06.01 12:11:41.351,0.96477,0.96491,1.88,1.88
2012.06.01 12:11:42.779,0.96476,0.96488,3.75,2.63
2012.06.01 12:11:42.925,0.96472,0.96486,4.88,2.25
2012.06.01 12:11:43.483,0.96473,0.96487,1.50,2.25
2012.06.01 12:11:43.990,0.96473,0.96487,2.25,2.25
2012.06.01 12:11:48.313,0.96472,0.96486,4.88,1.50
2012.06.01 12:11:48.446,0.96472,0.96485,2.25,2.25
2012.06.01 12:11:48.863,0.96469,0.96483,2.25,6.00
2012.06.01 12:11:49.075,0.96468,0.96482,3.00,3.38
2012.06.01 12:11:49.439,0.96467,0.96476,2.25,1.50
2012.06.01 12:11:49.516,0.96463,0.96476,1.50,1.50
2012.06.01 12:11:49.591,0.96463,0.96476,1.50,1.50
2012.06.01 12:11:50.405,0.96463,0.96477,1.50,1.50
2012.06.01 12:11:50.991,0.96462,0.96477,4.13,1.50
2012.06.01 12:11:53.098,0.96462,0.96477,4.88,1.50
2012.06.01 12:11:54.771,0.96464,0.96477,1.50,1.50
2012.06.01 12:11:55.429,0.96463,0.96477,2.25,1.50
2012.06.01 12:11:55.760,0.96464,0.96477,2.25,1.50
2012.06.01 12:11:56.093,0.96466,0.96477,2.25,1.50
2012.06.01 12:11:56.362,0.96468,0.96481,3.00,1.50
2012.06.01 12:11:56.685,0.96467,0.96478,3.90,1.13
2012.06.01 12:11:56.822,0.96466,0.96478,3.00,1.88
2012.06.01 12:11:57.340,0.96464,0.96478,2.25,3.38
2012.06.01 12:11:59.559,0.96466,0.96478,1.50,1.88
2012.06.01 12:12:00.493,0.96465,0.96478,2.25,1.88
2012.06.01 12:12:00.766,0.96463,0.96476,2.25,1.88
2012.06.01 12:12:01.133,0.96467,0.96477,1.88,2.63
2012.06.01 12:12:01.630,0.96468,0.96478,1.50,1.13
2012.06.01 12:12:01.772,0.96466,0.96479,2.25,2.63
2012.06.01 12:12:02.725,0.96463,0.96479,2.25,4.88
2012.06.01 12:12:03.513,0.96463,0.96479,2.25,4.88
2012.06.01 12:12:03.654,0.96463,0.96479,3.00,4.13
2012.06.01 12:12:04.212,0.96465,0.96479,2.25,4.50
2012.06.01 12:12:04.284,0.96463,0.96478,1.50,2.25
2012.06.01 12:12:04.820,0.96464,0.96478,1.50,2.25
2012.06.01 12:12:08.672,0.96464,0.96478,1.50,1.50
2012.06.01 12:12:09.265,0.96465,0.96479,2.25,2.63
2012.06.01 12:12:15.339,0.96464,0.96478,2.25,2.25
2012.06.01 12:12:15.768,0.96463,0.96477,1.50,2.25
2012.06.01 12:12:16.979,0.96465,0.96477,1.50,2.25
2012.06.01 12:12:19.390,0.96465,0.96476,1.50,1.50
2012.06.01 12:12:19.951,0.96465,0.96478,1.50,2.25
2012.06.01 12:12:22.152,0.96463,0.96473,1.50,1.13
2012.06.01 12:12:22.293,0.96462,0.96473,3.00,1.13
2012.06.01 12:12:22.854,0.9646,0.96472,1.50,1.50
2012.06.01 12:12:26.341,0.96461,0.96473,1.50,3.38
2012.06.01 12:12:26.863,0.96463,0.96473,1.50,1.13
2012.06.01 12:12:27.171,0.96467,0.96476,3.00,1.13
2012.06.01 12:12:27.243,0.96467,0.96476,2.25,1.13
2012.06.01 12:12:27.582,0.96467,0.96476,1.88,1.13
2012.06.01 12:12:27.770,0.96466,0.96476,3.00,1.13
2012.06.01 12:12:28.210,0.96464,0.96478,3.00,2.25
2012.06.01 12:12:28.764,0.96464,0.96479,1.50,5.63
2012.06.01 12:12:31.042,0.96466,0.96479,2.25,4.13
2012.06.01 12:12:31.562,0.96464,0.96478,3.00,2.25
2012.06.01 12:12:33.071,0.96464,0.96477,1.50,1.50
2012.06.01 12:12:35.943,0.96464,0.96479,3.00,3.38
2012.06.01 12:12:36.213,0.96467,0.96479,3.00,3.38
2012.06.01 12:12:36.720,0.9647,0.96481,1.50,1.50
2012.06.01 12:12:36.793,0.9647,0.96482,1.50,2.25
2012.06.01 12:12:37.593,0.9647,0.96483,3.00,2.63
2012.06.01 12:12:38.037,0.96471,0.96483,2.25,1.13
2012.06.01 12:12:38.600,0.96473,0.96483,1.50,1.13
2012.06.01 12:12:39.316,0.96471,0.96483,2.25,1.88
2012.06.01 12:12:39.622,0.96468,0.96481,1.50,1.50
2012.06.01 12:12:39.941,0.96466,0.96478,3.45,1.50
2012.06.01 12:12:40.451,0.96464,0.96479,3.27,1.13
2012.06.01 12:12:41.374,0.96466,0.96479,2.25,2.63
2012.06.01 12:12:41.654,0.9647,0.96483,1.50,7.13
2012.06.01 12:12:42.212,0.9647,0.96483,1.50,4.88
2012.06.01 12:12:42.282,0.9647,0.96483,1.50,4.88
2012.06.01 12:12:42.821,0.9647,0.96482,1.50,1.50
2012.06.01 12:12:43.354,0.96469,0.96482,1.50,2.25
2012.06.01 12:12:44.095,0.96469,0.96482,1.50,1.50
2012.06.01 12:12:44.898,0.96469,0.96483,1.50,8.10
2012.06.01 12:12:45.430,0.96469,0.96482,1.50,1.50
2012.06.01 12:12:45.940,0.96469,0.96483,3.00,7.35
2012.06.01 12:12:46.572,0.96469,0.96482,1.50,1.50
2012.06.01 12:12:47.350,0.96469,0.96481,1.50,1.50
2012.06.01 12:12:48.562,0.96469,0.96483,1.50,5.85
2012.06.01 12:12:48.825,0.96471,0.96483,1.50,4.13
2012.06.01 12:12:49.343,0.96472,0.96483,2.25,3.38
2012.06.01 12:12:51.802,0.96471,0.96483,1.50,3.38
2012.06.01 12:12:52.362,0.9647,0.96483,2.25,3.98
2012.06.01 12:12:53.020,0.9647,0.96483,2.25,3.38
2012.06.01 12:12:53.540,0.96471,0.96483,3.00,3.38
2012.06.01 12:12:54.243,0.9647,0.96483,2.25,5.85
2012.06.01 12:12:54.313,0.96469,0.96483,3.00,8.85
2012.06.01 12:12:54.821,0.96469,0.96483,4.50,5.63
2012.06.01 12:12:54.892,0.96471,0.96483,2.25,4.88
2012.06.01 12:12:55.442,0.96477,0.96484,1.50,1.09
2012.06.01 12:12:55.514,0.96477,0.96487,1.50,1.13
2012.06.01 12:12:56.370,0.96477,0.96488,1.50,1.13
2012.06.01 12:12:56.911,0.96474,0.96488,1.50,1.13
2012.06.01 12:13:00.184,0.96474,0.96489,1.50,3.75
2012.06.01 12:13:00.722,0.96474,0.96487,1.50,1.50
2012.06.01 12:13:00.993,0.96475,0.96489,2.25,2.63
2012.06.01 12:13:01.511,0.96474,0.96488,3.00,1.50
2012.06.01 12:13:01.832,0.96474,0.96486,1.50,1.50
2012.06.01 12:13:02.495,0.96472,0.96483,2.25,1.13
2012.06.01 12:13:02.562,0.96472,0.96483,2.25,1.13
2012.06.01 12:13:03.361,0.96469,0.96483,3.75,1.13
2012.06.01 12:13:04.091,0.96469,0.96482,1.50,1.50
2012.06.01 12:13:04.653,0.96469,0.96483,3.00,1.88
2012.06.01 12:13:06.080,0.96471,0.96483,3.00,1.13
2012.06.01 12:13:07.252,0.96473,0.96486,3.00,1.13
2012.06.01 12:13:07.465,0.96475,0.96488,1.50,1.13
2012.06.01 12:13:08.632,0.96475,0.96486,1.50,1.50
2012.06.01 12:13:09.146,0.96475,0.96488,1.50,2.63
2012.06.01 12:13:09.653,0.96475,0.96488,1.50,2.63
2012.06.01 12:13:09.728,0.96476,0.96488,1.50,1.13
2012.06.01 12:13:10.011,0.96479,0.96491,2.25,1.88
2012.06.01 12:13:10.082,0.9648,0.96491,1.50,1.88
2012.06.01 12:13:10.423,0.96483,0.96492,1.50,1.13
2012.06.01 12:13:11.201,0.96482,0.96496,3.60,1.50
2012.06.01 12:13:11.721,0.96482,0.96497,3.60,1.13
2012.06.01 12:13:11.933,0.96482,0.96497,3.60,1.13
2012.06.01 12:13:12.465,0.96482,0.96495,2.25,1.50
2012.06.01 12:13:13.015,0.96481,0.96494,3.75,1.88
2012.06.01 12:13:13.504,0.96483,0.96494,1.50,1.50
2012.06.01 12:13:14.021,0.96483,0.96496,3.00,1.13
2012.06.01 12:13:17.528,0.96483,0.96496,1.50,1.88
2012.06.01 12:13:18.523,0.96483,0.96494,1.50,1.50
2012.06.01 12:13:18.862,0.96481,0.96492,1.50,2.25
2012.06.01 12:13:18.934,0.96479,0.96492,3.00,2.25
2012.06.01 12:13:19.073,0.96477,0.96492,3.75,2.85
2012.06.01 12:13:19.620,0.96477,0.96493,5.25,6.00
2012.06.01 12:13:19.763,0.96479,0.96493,1.35,5.25
2012.06.01 12:13:20.315,0.96479,0.96493,3.00,3.75
2012.06.01 12:13:20.652,0.96483,0.96493,1.50,3.00
2012.06.01 12:13:21.179,0.96481,0.96493,2.25,3.00
2012.06.01 12:13:22.590,0.96481,0.96493,1.50,4.50
2012.06.01 12:13:23.043,0.96483,0.96493,1.50,2.25
2012.06.01 12:13:23.114,0.96483,0.96495,1.50,1.50
2012.06.01 12:13:24.027,0.96483,0.96496,1.50,1.50
2012.06.01 12:13:25.305,0.96482,0.96495,1.50,1.50
2012.06.01 12:13:25.852,0.96482,0.96494,1.50,1.50
2012.06.01 12:13:26.965,0.96483,0.96497,2.25,3.00
2012.06.01 12:13:29.132,0.96482,0.96496,3.00,1.28
2012.06.01 12:13:29.346,0.96484,0.96496,1.50,2.78
2012.06.01 12:13:29.426,0.96482,0.96493,3.00,1.13
2012.06.01 12:13:29.579,0.96482,0.96493,1.50,2.63
2012.06.01 12:13:30.036,0.96479,0.96493,4.35,2.63
2012.06.01 12:13:30.119,0.96478,0.9649,1.50,2.25
2012.06.01 12:13:30.676,0.96477,0.9649,1.88,2.78
2012.06.01 12:13:31.213,0.96477,0.9649,1.88,2.78
2012.06.01 12:13:31.843,0.96477,0.9649,1.88,2.78
2012.06.01 12:13:32.267,0.96477,0.96485,2.63,1.28
2012.06.01 12:13:32.851,0.96471,0.96479,1.95,2.25
2012.06.01 12:13:33.265,0.96468,0.96479,1.50,2.03
2012.06.01 12:13:33.688,0.9647,0.96481,1.50,2.78
2012.06.01 12:13:33.839,0.9647,0.96483,1.88,4.88
2012.06.01 12:13:33.917,0.96472,0.96483,1.50,1.88
2012.06.01 12:13:34.066,0.96473,0.96485,3.00,1.50
2012.06.01 12:13:34.216,0.96473,0.96483,3.00,1.88
2012.06.01 12:13:34.574,0.96471,0.96483,1.50,4.65
2012.06.01 12:13:35.584,0.96472,0.96483,1.50,1.88
2012.06.01 12:13:36.131,0.96472,0.96483,1.50,1.88
2012.06.01 12:13:36.744,0.96469,0.96481,1.50,1.50
2012.06.01 12:13:37.647,0.96469,0.96482,1.50,3.53
2012.06.01 12:13:37.729,0.96469,0.96482,1.50,4.05
2012.06.01 12:13:38.685,0.96467,0.96478,3.75,1.13
2012.06.01 12:13:39.103,0.96463,0.96477,1.50,3.60
2012.06.01 12:13:39.172,0.96463,0.96477,1.50,3.60
2012.06.01 12:13:39.593,0.96465,0.96477,1.50,2.10
2012.06.01 12:13:39.663,0.96463,0.96477,1.50,2.10
2012.06.01 12:13:41.452,0.96463,0.96477,3.00,4.50
2012.06.01 12:13:41.520,0.96463,0.96476,2.25,1.88
2012.06.01 12:13:41.590,0.96463,0.96476,2.25,1.13
2012.06.01 12:13:41.664,0.96463,0.96477,2.25,3.60
2012.06.01 12:13:42.256,0.96462,0.96475,3.38,1.28
2012.06.01 12:13:42.754,0.96462,0.96475,1.88,2.40
2012.06.01 12:13:42.824,0.96462,0.96475,3.38,2.03
2012.06.01 12:13:42.894,0.96465,0.96475,1.50,1.50
2012.06.01 12:13:43.402,0.96464,0.96478,2.25,5.03
2012.06.01 12:13:44.014,0.96465,0.96478,1.50,3.53
2012.06.01 12:13:44.533,0.96464,0.96478,2.25,5.03
2012.06.01 12:13:45.357,0.96465,0.96478,1.50,3.53
2012.06.01 12:13:45.891,0.96464,0.96478,2.25,3.15
2012.06.01 12:13:50.971,0.96462,0.96478,4.13,4.50
2012.06.01 12:13:52.162,0.96464,0.96478,1.50,5.10
2012.06.01 12:13:52.681,0.96463,0.96478,2.25,3.60
2012.06.01 12:13:54.533,0.96463,0.96478,2.25,3.60
2012.06.01 12:13:54.722,0.96464,0.96478,2.25,5.10
2012.06.01 12:14:00.361,0.96462,0.96477,4.88,2.10
2012.06.01 12:14:00.913,0.96465,0.96477,2.25,1.50
2012.06.01 12:14:01.674,0.96465,0.96478,2.25,3.38
2012.06.01 12:14:02.301,0.96464,0.96478,2.25,4.13
2012.06.01 12:14:03.190,0.96465,0.96478,1.50,2.63
2012.06.01 12:14:03.700,0.96464,0.96478,2.25,2.63
2012.06.01 12:14:03.833,0.96466,0.96478,2.25,2.63
2012.06.01 12:14:04.184,0.96468,0.96481,4.05,2.25
2012.06.01 12:14:04.534,0.96472,0.96482,1.50,1.50
2012.06.01 12:14:05.061,0.9647,0.96483,2.25,4.13
2012.06.01 12:14:05.605,0.9647,0.96482,1.50,1.35
2012.06.01 12:14:05.675,0.96469,0.96482,3.90,1.35
2012.06.01 12:14:06.170,0.96468,0.96481,1.50,2.25
2012.06.01 12:14:06.247,0.96468,0.96479,1.50,1.50
2012.06.01 12:14:07.366,0.96464,0.96477,2.25,2.10
2012.06.01 12:14:08.383,0.96465,0.96477,1.50,2.10
2012.06.01 12:14:08.526,0.96466,0.96477,1.50,1.50
2012.06.01 12:14:08.815,0.96468,0.9648,1.50,2.63
2012.06.01 12:14:08.883,0.96468,0.9648,2.25,1.88
2012.06.01 12:14:09.283,0.96467,0.96479,1.50,4.13
2012.06.01 12:14:11.144,0.96467,0.96478,1.50,1.50
2012.06.01 12:14:11.536,0.96464,0.96477,2.25,1.50
2012.06.01 12:14:12.152,0.96465,0.96478,2.25,1.50
2012.06.01 12:14:12.715,0.96468,0.96473,1.50,1.88
2012.06.01 12:14:12.993,0.96461,0.96473,3.00,4.13
2012.06.01 12:14:13.771,0.96465,0.96477,1.50,1.88
2012.06.01 12:14:15.283,0.96465,0.96478,2.25,1.88
2012.06.01 12:14:16.942,0.96464,0.96477,2.25,1.50
2012.06.01 12:14:17.224,0.96464,0.96474,2.25,1.13
2012.06.01 12:14:17.575,0.9646,0.96473,1.50,3.00
2012.06.01 12:14:18.052,0.96459,0.96473,3.75,1.50
2012.06.01 12:14:18.593,0.9646,0.96474,3.00,4.88
2012.06.01 12:14:19.245,0.96462,0.96474,1.50,4.13
2012.06.01 12:14:20.637,0.96462,0.96474,2.25,3.38
2012.06.01 12:14:20.855,0.96467,0.96476,4.13,1.50
2012.06.01 12:14:21.124,0.96467,0.96478,5.63,1.50
2012.06.01 12:14:21.734,0.96465,0.96478,2.25,4.13
2012.06.01 12:14:23.483,0.96464,0.96477,2.25,1.50
2012.06.01 12:14:24.025,0.96465,0.96478,1.20,4.88
2012.06.01 12:14:24.554,0.96467,0.9648,3.00,3.75
2012.06.01 12:14:24.631,0.96467,0.96481,3.75,2.63
2012.06.01 12:14:28.897,0.96467,0.9648,3.00,1.50
2012.06.01 12:14:29.431,0.96468,0.9648,1.50,1.50
2012.06.01 12:14:30.050,0.96467,0.9648,4.50,1.50
2012.06.01 12:14:30.572,0.96467,0.9648,4.50,1.50
2012.06.01 12:14:34.441,0.96467,0.96478,2.25,1.88
2012.06.01 12:14:34.846,0.96463,0.96476,1.13,1.50
2012.06.01 12:14:35.724,0.96463,0.96477,2.25,2.25
2012.06.01 12:14:37.036,0.96464,0.96478,2.25,2.63
2012.06.01 12:14:40.600,0.96465,0.96478,2.25,2.63
2012.06.01 12:14:40.874,0.96462,0.96473,1.50,4.13
2012.06.01 12:14:42.961,0.96463,0.96473,1.50,4.13
2012.06.01 12:14:43.830,0.96462,0.96473,2.25,4.13
2012.06.01 12:14:44.382,0.96462,0.96477,4.88,1.73
2012.06.01 12:14:44.455,0.96462,0.96477,4.88,1.73
2012.06.01 12:14:44.960,0.96466,0.96478,1.50,3.38
2012.06.01 12:14:45.526,0.96466,0.96479,1.88,3.75
2012.06.01 12:14:45.944,0.9647,0.96481,1.50,1.50
2012.06.01 12:14:46.203,0.96468,0.9648,3.00,1.50
2012.06.01 12:14:48.664,0.96469,0.96482,2.63,3.38
2012.06.01 12:14:48.734,0.96471,0.96482,1.50,2.25
2012.06.01 12:14:54.537,0.96469,0.96482,3.00,2.48
2012.06.01 12:14:54.756,0.96469,0.96482,1.88,5.10
2012.06.01 12:14:54.904,0.96468,0.96479,1.50,1.50
2012.06.01 12:14:55.045,0.96468,0.96482,1.50,4.35
2012.06.01 12:14:56.982,0.96467,0.96473,3.75,1.50
2012.06.01 12:14:57.057,0.96467,0.96473,2.25,3.75
2012.06.01 12:14:57.343,0.96462,0.96473,1.50,3.00
2012.06.01 12:14:57.907,0.96462,0.96473,1.50,4.50
2012.06.01 12:14:58.535,0.96462,0.96473,2.63,3.00
2012.06.01 12:14:58.751,0.96466,0.96476,1.50,1.13
2012.06.01 12:14:59.105,0.9647,0.96482,3.00,1.50
2012.06.01 12:14:59.731,0.96469,0.96481,3.00,1.88
2012.06.01 12:15:00.096,0.96468,0.96474,2.25,2.25
2012.06.01 12:15:00.175,0.96469,0.96478,1.50,1.50
2012.06.01 12:15:00.317,0.96469,0.96479,2.25,2.63
2012.06.01 12:15:00.679,0.96465,0.96477,1.50,1.13
2012.06.01 12:15:01.244,0.96464,0.96476,1.50,2.25
2012.06.01 12:15:01.798,0.96464,0.96478,1.50,3.00
2012.06.01 12:15:01.873,0.96463,0.96478,2.25,3.00
2012.06.01 12:15:02.103,0.96463,0.96478,1.50,3.00
2012.06.01 12:15:02.769,0.96466,0.96478,1.13,3.00
2012.06.01 12:15:03.129,0.96467,0.96474,3.00,1.13
2012.06.01 12:15:03.348,0.96464,0.96473,2.25,3.00
2012.06.01 12:15:03.494,0.96462,0.96473,1.50,3.00
2012.06.01 12:15:04.086,0.96462,0.96473,1.50,3.00
2012.06.01 12:15:04.167,0.96465,0.96473,1.13,3.00
2012.06.01 12:15:04.455,0.96466,0.96475,2.25,1.50
2012.06.01 12:15:05.276,0.96467,0.96479,2.25,2.25
2012.06.01 12:15:05.348,0.96471,0.96481,2.25,1.50
2012.06.01 12:15:05.496,0.96473,0.96485,1.50,2.63
2012.06.01 12:15:06.043,0.96473,0.96486,1.50,1.50
2012.06.01 12:15:07.198,0.96473,0.96485,1.50,1.50
2012.06.01 12:15:07.755,0.96473,0.96484,1.50,1.50
2012.06.01 12:15:08.274,0.96473,0.96485,1.50,1.50
2012.06.01 12:15:08.891,0.96476,0.96485,1.13,1.50
2012.06.01 12:15:09.244,0.96477,0.96489,1.50,3.75
2012.06.01 12:15:09.596,0.96477,0.96489,3.00,2.25
2012.06.01 12:15:09.944,0.96476,0.96487,3.38,3.00
2012.06.01 12:15:10.145,0.96472,0.96482,1.50,2.25
2012.06.01 12:15:10.687,0.96471,0.96482,3.38,2.25
2012.06.01 12:15:10.771,0.96468,0.96481,1.50,1.50
2012.06.01 12:15:11.288,0.96467,0.96479,4.88,3.00
2012.06.01 12:15:11.832,0.96467,0.9648,5.63,2.25
2012.06.01 12:15:12.804,0.96467,0.96481,6.38,2.25
2012.06.01 12:15:13.624,0.96468,0.96482,1.50,3.00
2012.06.01 12:15:14.133,0.96469,0.96482,1.13,1.50
2012.06.01 12:15:14.267,0.96469,0.96483,2.25,6.38
2012.06.01 12:15:14.617,0.96472,0.96486,3.00,1.13
2012.06.01 12:15:15.184,0.96474,0.96487,1.50,1.13
2012.06.01 12:15:21.892,0.96473,0.96487,2.25,2.10
2012.06.01 12:15:21.966,0.96477,0.96488,1.88,1.50
2012.06.01 12:15:22.533,0.96477,0.96491,2.25,2.25
2012.06.01 12:15:22.744,0.96479,0.96492,1.50,1.13
2012.06.01 12:15:23.094,0.96482,0.96495,2.25,1.84
2012.06.01 12:15:23.503,0.96482,0.96497,3.00,1.50
2012.06.01 12:15:24.084,0.96483,0.96497,1.50,1.50
2012.06.01 12:15:24.642,0.96483,0.96495,1.50,1.50
2012.06.01 12:15:25.352,0.96486,0.96496,1.13,1.35
2012.06.01 12:15:25.691,0.96486,0.96499,4.13,1.50
2012.06.01 12:15:26.104,0.96486,0.965,4.88,2.25
2012.06.01 12:15:26.670,0.96486,0.96499,4.88,1.50
2012.06.01 12:15:27.027,0.96486,0.96498,3.00,2.63
2012.06.01 12:15:27.733,0.96484,0.96498,1.13,2.63
2012.06.01 12:15:28.250,0.96483,0.96496,1.50,1.50
2012.06.01 12:15:28.836,0.96484,0.96496,1.50,1.50
2012.06.01 12:15:29.042,0.96487,0.96498,3.00,2.25
2012.06.01 12:15:29.111,0.96488,0.965,1.50,3.00
2012.06.01 12:15:29.362,0.96488,0.96498,1.50,1.50
2012.06.01 12:15:29.713,0.96482,0.96493,1.50,4.13
2012.06.01 12:15:30.125,0.9648,0.96492,2.25,1.50
2012.06.01 12:15:30.267,0.96483,0.96493,1.50,3.00
2012.06.01 12:15:31.118,0.96483,0.96494,3.00,1.50
2012.06.01 12:15:31.267,0.96487,0.96497,1.13,3.00
2012.06.01 12:15:31.813,0.96487,0.965,4.13,3.00
2012.06.01 12:15:31.945,0.96487,0.96497,2.25,1.50
2012.06.01 12:15:32.512,0.96484,0.96497,2.25,1.50
2012.06.01 12:15:33.704,0.96486,0.96498,1.50,3.38
2012.06.01 12:15:33.776,0.96486,0.96498,4.88,2.25
2012.06.01 12:15:34.307,0.96487,0.96499,1.50,1.50
2012.06.01 12:15:36.573,0.96487,0.96499,1.50,2.25
2012.06.01 12:15:38.192,0.96486,0.96498,4.50,3.38
2012.06.01 12:15:38.562,0.96486,0.96498,2.25,3.38
2012.06.01 12:15:39.094,0.96483,0.96494,2.25,1.50
2012.06.01 12:15:39.972,0.96483,0.96495,2.25,1.50
2012.06.01 12:15:41.378,0.96483,0.96494,2.25,1.50
2012.06.01 12:15:41.938,0.96482,0.96494,4.13,1.50
2012.06.01 12:15:42.442,0.96482,0.96495,4.13,1.50
2012.06.01 12:15:42.582,0.96482,0.96498,4.88,4.73
2012.06.01 12:15:44.071,0.96482,0.96498,4.88,4.13
2012.06.01 12:15:46.530,0.96482,0.96497,3.38,1.50
2012.06.01 12:15:47.332,0.96482,0.96498,4.88,4.13
2012.06.01 12:15:48.102,0.96482,0.96497,3.38,1.50
2012.06.01 12:15:48.631,0.96482,0.96497,3.38,2.25
2012.06.01 12:15:53.316,0.96482,0.96496,4.88,1.50
2012.06.01 12:15:53.820,0.96482,0.96498,4.13,4.13
2012.06.01 12:16:06.130,0.96482,0.96496,7.13,1.50
2012.06.01 12:16:06.890,0.96482,0.96498,7.13,4.13
2012.06.01 12:16:09.201,0.96486,0.96498,1.13,3.00
2012.06.01 12:16:09.343,0.96486,0.96499,1.88,2.25
2012.06.01 12:16:09.735,0.96491,0.965,1.50,1.50
2012.06.01 12:16:09.862,0.96492,0.96502,1.50,2.63
2012.06.01 12:16:09.934,0.9649,0.96502,1.50,1.88
2012.06.01 12:16:10.135,0.96491,0.96502,3.00,1.88
2012.06.01 12:16:10.282,0.96492,0.96504,1.50,4.13
2012.06.01 12:16:10.356,0.96495,0.96504,1.50,1.13
2012.06.01 12:16:10.882,0.96495,0.96506,1.50,1.13
2012.06.01 12:16:11.435,0.96494,0.96506,2.25,1.13
2012.06.01 12:16:12.123,0.96498,0.96511,3.00,3.00
2012.06.01 12:16:12.204,0.96496,0.96508,1.50,1.50
2012.06.01 12:16:12.414,0.96493,0.96508,2.25,1.50
2012.06.01 12:16:12.946,0.96495,0.96508,1.50,1.50
2012.06.01 12:16:13.491,0.96494,0.96508,2.25,1.50
2012.06.01 12:16:14.025,0.96493,0.96508,5.10,1.50
2012.06.01 12:16:14.603,0.96495,0.96508,1.50,1.50
2012.06.01 12:16:14.673,0.96496,0.96509,1.88,2.25
2012.06.01 12:16:15.994,0.96495,0.96508,2.25,1.50
2012.06.01 12:16:16.512,0.96494,0.96508,1.50,3.60
2012.06.01 12:16:17.053,0.96492,0.96507,2.25,2.25
2012.06.01 12:16:19.212,0.96492,0.96505,1.50,2.25
2012.06.01 12:16:20.206,0.96494,0.96505,1.50,3.00
2012.06.01 12:16:20.756,0.96492,0.96505,6.38,1.50
2012.06.01 12:16:23.085,0.96492,0.96504,5.63,1.50
2012.06.01 12:16:23.777,0.96497,0.96507,2.25,1.50
2012.06.01 12:16:23.852,0.96495,0.96505,1.50,1.50
2012.06.01 12:16:24.064,0.96492,0.96506,7.50,2.25
2012.06.01 12:16:24.203,0.96492,0.96506,5.25,2.25
2012.06.01 12:16:24.332,0.96492,0.96506,5.25,2.25
2012.06.01 12:16:25.313,0.96492,0.96506,5.25,2.25
2012.06.01 12:16:28.142,0.96493,0.96506,1.50,2.25
2012.06.01 12:16:28.698,0.96497,0.96506,3.00,1.50
2012.06.01 12:16:29.225,0.96497,0.96509,4.13,2.25
2012.06.01 12:16:29.563,0.96494,0.96507,1.50,1.50
2012.06.01 12:16:30.123,0.96492,0.96506,5.25,2.25
2012.06.01 12:16:30.534,0.96492,0.96504,3.00,4.88
2012.06.01 12:16:31.152,0.96497,0.96504,2.25,4.13
2012.06.01 12:16:31.234,0.96498,0.96508,2.25,1.50
2012.06.01 12:16:31.522,0.965,0.96512,1.50,1.50
2012.06.01 12:16:31.594,0.96498,0.96512,2.25,1.50
2012.06.01 12:16:32.144,0.96499,0.96512,1.50,1.50
2012.06.01 12:16:32.655,0.96498,0.96512,1.50,1.50
2012.06.01 12:16:33.672,0.96499,0.96512,1.50,1.50
2012.06.01 12:16:34.204,0.965,0.96512,1.50,1.50
2012.06.01 12:16:34.414,0.96498,0.96512,3.00,1.50
2012.06.01 12:16:36.069,0.96499,0.96512,1.50,1.50
2012.06.01 12:16:36.149,0.96498,0.96512,1.50,2.93
2012.06.01 12:16:36.474,0.96502,0.96512,1.13,2.85
2012.06.01 12:16:36.613,0.96502,0.96515,1.88,3.75
2012.06.01 12:16:36.823,0.96504,0.96515,1.50,1.50
2012.06.01 12:16:36.964,0.96504,0.96518,2.25,3.00
2012.06.01 12:16:39.473,0.96502,0.96516,3.38,2.25
2012.06.01 12:16:42.916,0.96503,0.96513,1.50,1.88
2012.06.01 12:16:43.053,0.965,0.96513,8.67,1.88
2012.06.01 12:16:43.588,0.965,0.96513,3.75,1.88
2012.06.01 12:16:44.298,0.96498,0.96512,3.00,2.25
2012.06.01 12:16:44.796,0.96497,0.96511,4.88,3.75
2012.06.01 12:16:45.332,0.96497,0.96511,5.63,3.00
2012.06.01 12:16:45.534,0.96498,0.96511,2.40,3.00
2012.06.01 12:16:46.766,0.96502,0.96513,1.50,1.88
2012.06.01 12:16:47.503,0.96502,0.96515,1.50,4.50
2012.06.01 12:16:47.572,0.96503,0.96515,1.50,1.50
2012.06.01 12:16:48.104,0.96503,0.96516,1.50,2.25
2012.06.01 12:16:48.625,0.96503,0.96516,1.65,2.25
2012.06.01 12:16:48.974,0.9651,0.96519,1.50,1.50
2012.06.01 12:16:49.045,0.9651,0.96522,1.50,3.00
2012.06.01 12:16:49.693,0.96508,0.9652,3.75,1.50
2012.06.01 12:16:49.767,0.96508,0.96522,3.75,3.00
2012.06.01 12:16:53.893,0.96508,0.96522,3.00,3.00
2012.06.01 12:16:54.021,0.96508,0.96521,3.00,1.50
2012.06.01 12:16:54.542,0.96508,0.96519,3.00,2.25
2012.06.01 12:16:59.755,0.96508,0.96519,3.00,2.25
2012.06.01 12:17:02.481,0.96505,0.96518,2.25,3.00
2012.06.01 12:17:02.552,0.96505,0.96518,1.13,3.00
2012.06.01 12:17:03.110,0.96504,0.96517,1.13,2.25
2012.06.01 12:17:03.182,0.96505,0.96517,1.13,1.50
2012.06.01 12:17:03.776,0.96505,0.96518,1.88,3.00
2012.06.01 12:17:04.291,0.96505,0.96518,1.88,3.00
2012.06.01 12:17:05.252,0.96505,0.96518,1.88,3.00
2012.06.01 12:17:07.284,0.96505,0.96517,1.13,1.50
2012.06.01 12:17:09.672,0.96504,0.96518,1.13,1.50
2012.06.01 12:17:10.295,0.96504,0.96517,1.13,1.50
2012.06.01 12:17:11.172,0.96504,0.96518,2.63,3.00
2012.06.01 12:17:11.493,0.96507,0.96518,1.13,3.00
2012.06.01 12:17:11.623,0.96508,0.9652,3.00,3.00
2012.06.01 12:17:12.074,0.96508,0.96518,3.00,1.50
2012.06.01 12:17:12.213,0.96508,0.9652,3.00,2.25
2012.06.01 12:17:14.796,0.96508,0.96519,3.00,3.00
2012.06.01 12:17:15.005,0.96508,0.96517,3.00,1.50
2012.06.01 12:17:15.076,0.96505,0.96517,1.13,2.25
2012.06.01 12:17:22.272,0.96505,0.96517,2.63,2.25
2012.06.01 12:17:22.534,0.9651,0.9652,1.50,1.88
2012.06.01 12:17:22.874,0.96511,0.9652,2.25,1.13
2012.06.01 12:17:23.015,0.96512,0.96524,1.50,2.63
2012.06.01 12:17:23.563,0.96512,0.96524,1.50,3.38
2012.06.01 12:17:25.484,0.96513,0.96524,2.25,1.50
2012.06.01 12:17:25.999,0.96513,0.96526,2.25,2.25
2012.06.01 12:17:30.481,0.96513,0.96527,2.25,2.25
2012.06.01 12:17:30.733,0.96513,0.96525,2.25,1.50
2012.06.01 12:17:30.800,0.96513,0.96527,2.25,3.75
2012.06.01 12:17:31.437,0.96513,0.96525,1.50,1.50
2012.06.01 12:17:31.973,0.96513,0.96526,1.50,1.50
2012.06.01 12:17:33.973,0.96513,0.96528,3.00,3.23
2012.06.01 12:17:42.172,0.96513,0.96523,1.50,1.88
2012.06.01 12:17:42.385,0.9651,0.96523,2.63,5.48
2012.06.01 12:17:42.594,0.96507,0.9652,7.13,1.88
2012.06.01 12:17:42.667,0.96507,0.9652,4.88,1.88
2012.06.01 12:17:43.418,0.96504,0.96514,1.13,3.00
2012.06.01 12:17:43.773,0.96507,0.96514,2.25,1.88
2012.06.01 12:17:44.139,0.96501,0.96513,2.25,3.00
2012.06.01 12:17:44.484,0.96501,0.96516,2.63,1.13
2012.06.01 12:17:45.095,0.96502,0.96517,1.50,2.25
2012.06.01 12:17:49.811,0.96504,0.96518,1.50,3.00
2012.06.01 12:17:54.691,0.96507,0.96518,1.13,1.50
2012.06.01 12:17:55.023,0.96507,0.9652,4.13,3.75
2012.06.01 12:17:56.304,0.96504,0.96519,1.13,2.48
2012.06.01 12:17:56.572,0.96503,0.96517,2.25,2.25
2012.06.01 12:17:59.382,0.96502,0.96519,3.00,5.48
2012.06.01 12:17:59.932,0.96502,0.96517,3.75,1.50
2012.06.01 12:18:00.713,0.96502,0.96517,3.00,1.50
2012.06.01 12:18:01.054,0.96506,0.96517,1.50,1.50
2012.06.01 12:18:01.612,0.96504,0.96519,2.25,5.48
2012.06.01 12:18:23.119,0.96504,0.96517,2.25,1.50
2012.06.01 12:18:26.244,0.96505,0.96518,1.50,1.50
2012.06.01 12:18:27.061,0.96503,0.96518,1.50,1.50
2012.06.01 12:18:27.130,0.96503,0.96519,2.25,3.38
2012.06.01 12:18:27.794,0.96509,0.96522,1.50,3.00
2012.06.01 12:18:28.193,0.9651,0.96522,1.50,1.50
2012.06.01 12:18:28.403,0.96512,0.96523,3.00,2.63
2012.06.01 12:18:28.921,0.96512,0.96523,3.00,1.88
2012.06.01 12:18:29.480,0.96513,0.96523,3.00,1.88
2012.06.01 12:18:30.000,0.96513,0.96523,3.00,1.88
2012.06.01 12:18:30.670,0.96513,0.96524,2.25,2.25
2012.06.01 12:18:31.179,0.96514,0.96526,2.25,1.13
2012.06.01 12:18:31.690,0.96513,0.96527,3.75,3.38
2012.06.01 12:18:36.660,0.96517,0.96527,2.25,1.88
2012.06.01 12:18:37.016,0.96517,0.96529,3.00,1.50
2012.06.01 12:18:37.294,0.96518,0.96531,3.00,1.50
2012.06.01 12:18:41.534,0.96521,0.96533,1.50,4.50
2012.06.01 12:18:41.733,0.96521,0.96533,1.50,3.75
2012.06.01 12:18:42.015,0.96524,0.96533,2.25,2.25
2012.06.01 12:18:42.083,0.96524,0.96535,2.25,1.13
2012.06.01 12:18:42.649,0.96523,0.96537,1.50,1.13
2012.06.01 12:18:43.271,0.96523,0.96538,3.00,1.13
2012.06.01 12:18:47.174,0.96523,0.96534,3.00,1.13
2012.06.01 12:18:47.314,0.96522,0.96533,1.50,2.25
2012.06.01 12:18:47.777,0.96519,0.96532,3.00,3.38
2012.06.01 12:18:47.857,0.96519,0.96531,2.25,1.50
2012.06.01 12:18:48.393,0.96519,0.9653,2.25,2.25
2012.06.01 12:18:48.712,0.96519,0.96528,1.50,2.25
2012.06.01 12:18:49.102,0.96515,0.96527,3.00,2.25
2012.06.01 12:18:50.042,0.96515,0.96529,1.50,3.38
2012.06.01 12:18:50.493,0.96514,0.96529,1.50,3.38
2012.06.01 12:18:52.442,0.96514,0.96529,1.50,3.38
2012.06.01 12:18:55.813,0.96513,0.96527,3.00,3.00
2012.06.01 12:18:56.164,0.96511,0.96523,3.75,1.13
2012.06.01 12:18:56.234,0.96511,0.96523,3.00,1.88
2012.06.01 12:18:56.444,0.96509,0.96523,1.50,3.38
2012.06.01 12:18:56.852,0.96511,0.96523,1.50,1.88
2012.06.01 12:18:57.236,0.96509,0.96523,1.50,3.38
2012.06.01 12:18:57.827,0.96511,0.96523,1.50,1.88
2012.06.01 12:18:58.041,0.96509,0.96523,2.25,1.88
2012.06.01 12:18:58.522,0.9651,0.96523,1.50,2.48
2012.06.01 12:18:59.075,0.96511,0.96523,1.50,1.88
2012.06.01 12:18:59.282,0.96511,0.96523,1.50,1.13
2012.06.01 12:18:59.845,0.96511,0.96523,1.50,1.88
2012.06.01 12:18:59.914,0.96517,0.96524,1.13,2.63
2012.06.01 12:19:00.269,0.96517,0.96523,2.25,1.13
2012.06.01 12:19:00.347,0.96514,0.96523,1.13,1.13
2012.06.01 12:19:00.693,0.96512,0.96523,1.50,1.13
2012.06.01 12:19:02.674,0.96516,0.96524,1.88,4.13
2012.06.01 12:19:02.884,0.96516,0.96527,3.38,1.50
2012.06.01 12:19:03.352,0.96514,0.96525,1.50,1.50
2012.06.01 12:19:03.905,0.96514,0.96527,2.25,1.50
2012.06.01 12:19:04.463,0.96514,0.96527,2.25,2.25
2012.06.01 12:19:05.021,0.96515,0.96527,1.50,2.25
2012.06.01 12:19:05.481,0.96515,0.96525,1.50,1.50
2012.06.01 12:19:05.622,0.96515,0.96527,1.50,2.25
2012.06.01 12:19:06.217,0.96515,0.96526,1.50,1.50
2012.06.01 12:19:07.313,0.96515,0.96525,1.50,1.50
2012.06.01 12:19:08.242,0.96514,0.96527,2.25,2.25
2012.06.01 12:19:10.671,0.96515,0.96527,1.50,2.25
2012.06.01 12:19:14.324,0.96511,0.96524,5.25,1.88
2012.06.01 12:19:14.668,0.9651,0.96522,1.50,2.25
2012.06.01 12:19:14.887,0.96505,0.96519,3.00,1.88
2012.06.01 12:19:15.035,0.96503,0.96518,3.00,1.50
2012.06.01 12:19:15.774,0.96504,0.96518,1.50,1.50
2012.06.01 12:19:16.303,0.96505,0.96518,1.50,2.25
2012.06.01 12:19:17.865,0.96503,0.96518,2.25,2.25
2012.06.01 12:19:18.370,0.96504,0.96518,1.50,2.25
2012.06.01 12:19:18.921,0.96503,0.96518,2.85,1.50
2012.06.01 12:19:19.674,0.96504,0.96518,1.50,1.50
2012.06.01 12:19:21.781,0.96504,0.96518,2.25,1.50
2012.06.01 12:19:23.012,0.96504,0.96518,2.25,1.50
2012.06.01 12:19:23.582,0.96505,0.96518,1.50,1.50
2012.06.01 12:19:23.652,0.96505,0.96518,1.50,1.50
2012.06.01 12:19:25.072,0.96505,0.96519,2.25,4.13
2012.06.01 12:19:25.471,0.96505,0.96519,2.25,3.38
2012.06.01 12:19:26.682,0.96508,0.96521,1.88,4.88
2012.06.01 12:19:26.753,0.9651,0.96521,1.50,4.50
2012.06.01 12:19:27.028,0.96511,0.96523,2.25,3.38
2012.06.01 12:19:27.306,0.96511,0.96523,3.00,3.00
2012.06.01 12:19:29.087,0.96511,0.96523,3.00,3.00
2012.06.01 12:19:29.297,0.96513,0.96526,1.50,1.13
2012.06.01 12:19:29.843,0.96513,0.96524,1.50,2.10
2012.06.01 12:19:30.392,0.96511,0.96524,1.35,3.00
2012.06.01 12:19:30.954,0.9651,0.96524,2.85,3.60
2012.06.01 12:19:31.225,0.9651,0.96521,2.25,1.13
2012.06.01 12:19:31.566,0.96506,0.96519,2.89,2.63
2012.06.01 12:19:31.717,0.96504,0.96517,2.25,1.50
2012.06.01 12:19:31.794,0.96503,0.96517,4.73,3.00
2012.06.01 12:19:31.994,0.96504,0.96517,1.50,1.50
2012.06.01 12:19:33.382,0.96503,0.96517,2.10,1.50
2012.06.01 12:19:33.975,0.96503,0.96517,3.60,1.50
2012.06.01 12:19:34.044,0.96504,0.96517,1.35,1.50
2012.06.01 12:19:34.115,0.96504,0.96519,1.35,4.88
2012.06.01 12:19:35.181,0.96506,0.96519,2.25,1.88
2012.06.01 12:19:36.054,0.96507,0.96519,2.25,1.88
2012.06.01 12:19:36.405,0.96506,0.96519,2.25,1.88
2012.06.01 12:19:36.614,0.96506,0.96519,2.25,1.88
2012.06.01 12:19:37.121,0.96506,0.96519,2.25,1.88
2012.06.01 12:19:38.281,0.96506,0.96519,3.75,1.88
2012.06.01 12:19:39.739,0.96505,0.96518,1.88,2.25
2012.06.01 12:19:43.674,0.96505,0.96519,3.75,4.13
2012.06.01 12:19:44.223,0.96506,0.96519,2.25,1.88
2012.06.01 12:19:44.945,0.96507,0.96519,1.50,1.88
2012.06.01 12:19:45.453,0.96506,0.96519,1.50,3.38
2012.06.01 12:19:47.055,0.96507,0.9652,2.25,2.63
2012.06.01 12:19:47.126,0.96509,0.9652,1.13,1.88
2012.06.01 12:19:47.274,0.96512,0.96521,1.50,3.00
2012.06.01 12:19:47.347,0.96512,0.96523,1.50,1.50
2012.06.01 12:19:47.954,0.96511,0.96524,3.00,1.35
2012.06.01 12:19:48.366,0.96509,0.9652,2.25,1.13
2012.06.01 12:19:48.701,0.96507,0.9652,3.00,2.63
2012.06.01 12:19:50.358,0.96507,0.9652,3.00,2.63
2012.06.01 12:19:50.867,0.96507,0.9652,2.25,2.63
2012.06.01 12:19:51.404,0.96507,0.9652,2.25,2.63
2012.06.01 12:19:52.097,0.96505,0.9652,3.75,3.38
2012.06.01 12:19:58.659,0.96505,0.96519,2.25,1.50
2012.06.01 12:19:59.032,0.96508,0.96522,3.38,5.25
2012.06.01 12:19:59.514,0.9651,0.96523,1.50,1.50
2012.06.01 12:19:59.864,0.96508,0.96518,1.50,2.25
2012.06.01 12:20:00.357,0.96508,0.96522,3.00,3.00
2012.06.01 12:20:00.505,0.96508,0.96515,3.00,1.13
2012.06.01 12:20:00.859,0.96505,0.96514,1.50,3.00
2012.06.01 12:20:01.003,0.96505,0.96518,1.50,2.63
2012.06.01 12:20:01.589,0.96505,0.96515,1.50,1.50
2012.06.01 12:20:01.738,0.96505,0.96514,1.50,1.13
2012.06.01 12:20:02.227,0.96505,0.96514,1.50,1.13
2012.06.01 12:20:02.311,0.96505,0.96517,1.50,1.50
2012.06.01 12:20:03.017,0.96505,0.96518,3.00,1.13
2012.06.01 12:20:03.587,0.96508,0.96521,2.63,3.75
2012.06.01 12:20:03.725,0.9651,0.96521,1.50,1.50
2012.06.01 12:20:03.922,0.9651,0.96522,1.50,2.25
2012.06.01 12:20:04.256,0.96508,0.96522,7.88,3.75
2012.06.01 12:20:04.546,0.96508,0.96522,7.13,3.00
2012.06.01 12:20:05.026,0.96518,0.96524,3.00,1.13
2012.06.01 12:20:05.522,0.96514,0.96524,3.00,1.13
2012.06.01 12:20:06.342,0.96513,0.96528,3.75,1.50
2012.06.01 12:20:06.412,0.96513,0.96528,3.00,1.50
2012.06.01 12:20:07.033,0.96513,0.96528,3.00,1.50
2012.06.01 12:20:07.909,0.96513,0.96527,2.25,1.50
2012.06.01 12:20:08.172,0.96513,0.96526,1.50,3.00
2012.06.01 12:20:09.262,0.96513,0.96526,2.25,2.25
2012.06.01 12:20:09.596,0.96512,0.96525,2.63,1.50
2012.06.01 12:20:10.131,0.96512,0.96525,1.88,3.00
2012.06.01 12:20:11.385,0.96511,0.96522,1.50,1.50
2012.06.01 12:20:12.153,0.96512,0.96522,1.50,1.50
2012.06.01 12:20:12.223,0.9651,0.96522,2.25,1.50
2012.06.01 12:20:13.113,0.96511,0.96522,1.50,1.50
2012.06.01 12:20:18.025,0.96512,0.96525,1.50,5.25
2012.06.01 12:20:18.664,0.96514,0.96525,1.13,3.38
2012.06.01 12:20:18.734,0.96522,0.96532,1.50,1.50
2012.06.01 12:20:19.284,0.96521,0.96534,1.50,4.88
2012.06.01 12:20:20.212,0.96521,0.96534,1.50,6.38
2012.06.01 12:20:20.425,0.96522,0.96534,1.88,3.00
2012.06.01 12:20:20.496,0.96522,0.96536,6.75,1.88
2012.06.01 12:20:20.574,0.96526,0.96536,1.50,1.13
2012.06.01 12:20:21.102,0.96524,0.96536,2.25,1.88
2012.06.01 12:20:35.688,0.96529,0.96536,2.25,1.50
2012.06.01 12:20:36.655,0.96529,0.96538,2.25,1.88
2012.06.01 12:20:36.855,0.96536,0.96541,2.25,3.00
2012.06.01 12:20:38.022,0.96528,0.9654,1.50,1.50
2012.06.01 12:20:38.164,0.96536,0.96541,2.25,1.50
2012.06.01 12:20:38.806,0.96535,0.96544,1.50,2.63
2012.06.01 12:20:39.343,0.96535,0.96541,1.50,3.00
2012.06.01 12:20:40.984,0.96535,0.96541,2.25,1.50
2012.06.01 12:20:41.571,0.9653,0.96538,2.25,1.50
2012.06.01 12:20:42.333,0.96536,0.9654,2.25,1.50
2012.06.01 12:20:42.602,0.9653,0.96538,2.25,1.50
2012.06.01 12:20:46.274,0.9653,0.96539,2.25,2.25
2012.06.01 12:20:46.416,0.96536,0.9654,2.25,1.50
2012.06.01 12:20:46.920,0.96528,0.96538,1.50,1.50
2012.06.01 12:20:47.456,0.96536,0.96541,2.25,1.50
2012.06.01 12:20:47.679,0.96536,0.96542,2.25,1.50
2012.06.01 12:20:48.316,0.9653,0.96542,1.50,2.25
2012.06.01 12:20:48.653,0.96529,0.96538,2.25,1.88
2012.06.01 12:20:49.694,0.96529,0.96538,2.25,1.13
2012.06.01 12:20:49.763,0.96529,0.96541,3.75,2.25
2012.06.01 12:20:49.833,0.96535,0.96541,2.25,1.35
2012.06.01 12:20:50.353,0.96535,0.96541,2.25,2.10
2012.06.01 12:20:50.685,0.96525,0.96537,2.25,1.50
2012.06.01 12:20:51.035,0.9653,0.96537,2.25,2.10
2012.06.01 12:20:52.743,0.96536,0.96541,2.25,1.50
2012.06.01 12:20:53.027,0.96531,0.96541,1.50,1.50
2012.06.01 12:20:53.440,0.96536,0.96542,2.25,2.25
2012.06.01 12:20:53.985,0.96536,0.96544,2.25,2.63
2012.06.01 12:20:54.855,0.96538,0.96548,2.25,1.50
2012.06.01 12:20:55.265,0.96537,0.96548,3.00,3.38
2012.06.01 12:20:55.335,0.96538,0.96548,3.00,3.38
2012.06.01 12:20:55.675,0.96541,0.96548,1.50,1.88
2012.06.01 12:20:55.813,0.96542,0.9655,1.50,1.50
2012.06.01 12:20:55.884,0.96544,0.9655,2.25,1.50
2012.06.01 12:20:55.962,0.96542,0.96551,1.50,1.50
2012.06.01 12:20:56.036,0.96542,0.96549,1.50,2.63
2012.06.01 12:20:56.116,0.96539,0.96549,2.25,2.63
2012.06.01 12:20:58.726,0.96535,0.96543,2.63,1.13
2012.06.01 12:20:59.053,0.96538,0.96546,2.25,1.88
2012.06.01 12:20:59.724,0.96538,0.96547,2.25,1.50
2012.06.01 12:21:01.125,0.96538,0.96547,2.25,1.50
2012.06.01 12:21:01.478,0.96534,0.96541,2.25,1.50
2012.06.01 12:21:01.825,0.96528,0.96539,2.25,1.88
2012.06.01 12:21:02.865,0.96528,0.96537,2.25,2.25
2012.06.01 12:21:03.563,0.9652,0.96526,2.25,1.50
2012.06.01 12:21:03.862,0.96516,0.96529,3.38,1.50
2012.06.01 12:21:03.936,0.96524,0.96531,2.25,1.50
2012.06.01 12:21:04.685,0.96521,0.96528,1.50,1.13
2012.06.01 12:21:05.145,0.96518,0.96528,3.75,1.13
2012.06.01 12:21:05.356,0.96518,0.96528,3.75,1.13
2012.06.01 12:21:05.703,0.96524,0.96533,2.25,3.38
2012.06.01 12:21:06.368,0.96519,0.96527,3.00,1.13
2012.06.01 12:21:06.946,0.96519,0.96527,3.00,1.13
2012.06.01 12:21:07.614,0.96519,0.96527,3.75,1.13
2012.06.01 12:21:07.756,0.96521,0.96527,1.50,1.13
2012.06.01 12:21:07.827,0.96524,0.96532,2.25,1.88
2012.06.01 12:21:08.746,0.96524,0.96535,2.25,1.88
2012.06.01 12:21:08.817,0.96525,0.96535,1.13,1.13
2012.06.01 12:21:09.172,0.96529,0.96537,2.25,1.13
2012.06.01 12:21:10.989,0.96529,0.9654,3.00,2.63
2012.06.01 12:21:11.136,0.96535,0.96542,2.25,4.35
2012.06.01 12:21:11.363,0.9653,0.96538,1.50,1.13
2012.06.01 12:21:11.433,0.96528,0.96538,4.50,1.13
2012.06.01 12:21:16.442,0.96528,0.96538,2.25,2.63
2012.06.01 12:21:16.774,0.96525,0.9653,1.13,1.50
2012.06.01 12:21:16.846,0.96525,0.96531,2.25,1.50
2012.06.01 12:21:17.415,0.96525,0.96532,3.00,1.13
2012.06.01 12:21:18.435,0.96525,0.96536,3.75,2.63
2012.06.01 12:21:18.574,0.96529,0.96536,2.25,1.13
2012.06.01 12:21:18.972,0.96529,0.96538,3.00,2.63
2012.06.01 12:21:19.043,0.96529,0.96538,2.25,2.63
2012.06.01 12:21:19.718,0.96524,0.96534,1.50,1.20
2012.06.01 12:21:19.800,0.96525,0.96531,2.25,2.25
2012.06.01 12:21:20.227,0.96518,0.96527,3.00,1.13
2012.06.01 12:21:20.375,0.96519,0.96527,2.25,1.88
2012.06.01 12:21:24.439,0.96519,0.96527,3.00,1.13
2012.06.01 12:21:24.513,0.96519,0.96527,3.00,1.13
2012.06.01 12:21:24.786,0.96523,0.96528,1.13,2.25
2012.06.01 12:21:24.994,0.96525,0.96535,3.38,1.50
2012.06.01 12:21:25.069,0.96525,0.96537,4.13,4.13
2012.06.01 12:21:25.404,0.96528,0.96539,3.00,2.25
2012.06.01 12:21:25.548,0.96528,0.96537,2.25,1.50
2012.06.01 12:21:27.083,0.96528,0.96538,2.25,1.88
2012.06.01 12:21:27.252,0.96528,0.96536,2.25,1.50
2012.06.01 12:21:27.781,0.96528,0.96538,2.25,3.38
2012.06.01 12:21:28.184,0.96523,0.96537,3.00,1.50
2012.06.01 12:21:28.437,0.96524,0.96537,2.10,1.50
2012.06.01 12:21:28.954,0.96527,0.9654,3.00,2.25
2012.06.01 12:21:29.515,0.96529,0.96543,3.00,5.63
2012.06.01 12:21:30.022,0.9653,0.96543,1.50,1.88
2012.06.01 12:21:30.494,0.96529,0.96543,1.50,1.88
2012.06.01 12:21:30.623,0.96529,0.96543,2.25,1.88
2012.06.01 12:21:31.376,0.96535,0.96547,2.25,3.75
2012.06.01 12:21:33.333,0.96533,0.96547,3.00,3.98
2012.06.01 12:21:33.793,0.96534,0.96547,1.50,2.63
2012.06.01 12:21:36.374,0.96533,0.96545,1.50,1.50
2012.06.01 12:21:37.116,0.96532,0.96543,1.50,1.50
2012.06.01 12:21:37.968,0.96533,0.96543,1.50,1.50
2012.06.01 12:21:38.319,0.96534,0.96547,1.50,1.88
2012.06.01 12:21:38.911,0.96536,0.96547,1.50,1.88
2012.06.01 12:21:39.717,0.96535,0.96547,2.25,1.88
2012.06.01 12:21:40.270,0.96536,0.96547,1.50,1.88
2012.06.01 12:21:40.879,0.96535,0.96547,1.16,1.13
2012.06.01 12:21:40.963,0.96537,0.96547,1.50,1.13
2012.06.01 12:21:41.318,0.9654,0.96549,1.50,1.13
2012.06.01 12:21:41.468,0.96541,0.96553,2.63,2.25
2012.06.01 12:21:41.544,0.96542,0.96556,1.50,2.16
2012.06.01 12:21:41.965,0.96544,0.96557,2.25,1.88
2012.06.01 12:21:43.025,0.96544,0.96557,3.00,1.13
2012.06.01 12:21:45.253,0.96547,0.96558,3.00,2.25
2012.06.01 12:21:50.284,0.96547,0.9656,4.50,2.25
2012.06.01 12:21:50.634,0.9655,0.9656,1.50,1.50
2012.06.01 12:21:50.845,0.96552,0.96565,1.50,2.25
2012.06.01 12:21:51.866,0.96551,0.96563,2.25,3.00
2012.06.01 12:21:52.392,0.96549,0.96563,1.50,3.00
2012.06.01 12:21:54.150,0.96549,0.96563,1.50,3.75
2012.06.01 12:21:55.003,0.96548,0.96563,3.75,3.75
2012.06.01 12:21:55.458,0.96548,0.96562,3.75,1.35
2012.06.01 12:21:56.111,0.9655,0.96562,1.50,1.50
2012.06.01 12:21:59.331,0.96551,0.96563,1.50,3.75
2012.06.01 12:22:00.135,0.96549,0.96563,5.48,3.00
2012.06.01 12:22:00.476,0.96549,0.96561,1.50,1.88
2012.06.01 12:22:00.825,0.96547,0.96559,3.00,2.25
2012.06.01 12:22:01.036,0.96545,0.96558,2.25,1.50
2012.06.01 12:22:01.183,0.96543,0.96557,3.75,3.00
2012.06.01 12:22:02.793,0.96544,0.96557,2.25,1.50
2012.06.01 12:22:03.065,0.96546,0.96558,1.50,1.50
2012.06.01 12:22:03.334,0.96544,0.96559,4.35,2.63
2012.06.01 12:22:03.403,0.96546,0.96559,1.50,2.63
2012.06.01 12:22:03.911,0.96546,0.96559,1.50,2.63
2012.06.01 12:22:04.436,0.96546,0.96559,2.25,2.63
2012.06.01 12:22:05.356,0.96545,0.96559,2.25,4.13
2012.06.01 12:22:07.474,0.96548,0.96559,1.50,2.63
2012.06.01 12:22:07.993,0.96547,0.96559,1.50,2.63
2012.06.01 12:22:08.532,0.96547,0.96559,1.50,2.63
2012.06.01 12:22:10.723,0.96547,0.96561,5.48,2.25
2012.06.01 12:22:10.935,0.96549,0.96563,1.50,5.63
2012.06.01 12:22:11.263,0.96548,0.96562,3.00,2.25
2012.06.01 12:22:13.585,0.96549,0.96563,1.50,6.38
2012.06.01 12:22:14.264,0.96549,0.96562,1.50,1.50
2012.06.01 12:22:14.572,0.96546,0.96559,2.25,1.88
2012.06.01 12:22:15.245,0.96545,0.96559,2.25,4.13
2012.06.01 12:22:15.979,0.96543,0.96557,3.00,2.25
2012.06.01 12:22:16.056,0.96542,0.96556,3.75,2.25
2012.06.01 12:22:16.978,0.96542,0.96554,1.50,1.50
2012.06.01 12:22:17.053,0.9654,0.96552,1.50,1.50
2012.06.01 12:22:17.332,0.96541,0.96554,3.38,3.00
2012.06.01 12:22:17.702,0.96544,0.96556,1.50,1.13
2012.06.01 12:22:18.365,0.96543,0.96556,2.25,1.13
2012.06.01 12:22:18.885,0.96544,0.96558,1.50,2.25
2012.06.01 12:22:19.424,0.96545,0.96559,1.50,2.63
2012.06.01 12:22:20.531,0.96542,0.96558,3.75,2.63
2012.06.01 12:22:23.015,0.96544,0.96558,1.50,2.25
2012.06.01 12:22:24.050,0.96546,0.96559,1.50,2.63
2012.06.01 12:22:25.030,0.96544,0.96559,3.00,2.63
2012.06.01 12:22:25.592,0.96545,0.96557,2.25,1.50
2012.06.01 12:22:25.662,0.96545,0.96559,3.00,1.88
2012.06.01 12:22:25.873,0.96547,0.9656,4.50,1.50
2012.06.01 12:22:25.949,0.96549,0.9656,1.50,1.50
2012.06.01 12:22:26.092,0.96547,0.96561,4.50,2.25
2012.06.01 12:22:26.527,0.96547,0.96557,1.50,1.50
2012.06.01 12:22:27.183,0.96546,0.96558,2.25,2.63
2012.06.01 12:22:27.753,0.96545,0.96558,1.50,2.63
2012.06.01 12:22:28.434,0.96543,0.96558,2.25,4.13
2012.06.01 12:22:29.217,0.96544,0.96557,2.25,1.50
2012.06.01 12:22:31.554,0.96545,0.96557,1.50,2.10
2012.06.01 12:22:32.215,0.96543,0.96557,2.25,3.60
2012.06.01 12:22:35.473,0.96543,0.96556,1.50,3.00
2012.06.01 12:22:35.618,0.96539,0.96552,1.50,2.25
2012.06.01 12:22:35.696,0.96538,0.96548,2.25,1.13
2012.06.01 12:22:36.047,0.96542,0.9655,1.88,2.25
2012.06.01 12:22:36.266,0.9654,0.96551,2.25,1.13
2012.06.01 12:22:36.407,0.96537,0.96552,3.38,3.23
2012.06.01 12:22:36.561,0.96535,0.96548,3.15,2.63
2012.06.01 12:22:36.893,0.96533,0.96547,2.25,1.50
2012.06.01 12:22:37.425,0.96534,0.96547,1.50,1.50
2012.06.01 12:22:38.793,0.96534,0.96547,1.50,1.50
2012.06.01 12:22:39.146,0.9653,0.96538,1.50,1.13
2012.06.01 12:22:39.288,0.96528,0.96538,2.25,1.88
2012.06.01 12:22:39.368,0.96526,0.96538,3.75,1.88
2012.06.01 12:22:39.583,0.96527,0.96541,2.63,4.50
2012.06.01 12:22:40.103,0.96527,0.96543,4.13,4.73
2012.06.01 12:22:40.869,0.96532,0.96543,1.88,1.50
2012.06.01 12:22:41.444,0.96532,0.96544,1.88,2.25
2012.06.01 12:22:42.182,0.9653,0.96542,1.50,1.73
2012.06.01 12:22:42.257,0.96527,0.96539,4.13,2.25
2012.06.01 12:22:42.822,0.96524,0.96538,2.25,2.63
2012.06.01 12:22:43.332,0.96523,0.96537,2.44,2.25
2012.06.01 12:22:44.594,0.96523,0.96538,2.44,2.63
2012.06.01 12:22:44.795,0.96523,0.96538,2.44,2.63
2012.06.01 12:22:45.501,0.96525,0.96538,2.63,2.63
2012.06.01 12:22:46.233,0.96527,0.96539,1.50,3.00
2012.06.01 12:22:46.579,0.96529,0.96543,1.50,3.00
2012.06.01 12:22:47.113,0.96528,0.96538,1.50,2.63
2012.06.01 12:22:47.467,0.96524,0.96537,1.69,3.00
2012.06.01 12:22:47.955,0.96523,0.96537,2.25,3.00
2012.06.01 12:22:50.361,0.96523,0.96533,2.25,1.13
2012.06.01 12:22:50.717,0.96521,0.96533,2.25,3.38
2012.06.01 12:22:51.144,0.96518,0.96532,2.63,2.85
2012.06.01 12:22:52.003,0.96517,0.96531,4.13,2.25
2012.06.01 12:22:53.647,0.96517,0.96531,4.13,2.25
2012.06.01 12:22:55.622,0.96517,0.9653,1.88,2.25
2012.06.01 12:22:56.083,0.96514,0.96527,1.50,1.50
2012.06.01 12:22:56.213,0.96514,0.96527,1.50,1.50
2012.06.01 12:22:56.761,0.96513,0.96527,3.00,1.50
2012.06.01 12:22:57.082,0.96513,0.96527,3.00,1.50
2012.06.01 12:22:59.023,0.96513,0.96528,3.00,1.50
2012.06.01 12:22:59.355,0.96517,0.96528,1.50,1.50
2012.06.01 12:22:59.497,0.96518,0.9653,2.40,3.00
2012.06.01 12:22:59.715,0.96519,0.96531,2.25,2.25
2012.06.01 12:22:59.787,0.96521,0.96534,1.50,6.00
2012.06.01 12:23:02.004,0.96521,0.96532,1.50,1.13
2012.06.01 12:23:03.258,0.96525,0.96534,1.88,3.00
2012.06.01 12:23:03.476,0.96525,0.96534,1.13,3.00
2012.06.01 12:23:03.543,0.96523,0.96532,3.00,1.88
2012.06.01 12:23:04.383,0.9652,0.96532,1.50,1.88
2012.06.01 12:23:04.663,0.96521,0.96534,1.50,3.00
2012.06.01 12:23:05.515,0.96522,0.96536,1.50,2.25
2012.06.01 12:23:06.424,0.96524,0.96536,1.50,2.25
2012.06.01 12:23:07.172,0.96527,0.9654,3.00,3.00
2012.06.01 12:23:07.713,0.96527,0.96539,3.00,1.50
2012.06.01 12:23:08.522,0.96524,0.96537,1.88,2.63
2012.06.01 12:23:08.984,0.96522,0.96537,3.75,2.63
2012.06.01 12:23:11.454,0.96523,0.96537,1.50,2.63
2012.06.01 12:23:12.404,0.96523,0.96537,1.50,2.63
2012.06.01 12:23:17.063,0.96523,0.96537,3.60,4.13
2012.06.01 12:23:20.266,0.96526,0.96537,1.13,1.50
2012.06.01 12:23:20.626,0.96526,0.96541,6.38,1.88
2012.06.01 12:23:20.697,0.96526,0.96537,3.00,1.13
2012.06.01 12:23:21.242,0.96524,0.96537,2.25,1.88
2012.06.01 12:23:22.063,0.96522,0.96536,3.00,2.25
2012.06.01 12:23:23.492,0.96523,0.96537,2.25,1.88
2012.06.01 12:23:23.698,0.96523,0.96537,2.25,1.88
2012.06.01 12:23:25.396,0.96523,0.96537,2.25,3.38
2012.06.01 12:23:25.941,0.96523,0.96537,1.50,4.88
2012.06.01 12:23:26.494,0.96524,0.96537,1.50,1.88
2012.06.01 12:23:27.045,0.96523,0.96537,2.25,1.88
2012.06.01 12:23:27.398,0.96529,0.96537,1.65,1.13
2012.06.01 12:23:27.617,0.96532,0.96542,1.50,1.88
2012.06.01 12:23:28.117,0.96532,0.96542,1.50,1.88
2012.06.01 12:23:30.115,0.96531,0.96542,2.25,1.88
2012.06.01 12:23:30.593,0.96528,0.96542,1.50,2.63
2012.06.01 12:23:31.457,0.96528,0.96542,1.50,4.88
2012.06.01 12:23:31.999,0.96528,0.96538,1.50,1.13
2012.06.01 12:23:32.905,0.96524,0.96538,2.25,1.88
2012.06.01 12:23:33.976,0.96524,0.96538,2.25,2.63
2012.06.01 12:23:34.690,0.96523,0.96537,1.50,4.50
2012.06.01 12:23:35.046,0.96524,0.96537,2.25,1.13
2012.06.01 12:23:35.534,0.96523,0.96537,1.50,1.13
2012.06.01 12:23:38.227,0.96522,0.96537,5.25,1.13
2012.06.01 12:23:38.735,0.96522,0.96537,5.25,1.13
2012.06.01 12:23:39.265,0.96525,0.96537,2.25,1.13
2012.06.01 12:23:39.334,0.96526,0.96537,1.50,1.13
2012.06.01 12:23:39.616,0.9653,0.9654,1.50,2.25
2012.06.01 12:23:39.753,0.96531,0.96542,3.00,1.88
2012.06.01 12:23:40.036,0.96531,0.96544,3.00,3.75
2012.06.01 12:23:40.177,0.96533,0.96544,3.00,3.00
2012.06.01 12:23:40.862,0.96533,0.96546,1.50,1.13
2012.06.01 12:23:41.435,0.96533,0.96546,1.50,1.50
2012.06.01 12:23:42.654,0.96532,0.96545,3.00,1.50
2012.06.01 12:23:42.723,0.96532,0.96542,3.00,1.50
2012.06.01 12:23:43.253,0.96531,0.96543,1.50,6.38
2012.06.01 12:23:44.946,0.96531,0.96542,1.50,1.50
2012.06.01 12:23:45.495,0.96532,0.96545,3.00,3.00
2012.06.01 12:23:46.022,0.96532,0.96546,3.75,2.83
2012.06.01 12:23:46.405,0.96532,0.96546,3.75,2.83
2012.06.01 12:23:46.953,0.96532,0.96546,4.50,2.25
2012.06.01 12:23:51.698,0.96532,0.96542,1.50,1.50
2012.06.01 12:23:51.778,0.9653,0.96542,2.25,2.25
2012.06.01 12:23:51.926,0.96529,0.96542,1.50,2.25
2012.06.01 12:23:51.995,0.96528,0.96542,1.50,2.85
2012.06.01 12:23:52.062,0.96528,0.9654,1.50,1.50
2012.06.01 12:23:52.599,0.96528,0.96539,1.50,1.50
2012.06.01 12:23:53.145,0.96525,0.96538,2.25,1.88
2012.06.01 12:23:53.464,0.96528,0.9654,1.50,2.25
2012.06.01 12:23:53.752,0.96528,0.96541,1.50,1.50
2012.06.01 12:23:54.271,0.96528,0.9654,3.00,1.50
2012.06.01 12:23:56.305,0.96528,0.9654,3.00,1.50
2012.06.01 12:23:56.624,0.96528,0.96539,3.00,1.50
2012.06.01 12:23:56.769,0.96527,0.96538,2.25,2.63
2012.06.01 12:23:56.916,0.96525,0.96538,2.25,2.63
2012.06.01 12:23:57.196,0.96522,0.96536,1.50,2.25
2012.06.01 12:23:57.268,0.96522,0.96534,1.50,1.50
2012.06.01 12:23:57.884,0.96522,0.96537,2.25,2.25
2012.06.01 12:23:58.884,0.96523,0.96537,1.35,2.25
2012.06.01 12:23:59.474,0.96524,0.96537,1.35,1.50
2012.06.01 12:23:59.621,0.96524,0.96537,2.85,1.50
2012.06.01 12:23:59.981,0.96529,0.96543,2.25,4.88
2012.06.01 12:24:00.325,0.96531,0.96543,3.00,1.88
2012.06.01 12:24:00.594,0.96533,0.96547,3.00,3.38
2012.06.01 12:24:00.785,0.96533,0.96547,3.00,3.00
2012.06.01 12:24:01.537,0.96533,0.96547,3.00,3.00
2012.06.01 12:24:02.104,0.96531,0.96542,1.50,2.25
2012.06.01 12:24:02.454,0.96526,0.96538,1.50,1.88
2012.06.01 12:24:04.795,0.96527,0.96539,3.23,1.50
2012.06.01 12:24:05.264,0.96528,0.96541,1.50,2.25
2012.06.01 12:24:05.761,0.96529,0.96543,2.25,6.38
2012.06.01 12:24:06.404,0.96529,0.96543,2.25,5.63
2012.06.01 12:24:06.476,0.96532,0.96543,1.88,4.50
2012.06.01 12:24:07.025,0.96532,0.96543,2.63,3.00
2012.06.01 12:24:07.381,0.96527,0.96541,3.75,1.50
2012.06.01 12:24:08.293,0.96527,0.96541,3.00,3.75
2012.06.01 12:24:08.825,0.96527,0.96541,3.00,3.75
2012.06.01 12:24:09.485,0.96527,0.96539,3.00,1.50
2012.06.01 12:24:10.023,0.96527,0.9654,1.50,1.50
2012.06.01 12:24:10.774,0.96527,0.9654,1.50,2.25
2012.06.01 12:24:11.275,0.96528,0.96541,2.25,1.50
2012.06.01 12:24:11.782,0.96527,0.9654,3.00,1.50
2012.06.01 12:24:16.491,0.96527,0.96541,3.00,1.50
2012.06.01 12:24:17.088,0.96527,0.96542,3.00,2.25
2012.06.01 12:24:18.244,0.96528,0.96542,2.25,1.50
2012.06.01 12:24:18.456,0.96528,0.96542,2.25,3.00
2012.06.01 12:24:18.972,0.96528,0.96541,2.25,1.50
2012.06.01 12:24:19.424,0.96528,0.96542,2.25,1.50
2012.06.01 12:24:19.962,0.96527,0.96542,3.00,1.13
2012.06.01 12:24:20.484,0.96529,0.96543,2.25,2.85
2012.06.01 12:24:20.991,0.96529,0.96543,1.50,3.60
2012.06.01 12:24:21.541,0.96527,0.96542,1.50,2.25
2012.06.01 12:24:23.804,0.96527,0.96541,3.00,1.13
2012.06.01 12:24:23.874,0.96527,0.96539,3.00,1.13
2012.06.01 12:24:24.083,0.96524,0.96538,1.50,3.00
2012.06.01 12:24:24.442,0.96523,0.96537,2.10,1.88
2012.06.01 12:24:24.784,0.96521,0.96531,1.50,1.05
2012.06.01 12:24:25.487,0.96515,0.96527,1.13,3.75
2012.06.01 12:24:25.568,0.96513,0.96527,4.13,3.75
