2013.06.06 04:00:00.488,0.94576,0.94591,4.13,3.19
2013.06.06 04:00:01.209,0.94576,0.94591,2.63,2.44
2013.06.06 04:00:01.709,0.94576,0.94591,2.07,2.44
2013.06.06 04:00:01.955,0.94577,0.94591,1.69,2.25
2013.06.06 04:00:02.557,0.94576,0.94591,2.07,3.19
2013.06.06 04:00:02.980,0.94575,0.94585,2.44,1.13
2013.06.06 04:00:03.280,0.94569,0.94583,4.69,1.13
2013.06.06 04:00:03.459,0.94567,0.94583,2.82,3.57
2013.06.06 04:00:03.519,0.94567,0.94583,2.07,3.57
2013.06.06 04:00:04.140,0.94567,0.9458,1.32,1.50
2013.06.06 04:00:04.379,0.94574,0.94587,1.50,6.94
2013.06.06 04:00:04.562,0.94571,0.94583,1.13,1.13
2013.06.06 04:00:04.679,0.94569,0.94584,2.44,1.88
2013.06.06 04:00:04.921,0.94569,0.94585,1.13,3.94
2013.06.06 04:00:05.039,0.9457,0.94585,1.88,2.44
2013.06.06 04:00:05.519,0.94571,0.94581,1.50,1.50
2013.06.06 04:00:06.219,0.94572,0.94582,1.13,1.50
2013.06.06 04:00:06.807,0.94572,0.94584,1.13,2.44
2013.06.06 04:00:07.341,0.94572,0.94585,1.13,1.69
2013.06.06 04:00:07.398,0.94572,0.94586,1.88,1.69
2013.06.06 04:00:07.909,0.94572,0.94586,2.82,1.69
2013.06.06 04:00:08.340,0.94576,0.94586,1.50,1.69
2013.06.06 04:00:08.580,0.94577,0.94587,1.50,1.50
2013.06.06 04:00:08.760,0.94575,0.94588,1.69,1.69
2013.06.06 04:00:09.179,0.94572,0.94584,1.69,1.50
2013.06.06 04:00:10.860,0.94573,0.94584,1.13,1.50
2013.06.06 04:00:11.229,0.94575,0.94587,1.50,1.69
2013.06.06 04:00:11.949,0.94572,0.94584,1.69,1.50
2013.06.06 04:00:12.192,0.94571,0.94585,2.44,1.50
2013.06.06 04:00:12.818,0.94571,0.94584,1.69,1.50
2013.06.06 04:00:13.390,0.94571,0.94584,1.69,1.50
2013.06.06 04:00:14.179,0.9457,0.94584,2.82,2.44
2013.06.06 04:00:14.719,0.9457,0.94584,2.07,2.44
2013.06.06 04:00:14.959,0.94571,0.94584,1.50,2.44
2013.06.06 04:00:15.489,0.94571,0.94584,1.50,2.44
2013.06.06 04:00:16.299,0.9457,0.94584,2.07,2.44
2013.06.06 04:00:16.600,0.94569,0.94581,2.44,1.50
2013.06.06 04:00:16.850,0.94571,0.94581,1.50,1.50
2013.06.06 04:00:17.269,0.94571,0.94583,1.50,2.44
2013.06.06 04:00:17.809,0.94571,0.94582,1.50,1.69
2013.06.06 04:00:18.349,0.94571,0.94582,1.50,1.50
2013.06.06 04:00:21.315,0.9457,0.94582,2.82,1.50
2013.06.06 04:00:21.820,0.94571,0.94582,2.25,1.69
2013.06.06 04:00:24.820,0.94572,0.94584,1.50,2.44
2013.06.06 04:00:25.329,0.94571,0.94584,2.25,2.44
2013.06.06 04:00:26.439,0.94576,0.94584,1.50,1.69
2013.06.06 04:00:26.799,0.94576,0.94583,1.50,1.50
2013.06.06 04:00:26.859,0.9457,0.94583,2.44,1.50
2013.06.06 04:00:26.919,0.94572,0.94583,1.50,1.13
2013.06.06 04:00:27.246,0.94575,0.94584,1.13,1.69
2013.06.06 04:00:27.439,0.94569,0.94582,2.07,2.25
2013.06.06 04:00:27.562,0.94571,0.94583,1.32,1.50
2013.06.06 04:00:28.132,0.94571,0.94583,1.32,1.50
2013.06.06 04:00:28.689,0.94571,0.94583,2.07,1.50
2013.06.06 04:00:31.299,0.94571,0.94584,2.07,1.69
2013.06.06 04:00:32.095,0.94571,0.94584,1.88,2.44
2013.06.06 04:00:32.339,0.94576,0.94586,1.13,2.25
2013.06.06 04:00:32.400,0.94576,0.94586,2.25,1.13
2013.06.06 04:00:32.580,0.94573,0.94584,1.50,1.50
2013.06.06 04:00:33.119,0.94572,0.94585,1.69,1.69
2013.06.06 04:00:36.041,0.94572,0.94585,1.50,3.94
2013.06.06 04:00:40.259,0.94571,0.94584,2.25,1.69
2013.06.06 04:00:41.581,0.9457,0.94584,2.63,1.69
2013.06.06 04:00:41.639,0.9457,0.94583,1.88,1.50
2013.06.06 04:00:41.939,0.94567,0.9458,3.19,1.50
2013.06.06 04:00:42.359,0.94567,0.94581,3.94,1.69
2013.06.06 04:00:42.909,0.94569,0.94582,1.50,1.69
2013.06.06 04:00:49.478,0.94568,0.94582,1.69,2.25
2013.06.06 04:00:49.779,0.94566,0.94578,1.69,1.88
2013.06.06 04:00:50.079,0.94562,0.94576,2.44,1.50
2013.06.06 04:00:55.719,0.94561,0.94576,3.19,2.44
2013.06.06 04:00:55.900,0.94559,0.94573,2.07,2.44
2013.06.06 04:00:56.083,0.94558,0.9457,1.69,1.50
2013.06.06 04:00:56.391,0.94556,0.94567,1.69,1.13
2013.06.06 04:00:56.750,0.94552,0.94566,2.44,1.50
2013.06.06 04:00:56.811,0.94551,0.94566,4.32,1.69
2013.06.06 04:00:57.590,0.94551,0.94564,1.32,1.50
2013.06.06 04:00:57.832,0.94549,0.94563,2.25,1.88
2013.06.06 04:00:57.900,0.9455,0.94563,1.50,1.13
2013.06.06 04:00:58.259,0.94551,0.94565,2.44,1.50
2013.06.06 04:00:59.730,0.94549,0.94563,1.69,1.13
2013.06.06 04:00:59.850,0.94549,0.94563,1.69,1.88
2013.06.06 04:01:00.443,0.94549,0.94562,1.69,1.13
2013.06.06 04:01:01.681,0.94547,0.94562,1.69,2.82
2013.06.06 04:01:02.351,0.94547,0.94562,1.69,2.82
2013.06.06 04:01:02.711,0.94551,0.94564,2.44,1.69
2013.06.06 04:01:03.010,0.94556,0.94569,1.13,1.69
2013.06.06 04:01:03.129,0.94556,0.9457,1.88,2.25
2013.06.06 04:01:03.899,0.94556,0.9457,1.13,3.75
2013.06.06 04:01:04.382,0.94556,0.94569,1.13,1.50
2013.06.06 04:01:04.442,0.94555,0.94569,1.32,1.50
2013.06.06 04:01:05.010,0.94555,0.9457,1.32,3.00
2013.06.06 04:01:06.015,0.94556,0.94568,1.32,1.50
2013.06.06 04:01:06.559,0.94552,0.94566,1.69,1.69
2013.06.06 04:01:06.739,0.94552,0.94565,1.69,1.69
2013.06.06 04:01:06.980,0.94548,0.94563,1.69,1.32
2013.06.06 04:01:07.100,0.94547,0.9456,3.19,2.25
2013.06.06 04:01:07.417,0.94544,0.94557,1.69,1.50
2013.06.06 04:01:08.939,0.94544,0.94557,2.44,1.50
2013.06.06 04:01:09.459,0.94544,0.94557,2.44,1.50
2013.06.06 04:01:10.309,0.94544,0.94557,1.69,1.50
2013.06.06 04:01:12.329,0.94543,0.94557,2.44,1.69
2013.06.06 04:01:15.019,0.94543,0.94557,2.44,2.44
2013.06.06 04:01:18.889,0.94543,0.94557,1.50,2.44
2013.06.06 04:01:25.059,0.94542,0.94556,1.69,1.50
2013.06.06 04:01:25.539,0.9454,0.94552,1.69,2.25
2013.06.06 04:01:25.599,0.94539,0.94551,2.44,1.13
2013.06.06 04:01:25.659,0.94537,0.94549,1.69,1.13
2013.06.06 04:01:25.779,0.94533,0.94546,3.00,1.32
2013.06.06 04:01:25.959,0.94531,0.94547,1.50,3.57
2013.06.06 04:01:26.140,0.9453,0.94544,3.00,1.13
2013.06.06 04:01:26.260,0.9453,0.9454,1.50,1.13
2013.06.06 04:01:26.379,0.94528,0.94538,1.69,1.13
2013.06.06 04:01:26.679,0.94522,0.94537,2.44,2.82
2013.06.06 04:01:26.739,0.94522,0.94537,2.44,2.07
2013.06.06 04:01:27.040,0.9453,0.94543,1.88,1.69
2013.06.06 04:01:27.099,0.9453,0.94543,1.13,1.69
2013.06.06 04:01:27.159,0.9453,0.94546,2.07,2.44
2013.06.06 04:01:27.579,0.94533,0.94547,2.44,1.50
2013.06.06 04:01:27.639,0.94533,0.94548,3.19,1.32
2013.06.06 04:01:27.941,0.94541,0.94554,1.13,2.44
2013.06.06 04:01:28.180,0.94541,0.94554,1.13,2.07
2013.06.06 04:01:28.489,0.94542,0.94555,1.50,2.07
2013.06.06 04:01:28.669,0.94542,0.94555,1.69,1.13
2013.06.06 04:01:28.729,0.94542,0.94556,1.69,2.07
2013.06.06 04:01:28.909,0.94545,0.94557,1.13,2.07
2013.06.06 04:01:29.149,0.94543,0.94556,1.50,1.32
2013.06.06 04:01:29.270,0.94542,0.94556,1.69,2.07
2013.06.06 04:01:29.809,0.94541,0.94553,2.82,1.50
2013.06.06 04:01:30.409,0.94541,0.94553,2.07,1.50
2013.06.06 04:01:30.950,0.94541,0.94552,2.07,1.50
2013.06.06 04:01:31.490,0.94542,0.94551,1.50,1.50
2013.06.06 04:01:31.672,0.94538,0.94551,1.50,1.88
2013.06.06 04:01:31.739,0.94537,0.94549,2.44,1.13
2013.06.06 04:01:31.919,0.94535,0.94548,1.69,1.13
2013.06.06 04:01:31.980,0.94534,0.94548,1.50,1.32
2013.06.06 04:01:32.399,0.94531,0.94542,1.69,1.13
2013.06.06 04:01:32.467,0.94528,0.94542,3.94,1.13
2013.06.06 04:01:32.649,0.94531,0.94544,1.88,1.69
2013.06.06 04:01:33.799,0.94532,0.94547,1.69,2.82
2013.06.06 04:01:34.339,0.94534,0.94547,3.00,2.07
2013.06.06 04:01:36.179,0.94534,0.94547,1.69,1.32
2013.06.06 04:01:41.009,0.94534,0.94547,2.44,1.13
2013.06.06 04:01:41.911,0.94538,0.9455,1.50,2.25
2013.06.06 04:01:42.150,0.94541,0.94552,1.50,1.69
2013.06.06 04:01:42.390,0.94541,0.94554,2.44,1.50
2013.06.06 04:01:42.509,0.94541,0.94555,2.44,1.88
2013.06.06 04:01:42.810,0.94541,0.94555,2.44,1.88
2013.06.06 04:01:44.978,0.94542,0.94556,1.69,2.07
2013.06.06 04:01:54.129,0.94543,0.94557,1.50,1.69
2013.06.06 04:01:55.819,0.94543,0.94555,1.50,1.50
2013.06.06 04:01:56.383,0.94542,0.94555,1.50,2.25
2013.06.06 04:01:58.431,0.94548,0.94555,2.25,2.25
2013.06.06 04:01:58.550,0.94548,0.94556,2.63,1.50
2013.06.06 04:01:58.669,0.94548,0.9456,2.44,1.50
2013.06.06 04:01:58.850,0.94549,0.94562,2.63,1.50
2013.06.06 04:01:59.031,0.94551,0.94564,1.69,3.75
2013.06.06 04:01:59.569,0.9455,0.94562,2.44,1.50
2013.06.06 04:02:13.872,0.94554,0.94563,1.50,1.13
2013.06.06 04:02:13.992,0.94554,0.94564,1.50,1.50
2013.06.06 04:02:14.170,0.94555,0.94566,1.50,1.50
2013.06.06 04:02:14.548,0.94557,0.94571,1.50,1.69
2013.06.06 04:02:14.671,0.94556,0.94568,1.50,1.13
2013.06.06 04:02:15.449,0.94557,0.94568,1.50,1.13
2013.06.06 04:02:17.640,0.94556,0.94568,2.44,1.13
2013.06.06 04:02:18.179,0.94557,0.94568,1.50,1.13
2013.06.06 04:02:18.719,0.94556,0.94568,2.44,1.13
2013.06.06 04:02:19.559,0.94557,0.94568,1.50,1.13
2013.06.06 04:02:21.719,0.94556,0.94568,2.44,1.13
2013.06.06 04:02:22.302,0.94557,0.94568,1.50,1.13
2013.06.06 04:02:22.809,0.94557,0.94568,1.50,1.13
2013.06.06 04:02:23.322,0.94555,0.94568,2.44,1.13
2013.06.06 04:02:23.559,0.94555,0.94568,3.94,1.13
2013.06.06 04:02:24.099,0.94556,0.94568,1.69,1.13
2013.06.06 04:02:24.279,0.94555,0.94568,2.44,1.13
2013.06.06 04:02:24.780,0.94555,0.94568,2.25,1.13
2013.06.06 04:02:26.259,0.94556,0.94568,1.50,1.13
2013.06.06 04:02:26.689,0.9456,0.94571,1.50,3.19
2013.06.06 04:02:26.929,0.9456,0.94571,1.50,1.69
2013.06.06 04:02:27.229,0.9456,0.94571,1.50,1.69
2013.06.06 04:02:28.390,0.9456,0.94571,2.25,1.69
2013.06.06 04:02:36.689,0.9456,0.94572,1.50,2.07
2013.06.06 04:02:37.238,0.94561,0.94572,2.25,1.32
2013.06.06 04:02:39.849,0.94562,0.94572,1.50,1.32
2013.06.06 04:02:45.630,0.94561,0.94573,1.50,1.88
2013.06.06 04:02:45.950,0.94565,0.94573,1.50,1.50
2013.06.06 04:02:46.011,0.94565,0.94574,1.50,1.69
2013.06.06 04:02:46.570,0.94565,0.94577,1.50,2.14
2013.06.06 04:02:47.110,0.94565,0.94576,1.50,1.02
2013.06.06 04:02:58.660,0.94566,0.94577,1.50,1.20
2013.06.06 04:02:59.199,0.94566,0.94577,2.25,1.13
2013.06.06 04:03:00.460,0.94566,0.94577,2.25,1.13
2013.06.06 04:03:02.680,0.94566,0.94578,1.50,1.32
2013.06.06 04:03:04.459,0.94566,0.94578,2.25,1.13
2013.06.06 04:03:06.723,0.94565,0.94578,2.25,1.13
2013.06.06 04:03:11.350,0.94565,0.94578,1.50,1.88
2013.06.06 04:03:16.249,0.94566,0.94575,1.50,1.50
2013.06.06 04:03:16.431,0.94566,0.94578,2.25,2.44
2013.06.06 04:03:16.670,0.94567,0.94578,1.50,3.38
2013.06.06 04:03:16.850,0.94562,0.94576,2.44,1.50
2013.06.06 04:03:17.330,0.94562,0.94572,1.69,1.50
2013.06.06 04:03:17.631,0.94565,0.94572,1.50,1.50
2013.06.06 04:03:18.229,0.94565,0.94572,1.50,1.50
2013.06.06 04:03:18.470,0.94561,0.94572,1.69,1.13
2013.06.06 04:03:18.530,0.94561,0.94572,1.69,1.88
2013.06.06 04:03:27.822,0.94561,0.9457,1.50,1.50
2013.06.06 04:03:28.329,0.94561,0.9457,1.50,1.50
2013.06.06 04:03:31.361,0.9456,0.9457,1.50,1.50
2013.06.06 04:03:36.860,0.94561,0.9457,1.13,1.50
2013.06.06 04:03:37.340,0.94559,0.94571,2.44,1.50
2013.06.06 04:03:37.751,0.94565,0.9457,2.25,1.50
2013.06.06 04:03:37.820,0.94565,0.94573,2.25,3.19
2013.06.06 04:03:37.943,0.94568,0.94574,2.25,1.50
2013.06.06 04:03:38.011,0.94569,0.94576,2.25,1.69
2013.06.06 04:03:38.189,0.94569,0.94576,2.25,1.50
2013.06.06 04:03:38.609,0.9457,0.94578,1.50,1.50
2013.06.06 04:03:43.779,0.9457,0.9458,1.50,1.69
2013.06.06 04:03:48.779,0.9457,0.94577,1.50,1.50
2013.06.06 04:03:49.319,0.9457,0.94577,1.50,1.50
2013.06.06 04:03:49.859,0.9457,0.94577,1.50,1.88
2013.06.06 04:03:49.979,0.94565,0.94577,2.44,1.88
2013.06.06 04:03:50.039,0.94564,0.94577,2.25,1.88
2013.06.06 04:03:50.582,0.94564,0.94574,1.50,1.50
2013.06.06 04:03:51.090,0.94563,0.94572,1.50,1.50
2013.06.06 04:03:52.169,0.94563,0.94573,1.50,1.50
2013.06.06 04:03:54.866,0.94563,0.94573,1.50,1.50
2013.06.06 04:03:55.410,0.94563,0.94572,1.50,1.50
2013.06.06 04:03:55.770,0.94562,0.94572,1.50,1.50
2013.06.06 04:03:56.548,0.94562,0.94569,1.50,1.50
2013.06.06 04:03:57.151,0.94562,0.94569,1.50,1.50
2013.06.06 04:04:01.581,0.9456,0.9457,1.13,1.50
2013.06.06 04:04:01.701,0.94558,0.94568,1.69,1.13
2013.06.06 04:04:01.760,0.94557,0.94568,1.69,1.13
2013.06.06 04:04:01.880,0.94554,0.94568,2.25,2.44
2013.06.06 04:04:02.001,0.9455,0.94563,2.25,1.13
2013.06.06 04:04:02.060,0.9455,0.94562,1.50,1.13
2013.06.06 04:04:02.241,0.94544,0.94557,1.69,1.88
2013.06.06 04:04:02.720,0.94541,0.94552,2.07,1.50
2013.06.06 04:04:03.019,0.94537,0.94553,3.19,2.82
2013.06.06 04:04:03.079,0.94537,0.94551,2.44,1.50
2013.06.06 04:04:03.619,0.94541,0.94551,1.88,1.50
2013.06.06 04:04:05.599,0.94541,0.94553,1.88,1.50
2013.06.06 04:04:08.702,0.94541,0.94552,1.88,1.50
2013.06.06 04:04:09.119,0.94541,0.94552,1.88,1.50
2013.06.06 04:04:09.799,0.94541,0.94552,1.88,1.50
2013.06.06 04:04:15.203,0.94541,0.94553,2.63,1.69
2013.06.06 04:04:16.639,0.94541,0.94552,2.63,1.50
2013.06.06 04:04:19.281,0.94541,0.94552,2.25,1.50
2013.06.06 04:04:19.830,0.94542,0.94555,1.69,1.50
2013.06.06 04:04:20.731,0.94541,0.94556,3.19,1.69
2013.06.06 04:04:21.840,0.94544,0.94556,1.13,1.69
2013.06.06 04:04:21.900,0.94545,0.94558,2.07,2.25
2013.06.06 04:04:22.080,0.94549,0.94561,1.88,3.00
2013.06.06 04:04:22.319,0.94556,0.94563,1.13,1.50
2013.06.06 04:04:22.560,0.94556,0.94567,1.88,1.50
2013.06.06 04:04:22.830,0.94557,0.94567,1.13,1.50
2013.06.06 04:04:23.129,0.94563,0.94572,1.50,1.50
2013.06.06 04:04:23.313,0.9456,0.94572,1.13,1.50
2013.06.06 04:04:23.680,0.94562,0.94573,1.50,1.50
2013.06.06 04:04:24.279,0.94562,0.94574,2.25,1.69
2013.06.06 04:04:29.210,0.94561,0.94573,2.07,1.50
2013.06.06 04:04:29.570,0.94561,0.94572,1.32,1.50
2013.06.06 04:04:30.162,0.94561,0.94572,1.32,1.50
2013.06.06 04:04:31.179,0.94561,0.94573,1.32,1.50
2013.06.06 04:04:31.359,0.94561,0.94573,1.32,1.50
2013.06.06 04:04:31.899,0.94561,0.94574,1.13,1.50
2013.06.06 04:04:40.670,0.9456,0.94573,1.13,1.50
2013.06.06 04:04:46.960,0.9456,0.94573,1.13,1.50
2013.06.06 04:04:47.552,0.9456,0.94571,1.13,1.50
2013.06.06 04:04:47.773,0.9456,0.94571,1.13,1.50
2013.06.06 04:04:49.139,0.9456,0.94572,1.13,1.50
2013.06.06 04:04:49.679,0.9456,0.94572,1.13,1.50
2013.06.06 04:04:50.192,0.9456,0.9457,1.13,1.50
2013.06.06 04:04:50.733,0.9456,0.94572,1.88,1.50
2013.06.06 04:04:51.041,0.9456,0.94571,1.88,1.50
2013.06.06 04:04:51.400,0.9456,0.94571,1.88,1.50
2013.06.06 04:04:52.719,0.9456,0.94571,1.88,1.50
2013.06.06 04:04:53.379,0.9456,0.94572,1.88,1.50
2013.06.06 04:04:53.951,0.9456,0.94572,1.88,1.50
2013.06.06 04:04:54.309,0.9456,0.94572,1.88,1.50
2013.06.06 04:04:54.869,0.94561,0.94572,1.13,1.50
2013.06.06 04:04:55.999,0.94561,0.94572,1.13,1.50
2013.06.06 04:04:56.300,0.94561,0.94572,1.13,1.50
2013.06.06 04:04:57.300,0.94561,0.94572,1.13,1.50
2013.06.06 04:04:58.229,0.94561,0.94572,1.13,1.50
2013.06.06 04:04:59.329,0.94561,0.94572,1.13,1.50
2013.06.06 04:04:59.810,0.94561,0.94573,1.88,1.50
2013.06.06 04:05:01.380,0.94561,0.94573,1.88,1.50
2013.06.06 04:05:01.919,0.94561,0.94573,1.88,1.50
2013.06.06 04:05:04.730,0.94561,0.94572,1.13,1.50
2013.06.06 04:05:06.529,0.94561,0.94572,1.13,1.50
2013.06.06 04:05:07.069,0.94561,0.94572,1.13,1.50
2013.06.06 04:05:07.780,0.94561,0.94572,1.13,1.50
2013.06.06 04:05:08.508,0.94561,0.94573,1.13,1.50
2013.06.06 04:05:10.349,0.94561,0.94572,1.13,1.50
2013.06.06 04:05:10.969,0.94561,0.94573,1.13,1.50
2013.06.06 04:05:15.060,0.94561,0.94572,2.44,1.50
2013.06.06 04:05:15.610,0.94561,0.94573,1.69,1.50
2013.06.06 04:05:16.229,0.9456,0.94573,2.07,1.50
2013.06.06 04:05:17.063,0.9456,0.94573,2.07,1.50
2013.06.06 04:05:24.360,0.9456,0.94572,1.88,1.50
2013.06.06 04:05:24.899,0.94561,0.94575,2.25,1.69
2013.06.06 04:05:25.449,0.94561,0.94576,2.44,1.69
2013.06.06 04:05:28.701,0.94561,0.94576,2.44,1.69
2013.06.06 04:05:29.240,0.94562,0.94573,1.50,1.50
2013.06.06 04:05:29.830,0.94562,0.94573,1.50,1.50
2013.06.06 04:05:35.092,0.94565,0.94574,2.25,1.50
2013.06.06 04:05:35.160,0.94565,0.94574,2.63,1.69
2013.06.06 04:05:35.282,0.94566,0.94577,2.25,2.07
2013.06.06 04:05:35.819,0.94566,0.9458,3.75,1.69
2013.06.06 04:05:37.539,0.94568,0.94581,1.50,1.50
2013.06.06 04:05:39.260,0.94565,0.94577,1.50,1.32
2013.06.06 04:05:39.320,0.94564,0.94577,1.50,1.32
2013.06.06 04:05:39.802,0.94567,0.94579,1.50,2.44
2013.06.06 04:05:39.982,0.94566,0.94578,2.25,1.32
2013.06.06 04:05:40.040,0.94566,0.94578,1.50,1.32
2013.06.06 04:05:40.280,0.94567,0.94579,1.50,1.69
2013.06.06 04:05:40.519,0.94567,0.9458,1.50,2.44
2013.06.06 04:05:40.699,0.94567,0.9458,1.50,2.44
2013.06.06 04:05:41.440,0.94568,0.9458,1.50,2.44
2013.06.06 04:05:44.120,0.94566,0.9458,3.38,1.69
2013.06.06 04:05:44.680,0.94568,0.94581,1.69,1.69
2013.06.06 04:05:45.282,0.94567,0.94581,2.44,1.69
2013.06.06 04:05:45.520,0.94569,0.94581,1.50,1.69
2013.06.06 04:05:46.337,0.94567,0.94581,1.69,2.07
2013.06.06 04:05:46.911,0.94567,0.94582,1.69,3.94
2013.06.06 04:05:53.919,0.94566,0.94581,2.07,2.44
2013.06.06 04:05:54.450,0.94566,0.94579,2.07,1.69
2013.06.06 04:05:54.569,0.94566,0.94579,2.07,1.69
2013.06.06 04:05:55.819,0.94565,0.94578,2.25,1.13
2013.06.06 04:05:56.369,0.94562,0.94575,2.44,1.50
2013.06.06 04:05:56.889,0.94562,0.94576,1.69,1.50
2013.06.06 04:05:57.870,0.94566,0.94578,1.50,1.88
2013.06.06 04:05:58.409,0.94566,0.94579,1.50,1.69
2013.06.06 04:05:58.529,0.94566,0.94578,1.50,1.50
2013.06.06 04:06:02.920,0.94565,0.94577,3.00,1.50
2013.06.06 04:06:03.040,0.94565,0.94576,1.50,1.13
2013.06.06 04:06:03.221,0.94561,0.94574,2.07,1.13
2013.06.06 04:06:03.642,0.9456,0.9457,1.32,1.50
2013.06.06 04:06:04.194,0.9456,0.9457,1.32,1.50
2013.06.06 04:06:06.390,0.9456,0.94572,1.32,2.25
2013.06.06 04:06:06.635,0.94556,0.94569,1.32,1.50
2013.06.06 04:06:07.240,0.94557,0.94569,1.69,1.50
2013.06.06 04:06:08.620,0.94556,0.94569,1.32,2.25
2013.06.06 04:06:08.740,0.94553,0.94568,1.69,2.07
2013.06.06 04:06:09.100,0.94552,0.94566,1.69,1.69
2013.06.06 04:06:09.649,0.94552,0.94565,1.69,1.50
2013.06.06 04:06:13.592,0.94552,0.94565,1.69,1.50
2013.06.06 04:06:13.830,0.94551,0.94565,1.69,2.44
2013.06.06 04:06:15.039,0.9455,0.94561,2.63,1.50
2013.06.06 04:06:17.009,0.9455,0.94561,1.88,1.50
2013.06.06 04:06:19.840,0.94551,0.94561,1.69,1.50
2013.06.06 04:06:20.362,0.94551,0.94561,1.69,1.50
2013.06.06 04:06:21.500,0.9455,0.94561,2.07,1.50
2013.06.06 04:06:21.620,0.94547,0.94558,2.44,1.13
2013.06.06 04:06:21.801,0.94547,0.94558,1.50,1.13
2013.06.06 04:06:21.921,0.94544,0.94556,2.44,1.50
2013.06.06 04:06:22.041,0.94544,0.94556,2.82,1.50
2013.06.06 04:06:23.490,0.94545,0.94558,3.57,1.50
2013.06.06 04:06:23.611,0.94545,0.94558,2.82,1.50
2013.06.06 04:06:23.969,0.94542,0.94556,1.69,1.50
2013.06.06 04:06:24.269,0.94542,0.94554,1.69,1.50
2013.06.06 04:06:25.100,0.94541,0.94555,2.82,1.69
2013.06.06 04:06:26.336,0.94541,0.94555,2.82,1.69
2013.06.06 04:06:26.640,0.94545,0.94558,1.88,2.07
2013.06.06 04:06:26.761,0.94546,0.94558,2.07,1.13
2013.06.06 04:06:27.880,0.94546,0.94561,2.07,2.25
2013.06.06 04:06:29.360,0.94546,0.94559,2.07,1.50
2013.06.06 04:06:30.102,0.94546,0.9456,2.07,1.50
2013.06.06 04:06:33.136,0.94551,0.94562,1.88,2.44
2013.06.06 04:06:33.441,0.94551,0.94564,1.88,1.69
2013.06.06 04:06:35.720,0.9455,0.94563,2.44,2.63
2013.06.06 04:06:36.079,0.94549,0.94562,1.69,2.25
2013.06.06 04:06:36.860,0.9455,0.94559,1.69,1.50
2013.06.06 04:06:38.491,0.94548,0.94559,3.19,1.50
2013.06.06 04:06:38.671,0.94547,0.94559,1.69,1.50
2013.06.06 04:06:39.230,0.94547,0.94559,1.69,1.50
2013.06.06 04:06:43.659,0.94546,0.94559,1.69,1.50
2013.06.06 04:06:43.719,0.94545,0.94558,1.13,1.32
2013.06.06 04:06:43.780,0.94542,0.94558,2.44,2.44
2013.06.06 04:06:44.259,0.94541,0.94555,2.44,1.50
2013.06.06 04:06:47.762,0.94541,0.94556,1.69,2.44
2013.06.06 04:06:49.149,0.94541,0.94556,1.69,2.44
2013.06.06 04:06:58.320,0.94541,0.94556,3.19,1.69
2013.06.06 04:06:59.451,0.94541,0.94556,3.19,1.69
2013.06.06 04:07:03.789,0.94541,0.94555,2.82,1.69
2013.06.06 04:07:15.270,0.94541,0.94556,2.07,3.19
2013.06.06 04:07:21.080,0.94545,0.94557,1.88,1.69
2013.06.06 04:07:23.270,0.94545,0.94559,2.07,1.69
2013.06.06 04:07:23.869,0.94546,0.9456,1.69,1.69
2013.06.06 04:07:25.330,0.94549,0.94561,1.50,3.19
2013.06.06 04:07:30.710,0.94547,0.94559,1.50,1.69
2013.06.06 04:07:43.339,0.94547,0.94559,2.63,2.25
2013.06.06 04:07:50.350,0.94549,0.94561,1.13,2.44
2013.06.06 04:07:50.651,0.94551,0.94564,2.63,1.69
2013.06.06 04:07:50.770,0.94552,0.94564,1.13,1.69
2013.06.06 04:07:50.950,0.94552,0.94566,2.82,1.69
2013.06.06 04:07:51.311,0.94554,0.94569,1.32,2.44
2013.06.06 04:07:51.942,0.94554,0.94569,1.69,2.44
2013.06.06 04:07:53.601,0.94555,0.94569,1.69,2.44
2013.06.06 04:07:54.571,0.94555,0.94566,2.07,1.50
2013.06.06 04:07:54.810,0.94553,0.94565,1.69,1.50
2013.06.06 04:07:54.930,0.94552,0.94563,1.32,1.50
2013.06.06 04:07:55.530,0.94552,0.94562,1.13,1.50
2013.06.06 04:07:56.249,0.94552,0.94563,1.50,1.50
2013.06.06 04:07:56.550,0.94562,0.94569,1.50,2.07
2013.06.06 04:07:56.669,0.94562,0.94575,1.88,2.25
2013.06.06 04:07:56.730,0.94562,0.94572,2.63,1.50
2013.06.06 04:07:57.030,0.94559,0.94571,2.25,1.69
2013.06.06 04:07:57.150,0.94558,0.94571,3.00,1.69
2013.06.06 04:07:57.271,0.94559,0.94571,1.50,1.69
2013.06.06 04:07:57.590,0.94562,0.94574,1.13,2.44
2013.06.06 04:07:58.130,0.94562,0.94573,1.88,1.69
2013.06.06 04:08:00.200,0.94562,0.94573,1.88,1.69
2013.06.06 04:08:03.071,0.94563,0.94574,1.50,1.69
2013.06.06 04:08:03.432,0.94557,0.94568,2.82,1.13
2013.06.06 04:08:03.731,0.94552,0.94566,2.82,1.50
2013.06.06 04:08:07.781,0.94551,0.94562,1.69,1.88
2013.06.06 04:08:09.900,0.9455,0.94562,1.69,2.63
2013.06.06 04:08:11.070,0.94552,0.94566,1.50,3.19
2013.06.06 04:08:11.610,0.94552,0.94566,1.50,1.69
2013.06.06 04:08:15.482,0.94552,0.94567,3.94,1.69
2013.06.06 04:08:15.661,0.94556,0.94568,1.50,1.50
2013.06.06 04:08:15.780,0.94556,0.94572,2.25,1.69
2013.06.06 04:08:16.889,0.94556,0.94571,2.25,1.69
2013.06.06 04:08:29.141,0.94556,0.9457,3.75,1.69
2013.06.06 04:08:37.562,0.94561,0.9457,2.25,1.50
2013.06.06 04:08:38.100,0.94562,0.94572,1.50,1.50
2013.06.06 04:08:38.241,0.94562,0.94575,1.50,1.50
2013.06.06 04:08:39.931,0.94562,0.94575,1.50,1.50
2013.06.06 04:08:48.080,0.94562,0.94575,1.50,1.50
2013.06.06 04:08:57.080,0.94562,0.94572,2.82,1.50
2013.06.06 04:08:57.500,0.94561,0.9457,1.69,1.13
2013.06.06 04:08:57.800,0.94554,0.94567,1.69,1.88
2013.06.06 04:08:58.691,0.94553,0.94566,1.69,2.25
2013.06.06 04:09:00.439,0.94552,0.94564,2.44,1.50
2013.06.06 04:09:00.930,0.94552,0.94564,1.69,1.50
2013.06.06 04:09:06.130,0.94552,0.94563,1.69,1.13
2013.06.06 04:09:06.371,0.94548,0.94561,1.69,2.25
2013.06.06 04:09:06.550,0.94547,0.94561,3.94,2.44
2013.06.06 04:09:07.090,0.94547,0.9456,2.44,1.50
2013.06.06 04:09:09.000,0.94549,0.94562,1.13,3.19
2013.06.06 04:09:09.420,0.94554,0.94564,1.13,2.44
2013.06.06 04:09:09.880,0.94556,0.94567,1.88,1.69
2013.06.06 04:09:10.490,0.94556,0.94568,2.63,1.50
2013.06.06 04:09:12.241,0.94557,0.94569,1.50,1.50
2013.06.06 04:09:12.700,0.94555,0.94567,3.19,1.50
2013.06.06 04:09:12.820,0.94555,0.94567,3.00,1.69
2013.06.06 04:09:12.941,0.94553,0.94565,1.50,1.69
2013.06.06 04:09:13.001,0.94552,0.94563,2.25,1.50
2013.06.06 04:09:16.140,0.94552,0.94562,2.25,1.13
2013.06.06 04:09:16.200,0.94549,0.94562,1.88,2.63
2013.06.06 04:09:16.381,0.94551,0.94561,2.25,2.25
2013.06.06 04:09:16.920,0.94551,0.94561,2.25,1.50
2013.06.06 04:09:19.549,0.94552,0.94563,1.50,2.44
2013.06.06 04:09:20.163,0.94551,0.94563,3.00,2.44
2013.06.06 04:09:23.020,0.94552,0.94563,1.50,1.69
2013.06.06 04:09:33.900,0.94552,0.94563,1.50,2.07
2013.06.06 04:09:34.080,0.94548,0.94562,1.69,1.69
2013.06.06 04:09:34.210,0.94552,0.94562,2.25,1.69
2013.06.06 04:09:35.210,0.94552,0.94563,3.00,2.44
2013.06.06 04:09:44.471,0.94553,0.94565,1.50,1.69
2013.06.06 04:09:44.772,0.94553,0.94566,1.50,1.69
2013.06.06 04:09:45.130,0.94554,0.94567,1.69,2.25
2013.06.06 04:09:45.670,0.94553,0.94566,2.44,1.50
2013.06.06 04:09:54.010,0.94553,0.94566,3.19,1.50
2013.06.06 04:09:54.570,0.94553,0.94566,1.69,2.25
2013.06.06 04:09:55.750,0.94553,0.94566,2.44,1.50
2013.06.06 04:09:57.150,0.94553,0.94563,1.69,1.13
2013.06.06 04:09:57.391,0.94549,0.94563,2.44,2.07
2013.06.06 04:09:57.450,0.94549,0.94563,2.44,2.07
2013.06.06 04:09:58.029,0.9455,0.94563,1.69,2.82
2013.06.06 04:10:10.035,0.94551,0.94563,2.25,2.63
2013.06.06 04:10:10.220,0.94552,0.94563,1.50,1.50
2013.06.06 04:10:10.341,0.94552,0.94565,2.25,2.44
2013.06.06 04:10:10.400,0.94552,0.94566,2.44,1.69
2013.06.06 04:10:10.461,0.94557,0.94567,1.50,2.44
2013.06.06 04:10:10.640,0.94557,0.9457,1.50,1.50
2013.06.06 04:10:10.821,0.94562,0.94573,1.50,1.69
2013.06.06 04:10:11.120,0.94562,0.94575,2.82,2.25
2013.06.06 04:10:12.090,0.94562,0.94575,3.38,2.25
2013.06.06 04:10:12.722,0.94562,0.94576,3.38,3.19
2013.06.06 04:10:13.260,0.94563,0.94577,1.69,2.82
2013.06.06 04:10:13.564,0.94566,0.94578,2.63,1.69
2013.06.06 04:10:13.635,0.94567,0.94583,3.19,6.57
2013.06.06 04:10:14.155,0.94572,0.94583,1.13,1.13
2013.06.06 04:10:14.521,0.94576,0.94587,1.50,1.69
2013.06.06 04:10:14.582,0.94579,0.94591,1.50,1.69
2013.06.06 04:10:15.120,0.94578,0.94592,2.44,1.69
2013.06.06 04:10:15.911,0.94577,0.94591,2.44,1.50
2013.06.06 04:10:16.470,0.94577,0.94591,1.69,2.25
2013.06.06 04:10:16.791,0.94576,0.94588,1.13,1.13
2013.06.06 04:10:16.851,0.94574,0.94588,2.44,1.13
2013.06.06 04:10:16.970,0.94574,0.94587,1.69,1.50
2013.06.06 04:10:17.269,0.94572,0.94584,1.32,1.50
2013.06.06 04:10:18.163,0.94572,0.94584,1.32,1.50
2013.06.06 04:10:21.600,0.94572,0.94584,1.13,1.50
2013.06.06 04:10:22.468,0.94572,0.94584,1.13,1.50
2013.06.06 04:10:22.951,0.94571,0.94584,2.07,1.50
2013.06.06 04:10:23.970,0.94571,0.94584,2.44,1.50
2013.06.06 04:10:25.452,0.94571,0.94584,2.07,1.50
2013.06.06 04:10:26.034,0.94571,0.94585,2.07,1.50
2013.06.06 04:10:29.550,0.94572,0.94585,1.13,1.69
2013.06.06 04:10:30.090,0.9457,0.94582,1.69,1.13
2013.06.06 04:10:30.630,0.94572,0.94584,1.13,1.69
2013.06.06 04:10:31.820,0.94571,0.94584,1.50,1.69
2013.06.06 04:10:32.381,0.94571,0.94584,1.50,1.69
2013.06.06 04:10:32.921,0.94571,0.94584,1.13,2.07
2013.06.06 04:10:33.593,0.94571,0.94584,1.13,1.50
2013.06.06 04:10:34.790,0.94571,0.94584,1.13,1.88
2013.06.06 04:10:35.460,0.94571,0.94584,1.13,1.50
2013.06.06 04:10:38.030,0.94571,0.94584,2.63,1.50
2013.06.06 04:10:39.950,0.94571,0.94586,1.69,2.82
2013.06.06 04:10:40.070,0.9457,0.94584,3.19,2.25
2013.06.06 04:10:40.190,0.94568,0.94582,1.69,2.63
2013.06.06 04:10:40.250,0.94567,0.94582,2.44,2.63
2013.06.06 04:10:40.370,0.94566,0.9458,3.57,1.69
2013.06.06 04:10:40.490,0.94566,0.94578,1.69,1.13
2013.06.06 04:10:40.911,0.94564,0.94577,1.69,2.25
2013.06.06 04:10:40.970,0.94563,0.94575,2.44,1.13
2013.06.06 04:10:41.030,0.9456,0.94575,1.32,1.32
2013.06.06 04:10:41.271,0.9456,0.94574,3.94,1.50
2013.06.06 04:10:43.750,0.94561,0.94575,2.82,2.07
2013.06.06 04:10:44.110,0.94561,0.94575,4.32,1.69
2013.06.06 04:10:44.169,0.94564,0.94576,1.50,2.07
2013.06.06 04:10:44.590,0.94565,0.94577,1.50,1.32
2013.06.06 04:10:45.311,0.94565,0.9458,2.25,4.69
2013.06.06 04:10:45.370,0.94566,0.9458,1.50,2.44
2013.06.06 04:10:45.430,0.94568,0.94581,1.50,2.44
2013.06.06 04:10:45.932,0.94567,0.9458,1.50,1.69
2013.06.06 04:10:46.539,0.94567,0.9458,1.50,1.69
2013.06.06 04:10:47.000,0.94568,0.94582,3.00,5.44
2013.06.06 04:10:47.303,0.94575,0.94584,1.50,1.13
2013.06.06 04:10:47.363,0.94576,0.94586,1.13,1.69
2013.06.06 04:10:47.559,0.94576,0.94588,2.07,1.50
2013.06.06 04:10:47.680,0.94576,0.94592,3.57,4.32
2013.06.06 04:10:47.920,0.94579,0.94592,1.50,2.07
2013.06.06 04:10:48.460,0.9458,0.94592,1.50,2.07
2013.06.06 04:10:49.180,0.94579,0.94592,1.50,2.82
2013.06.06 04:10:49.722,0.94579,0.94592,1.50,1.32
2013.06.06 04:10:50.143,0.94579,0.94592,1.50,1.32
2013.06.06 04:10:50.504,0.9458,0.94592,1.50,1.32
2013.06.06 04:10:50.930,0.94581,0.94593,1.88,1.69
2013.06.06 04:10:51.351,0.94584,0.94596,1.50,2.44
2013.06.06 04:10:51.590,0.94584,0.94599,3.19,2.07
2013.06.06 04:10:51.650,0.94584,0.94599,3.57,2.07
2013.06.06 04:10:51.710,0.94584,0.94599,3.57,2.07
2013.06.06 04:10:51.830,0.94585,0.94599,2.07,2.07
2013.06.06 04:10:52.190,0.94587,0.94597,1.50,1.13
2013.06.06 04:10:52.310,0.94585,0.94598,3.19,1.13
2013.06.06 04:10:52.861,0.94588,0.94599,1.50,1.88
2013.06.06 04:10:54.169,0.94588,0.94599,1.50,1.13
2013.06.06 04:10:54.410,0.94585,0.94597,1.69,1.13
2013.06.06 04:10:54.658,0.94585,0.94596,1.50,1.32
2013.06.06 04:10:54.840,0.94582,0.94597,3.19,2.82
2013.06.06 04:10:55.200,0.94582,0.94595,1.69,1.50
2013.06.06 04:10:55.720,0.94581,0.94595,2.07,1.69
2013.06.06 04:10:56.262,0.94583,0.94595,1.50,1.69
2013.06.06 04:10:57.770,0.94584,0.94595,1.50,1.69
2013.06.06 04:11:02.562,0.94584,0.94597,1.50,2.07
2013.06.06 04:11:04.931,0.94584,0.94597,1.50,1.13
2013.06.06 04:11:05.480,0.94584,0.94597,1.50,1.13
2013.06.06 04:11:09.090,0.94584,0.94597,2.25,1.13
2013.06.06 04:11:10.000,0.94584,0.94597,2.25,1.88
2013.06.06 04:11:10.120,0.94584,0.94595,1.50,1.69
2013.06.06 04:11:10.240,0.94582,0.94596,1.32,1.69
2013.06.06 04:11:10.781,0.94585,0.94597,1.50,2.07
2013.06.06 04:11:11.320,0.94584,0.94597,1.50,2.07
2013.06.06 04:11:12.480,0.94584,0.94597,1.50,2.07
2013.06.06 04:11:13.770,0.94583,0.94596,1.69,1.69
2013.06.06 04:11:14.181,0.94581,0.94595,2.07,3.00
2013.06.06 04:11:20.731,0.94581,0.94595,2.07,1.50
2013.06.06 04:11:21.341,0.94581,0.94595,2.07,1.69
2013.06.06 04:11:22.130,0.94581,0.94594,2.07,2.25
2013.06.06 04:11:22.189,0.94581,0.94595,2.07,2.44
2013.06.06 04:11:23.957,0.94581,0.94595,2.07,1.69
2013.06.06 04:11:24.451,0.9458,0.94593,1.69,1.13
2013.06.06 04:11:24.511,0.9458,0.94591,1.69,1.13
2013.06.06 04:11:24.575,0.94577,0.9459,3.19,1.69
2013.06.06 04:11:24.643,0.94576,0.94588,1.69,1.50
2013.06.06 04:11:24.884,0.94576,0.94587,1.69,1.50
2013.06.06 04:11:25.072,0.94573,0.94584,1.50,1.50
2013.06.06 04:11:25.311,0.94571,0.94582,1.50,1.13
2013.06.06 04:11:25.430,0.9457,0.94579,1.50,1.13
2013.06.06 04:11:25.730,0.9457,0.94583,2.07,1.50
2013.06.06 04:11:25.790,0.9457,0.94585,1.32,3.19
2013.06.06 04:11:25.970,0.9457,0.94585,2.07,2.44
2013.06.06 04:11:26.510,0.94571,0.94584,1.50,2.25
2013.06.06 04:11:26.840,0.94571,0.94584,1.50,2.25
2013.06.06 04:11:27.400,0.9457,0.94584,1.32,2.25
2013.06.06 04:11:27.908,0.9457,0.94584,1.32,2.25
2013.06.06 04:11:29.940,0.9457,0.94584,1.32,2.25
2013.06.06 04:11:32.330,0.94573,0.94585,1.50,1.50
2013.06.06 04:11:32.389,0.94573,0.94585,1.50,2.25
2013.06.06 04:11:33.260,0.94573,0.94585,1.50,2.25
2013.06.06 04:11:35.322,0.94573,0.94585,2.44,2.25
2013.06.06 04:11:36.215,0.94574,0.94585,3.94,1.50
2013.06.06 04:11:36.520,0.94581,0.94593,1.50,1.69
2013.06.06 04:11:37.075,0.9458,0.94594,2.82,2.25
2013.06.06 04:11:37.580,0.9458,0.94594,2.82,2.25
2013.06.06 04:11:40.670,0.9458,0.94592,1.13,1.50
2013.06.06 04:11:42.690,0.9458,0.94592,1.13,1.50
2013.06.06 04:11:43.243,0.9458,0.94592,1.13,1.50
2013.06.06 04:11:43.879,0.94578,0.94591,2.44,1.50
2013.06.06 04:11:44.420,0.9458,0.94592,1.32,1.50
2013.06.06 04:11:44.961,0.9458,0.94592,1.32,1.50
2013.06.06 04:11:48.099,0.9458,0.94592,2.07,1.50
2013.06.06 04:11:48.462,0.94578,0.94591,2.44,1.50
2013.06.06 04:11:48.580,0.94576,0.94589,1.13,2.25
2013.06.06 04:11:48.761,0.94574,0.94587,1.32,1.50
2013.06.06 04:11:48.941,0.94574,0.94585,1.69,1.50
2013.06.06 04:11:49.300,0.94571,0.94584,2.07,2.25
2013.06.06 04:11:51.630,0.94571,0.94584,2.82,1.50
2013.06.06 04:11:52.131,0.94571,0.94584,1.32,2.44
2013.06.06 04:11:53.910,0.94571,0.94584,2.07,3.00
2013.06.06 04:11:54.493,0.94571,0.94584,2.07,3.00
2013.06.06 04:11:58.310,0.94571,0.94584,2.07,2.25
2013.06.06 04:11:59.561,0.94571,0.94584,2.07,2.25
2013.06.06 04:11:59.981,0.94573,0.94586,1.69,2.25
2013.06.06 04:12:00.281,0.94575,0.94588,2.07,1.50
2013.06.06 04:12:00.820,0.94575,0.94588,2.07,1.50
2013.06.06 04:12:01.350,0.94575,0.94588,2.07,1.50
2013.06.06 04:12:01.995,0.94575,0.94588,2.07,2.25
2013.06.06 04:12:02.620,0.94575,0.94588,2.07,2.25
2013.06.06 04:12:03.140,0.94575,0.94589,2.82,1.69
2013.06.06 04:12:03.321,0.94579,0.94592,1.13,1.69
2013.06.06 04:12:03.383,0.94581,0.94591,1.13,1.69
2013.06.06 04:12:03.620,0.94581,0.94594,1.32,1.50
2013.06.06 04:12:03.921,0.94581,0.94594,1.32,1.50
2013.06.06 04:12:04.521,0.94581,0.94594,1.32,1.50
2013.06.06 04:12:04.880,0.94581,0.94593,1.32,2.25
2013.06.06 04:12:06.050,0.94581,0.94594,1.32,1.69
2013.06.06 04:12:07.700,0.9458,0.94593,1.69,1.13
2013.06.06 04:12:07.760,0.94582,0.94592,1.50,1.13
2013.06.06 04:12:08.272,0.94579,0.94591,1.69,2.25
2013.06.06 04:12:08.810,0.94579,0.9459,1.69,1.50
2013.06.06 04:12:09.320,0.94577,0.9459,3.57,1.50
2013.06.06 04:12:09.895,0.94577,0.94592,3.57,1.88
2013.06.06 04:12:10.450,0.94579,0.94591,1.69,2.25
2013.06.06 04:12:10.630,0.94577,0.94591,2.44,2.25
2013.06.06 04:12:10.879,0.94577,0.94591,2.44,1.50
2013.06.06 04:12:11.120,0.94579,0.94591,1.50,1.50
2013.06.06 04:12:11.730,0.94582,0.94593,1.50,3.19
2013.06.06 04:12:12.090,0.94588,0.94598,1.50,1.32
2013.06.06 04:12:12.150,0.94588,0.94599,1.50,2.44
2013.06.06 04:12:12.272,0.94587,0.94599,2.25,1.69
2013.06.06 04:12:12.332,0.94588,0.94599,1.50,1.69
2013.06.06 04:12:13.630,0.94588,0.94602,1.69,1.69
2013.06.06 04:12:13.749,0.94587,0.94601,1.69,1.50
2013.06.06 04:12:14.568,0.94586,0.94599,1.50,1.50
2013.06.06 04:12:16.192,0.94585,0.94599,2.44,1.50
2013.06.06 04:12:16.751,0.94585,0.94597,2.25,1.50
2013.06.06 04:12:18.350,0.94583,0.94595,1.69,1.50
2013.06.06 04:12:18.470,0.94582,0.94594,2.44,1.50
2013.06.06 04:12:18.770,0.94581,0.94592,1.13,1.50
2013.06.06 04:12:19.250,0.9458,0.94591,1.50,1.50
2013.06.06 04:12:19.610,0.94578,0.94589,2.44,1.50
2013.06.06 04:12:20.198,0.94578,0.94589,2.25,1.50
2013.06.06 04:12:21.400,0.94578,0.94591,2.25,1.50
2013.06.06 04:12:21.581,0.9458,0.94592,1.13,1.69
2013.06.06 04:12:21.641,0.94582,0.94594,1.69,3.00
2013.06.06 04:12:21.881,0.94586,0.94596,1.13,2.25
2013.06.06 04:12:22.181,0.94586,0.94598,2.63,1.50
2013.06.06 04:12:22.300,0.94586,0.94599,1.13,2.44
2013.06.06 04:12:23.838,0.94586,0.94599,3.57,1.50
2013.06.06 04:12:26.092,0.94588,0.946,1.50,1.50
2013.06.06 04:12:26.211,0.94588,0.94598,1.50,1.13
2013.06.06 04:12:26.450,0.94584,0.94595,1.50,1.13
2013.06.06 04:12:26.990,0.94582,0.94595,2.44,1.50
2013.06.06 04:12:28.591,0.94582,0.94593,1.69,1.50
2013.06.06 04:12:28.651,0.94582,0.94593,1.69,2.25
2013.06.06 04:12:28.770,0.94579,0.94593,1.69,2.82
2013.06.06 04:12:29.070,0.9458,0.94595,2.82,2.44
2013.06.06 04:12:33.322,0.94584,0.94596,1.50,1.50
2013.06.06 04:12:33.380,0.94586,0.94596,1.50,1.50
2013.06.06 04:12:35.131,0.94586,0.94598,1.50,1.69
2013.06.06 04:12:35.310,0.94586,0.94598,1.50,1.69
2013.06.06 04:12:36.820,0.94585,0.94598,1.69,1.32
2013.06.06 04:12:43.300,0.94586,0.94599,1.50,1.69
2013.06.06 04:12:43.851,0.94587,0.946,1.50,1.69
2013.06.06 04:12:44.492,0.94586,0.946,2.44,1.69
2013.06.06 04:12:44.730,0.94586,0.946,2.44,1.69
2013.06.06 04:12:50.940,0.94586,0.946,2.44,1.50
2013.06.06 04:12:54.530,0.94587,0.94601,1.69,1.50
2013.06.06 04:12:58.671,0.94587,0.946,1.69,1.69
2013.06.06 04:13:03.101,0.94585,0.94599,2.82,1.69
2013.06.06 04:13:03.461,0.94583,0.94593,1.69,1.13
2013.06.06 04:13:03.940,0.94579,0.94593,3.19,1.88
2013.06.06 04:13:10.120,0.9458,0.94593,2.07,1.50
2013.06.06 04:13:10.660,0.94579,0.94593,3.19,2.07
2013.06.06 04:13:13.260,0.94581,0.94595,1.50,2.44
2013.06.06 04:13:13.620,0.94581,0.94595,1.50,2.44
2013.06.06 04:13:14.140,0.94581,0.94595,1.50,2.44
2013.06.06 04:13:15.191,0.94579,0.94591,3.19,1.13
2013.06.06 04:13:15.371,0.94576,0.94588,1.13,2.25
2013.06.06 04:13:15.611,0.94573,0.94587,1.69,1.50
2013.06.06 04:13:15.670,0.94572,0.94587,2.44,1.50
2013.06.06 04:13:16.330,0.9457,0.94582,2.82,1.50
2013.06.06 04:13:17.290,0.94569,0.94582,1.13,1.50
2013.06.06 04:13:17.411,0.94567,0.94579,2.44,1.50
2013.06.06 04:13:17.530,0.94566,0.9458,1.13,1.69
2013.06.06 04:13:18.071,0.94565,0.94581,3.38,2.44
2013.06.06 04:13:23.433,0.94565,0.94578,1.50,2.07
2013.06.06 04:13:23.909,0.94559,0.94572,1.50,1.88
2013.06.06 04:13:23.976,0.94558,0.94572,1.69,1.88
2013.06.06 04:13:24.281,0.94556,0.94566,1.69,1.50
2013.06.06 04:13:24.523,0.9455,0.94564,1.88,1.69
2013.06.06 04:13:25.751,0.94551,0.94563,1.13,1.69
2013.06.06 04:13:46.011,0.9455,0.94563,1.88,1.69
2013.06.06 04:13:54.741,0.94551,0.94564,1.88,1.69
2013.06.06 04:13:54.800,0.94551,0.94565,2.07,1.50
2013.06.06 04:13:54.922,0.94554,0.94565,2.25,1.50
2013.06.06 04:13:55.100,0.94562,0.94572,2.25,2.25
2013.06.06 04:13:55.161,0.94562,0.94574,3.00,1.69
2013.06.06 04:13:55.281,0.94562,0.94572,1.50,1.50
2013.06.06 04:13:55.520,0.94563,0.94574,1.50,1.32
2013.06.06 04:13:56.950,0.94563,0.94574,2.25,1.32
2013.06.06 04:13:58.717,0.94563,0.94574,2.25,1.13
2013.06.06 04:14:02.320,0.94565,0.94576,1.50,1.32
2013.06.06 04:14:02.560,0.94568,0.94579,1.50,1.69
2013.06.06 04:14:02.621,0.94569,0.9458,1.50,1.69
2013.06.06 04:14:02.682,0.94572,0.94583,1.13,1.69
2013.06.06 04:14:02.810,0.94572,0.94585,2.63,1.69
2013.06.06 04:14:03.670,0.94572,0.94585,2.63,1.69
2013.06.06 04:14:05.080,0.94572,0.94586,5.63,1.69
2013.06.06 04:14:05.321,0.94576,0.9459,1.50,1.69
2013.06.06 04:14:05.680,0.94577,0.94588,1.50,1.13
2013.06.06 04:14:05.860,0.94577,0.94588,1.50,1.13
2013.06.06 04:14:05.981,0.94577,0.94591,1.50,2.44
2013.06.06 04:14:06.640,0.94577,0.94591,2.25,3.19
2013.06.06 04:14:07.992,0.94577,0.94588,1.50,1.32
2013.06.06 04:14:08.112,0.94574,0.94588,2.25,1.32
2013.06.06 04:14:08.350,0.94573,0.94588,1.69,2.07
2013.06.06 04:14:09.432,0.94574,0.94588,2.25,2.07
2013.06.06 04:14:09.971,0.94574,0.94588,1.50,2.82
2013.06.06 04:14:10.750,0.94572,0.94586,3.19,1.50
2013.06.06 04:14:11.051,0.94572,0.94586,1.69,1.50
2013.06.06 04:14:11.760,0.94572,0.94585,1.69,1.50
2013.06.06 04:14:12.780,0.94572,0.94586,2.44,1.50
2013.06.06 04:14:13.305,0.94573,0.94588,1.69,2.07
2013.06.06 04:14:13.850,0.94572,0.94585,1.69,1.50
2013.06.06 04:14:14.391,0.94571,0.94585,3.94,1.50
2013.06.06 04:14:19.144,0.94572,0.94585,1.69,1.50
2013.06.06 04:14:19.650,0.94571,0.94585,2.44,1.50
2013.06.06 04:14:25.600,0.94571,0.94585,2.07,1.69
2013.06.06 04:14:26.230,0.94572,0.94585,1.50,1.69
2013.06.06 04:14:26.793,0.94571,0.94585,1.13,1.69
2013.06.06 04:14:27.341,0.94571,0.94585,1.13,1.69
2013.06.06 04:14:34.862,0.94571,0.94585,1.13,1.69
2013.06.06 04:14:34.983,0.9457,0.94584,2.82,2.25
2013.06.06 04:14:35.520,0.94566,0.94581,3.00,1.69
2013.06.06 04:14:35.704,0.94565,0.9458,1.13,2.44
2013.06.06 04:14:36.061,0.94561,0.94576,2.25,1.69
2013.06.06 04:14:36.421,0.9456,0.94573,2.25,1.32
2013.06.06 04:14:37.230,0.9456,0.94571,1.50,1.50
2013.06.06 04:14:43.160,0.9456,0.94573,1.50,1.88
2013.06.06 04:14:43.720,0.9456,0.94573,1.50,1.88
2013.06.06 04:14:44.261,0.9456,0.94573,1.88,1.50
2013.06.06 04:14:44.621,0.94563,0.94577,1.50,2.44
2013.06.06 04:14:55.890,0.94563,0.94577,2.44,1.50
2013.06.06 04:14:56.192,0.94568,0.9458,1.69,1.50
2013.06.06 04:14:56.310,0.94569,0.94581,1.69,1.50
2013.06.06 04:14:56.430,0.9457,0.94584,2.63,1.69
2013.06.06 04:14:56.670,0.9457,0.94586,3.57,1.69
2013.06.06 04:14:57.090,0.94573,0.94587,1.50,1.69
2013.06.06 04:14:59.110,0.94573,0.94588,1.50,2.07
2013.06.06 04:15:00.462,0.94571,0.94585,1.69,1.50
2013.06.06 04:15:00.941,0.9457,0.94581,1.13,1.50
2013.06.06 04:15:01.240,0.9457,0.94581,1.13,3.00
2013.06.06 04:15:01.302,0.9457,0.94581,1.13,1.50
2013.06.06 04:15:01.841,0.9457,0.94581,1.13,1.50
2013.06.06 04:15:04.431,0.9457,0.94582,1.13,1.50
2013.06.06 04:15:09.300,0.9457,0.94582,1.13,1.50
2013.06.06 04:15:12.860,0.94571,0.94583,1.50,1.50
2013.06.06 04:15:13.760,0.94574,0.94584,2.07,1.50
2013.06.06 04:15:13.820,0.94574,0.94585,1.32,1.69
2013.06.06 04:15:13.945,0.94573,0.94587,2.44,2.63
2013.06.06 04:15:14.072,0.94573,0.94587,1.69,1.88
2013.06.06 04:15:14.132,0.94573,0.94587,1.69,1.88
2013.06.06 04:15:14.671,0.9457,0.94585,3.00,1.50
2013.06.06 04:15:15.210,0.9457,0.94585,2.25,1.50
2013.06.06 04:15:19.600,0.94571,0.94584,1.50,1.50
2013.06.06 04:15:28.291,0.94569,0.94585,1.88,3.19
2013.06.06 04:15:28.886,0.94569,0.94581,1.13,1.50
2013.06.06 04:15:31.327,0.9457,0.94581,1.13,1.50
2013.06.06 04:15:31.880,0.9457,0.94584,1.13,1.50
2013.06.06 04:15:32.120,0.94568,0.94584,2.07,1.50
2013.06.06 04:15:32.491,0.94567,0.94582,2.25,1.32
2013.06.06 04:15:32.551,0.94567,0.94581,2.25,1.50
2013.06.06 04:15:32.910,0.94562,0.94576,1.69,1.50
2013.06.06 04:15:33.270,0.94561,0.94575,2.44,1.50
2013.06.06 04:15:37.910,0.9456,0.94574,1.50,1.69
2013.06.06 04:15:39.872,0.94559,0.94574,1.88,1.69
2013.06.06 04:15:40.421,0.94559,0.94573,1.88,1.69
2013.06.06 04:15:41.802,0.9456,0.94576,2.25,2.44
2013.06.06 04:15:50.630,0.94562,0.94576,1.50,2.07
2013.06.06 04:15:50.930,0.94562,0.94576,1.50,1.69
2013.06.06 04:15:51.470,0.94565,0.94577,1.50,1.69
2013.06.06 04:15:51.771,0.94566,0.94577,1.50,1.69
2013.06.06 04:15:52.341,0.94565,0.94579,1.50,2.07
2013.06.06 04:15:52.521,0.94563,0.94573,3.00,1.13
2013.06.06 04:15:53.012,0.94565,0.94576,1.50,1.69
2013.06.06 04:15:53.131,0.94566,0.9458,2.63,3.19
2013.06.06 04:15:53.312,0.94566,0.94582,2.63,1.69
2013.06.06 04:15:53.611,0.94568,0.94582,1.13,1.69
2013.06.06 04:15:53.911,0.94572,0.94585,1.13,2.44
2013.06.06 04:15:54.450,0.94572,0.94584,1.13,1.69
2013.06.06 04:15:54.810,0.94572,0.94581,1.13,1.50
2013.06.06 04:15:58.810,0.94572,0.94584,1.13,2.44
2013.06.06 04:16:00.590,0.94572,0.94583,1.13,1.69
2013.06.06 04:16:01.151,0.94572,0.94584,1.13,1.69
2013.06.06 04:16:01.941,0.94572,0.94585,1.13,2.44
2013.06.06 04:16:02.524,0.94572,0.94583,1.13,1.69
2013.06.06 04:16:09.313,0.94571,0.94584,1.13,1.69
2013.06.06 04:16:10.171,0.9457,0.94584,1.32,2.44
2013.06.06 04:16:10.530,0.94571,0.94583,1.13,1.69
2013.06.06 04:16:10.770,0.94571,0.94583,1.13,1.69
2013.06.06 04:16:11.281,0.94571,0.94583,1.13,1.69
2013.06.06 04:16:11.462,0.94569,0.94583,1.50,1.69
2013.06.06 04:16:14.152,0.94569,0.94582,2.25,2.44
2013.06.06 04:16:14.212,0.94569,0.9458,2.25,1.13
2013.06.06 04:16:14.571,0.94563,0.94574,3.94,1.88
2013.06.06 04:16:14.750,0.94563,0.94576,2.44,1.50
2013.06.06 04:16:14.811,0.94563,0.94577,2.44,1.50
2013.06.06 04:16:15.184,0.94564,0.94579,1.50,1.69
2013.06.06 04:16:15.921,0.9457,0.94581,1.13,1.69
2013.06.06 04:16:15.981,0.94571,0.94582,1.88,1.32
2013.06.06 04:16:16.160,0.94571,0.94586,1.32,1.69
2013.06.06 04:16:16.760,0.94572,0.94588,2.44,2.82
2013.06.06 04:16:17.181,0.94581,0.9459,1.13,2.44
2013.06.06 04:16:17.481,0.94581,0.94593,1.13,1.69
2013.06.06 04:16:17.601,0.94581,0.94594,1.13,2.44
2013.06.06 04:16:20.870,0.94578,0.94593,1.50,1.69
2013.06.06 04:16:20.931,0.94578,0.94593,1.50,1.69
2013.06.06 04:16:21.051,0.94577,0.9459,1.50,1.69
2013.06.06 04:16:21.291,0.94575,0.94588,1.65,2.07
2013.06.06 04:16:21.651,0.94573,0.94587,1.69,2.44
2013.06.06 04:16:26.060,0.94572,0.94585,1.88,1.69
2013.06.06 04:16:27.080,0.94572,0.94585,1.88,1.69
2013.06.06 04:16:31.705,0.94572,0.94584,1.13,2.44
2013.06.06 04:16:49.121,0.94571,0.94584,1.88,1.69
2013.06.06 04:16:54.746,0.94571,0.94583,1.88,1.69
2013.06.06 04:16:56.270,0.94571,0.94584,2.07,1.69
2013.06.06 04:17:05.542,0.94572,0.94581,1.13,1.50
2013.06.06 04:17:05.901,0.94567,0.94579,2.44,1.50
2013.06.06 04:17:06.141,0.94566,0.94577,1.50,1.69
2013.06.06 04:17:06.380,0.94562,0.94576,1.69,1.50
2013.06.06 04:17:07.040,0.94562,0.94576,2.44,1.50
2013.06.06 04:17:13.525,0.94565,0.94575,2.25,1.69
2013.06.06 04:17:13.831,0.94567,0.94577,1.13,2.44
2013.06.06 04:17:14.370,0.94567,0.94578,1.13,1.69
2013.06.06 04:17:15.291,0.94567,0.94579,1.13,3.00
2013.06.06 04:17:17.061,0.94567,0.94579,1.50,2.25
2013.06.06 04:17:17.120,0.94567,0.94579,1.50,2.25
2013.06.06 04:17:30.280,0.94566,0.94579,2.63,3.00
2013.06.06 04:17:36.150,0.94566,0.94579,1.69,3.38
2013.06.06 04:17:36.210,0.94566,0.94578,1.69,1.13
2013.06.06 04:17:36.270,0.94564,0.94577,1.69,1.50
2013.06.06 04:17:36.451,0.94564,0.94578,1.50,3.38
2013.06.06 04:17:38.191,0.94563,0.94576,1.69,2.25
2013.06.06 04:17:41.374,0.94562,0.94576,1.88,3.00
2013.06.06 04:17:47.222,0.94562,0.94576,1.32,2.44
2013.06.06 04:17:47.403,0.9456,0.94573,1.32,1.50
2013.06.06 04:17:47.465,0.94557,0.94572,3.19,1.69
2013.06.06 04:17:47.531,0.94557,0.94571,1.69,2.44
2013.06.06 04:17:47.654,0.94555,0.94568,1.50,1.88
2013.06.06 04:17:48.011,0.94552,0.94563,1.32,1.50
2013.06.06 04:17:52.161,0.94556,0.94564,1.13,1.69
2013.06.06 04:17:52.462,0.94553,0.94563,1.50,1.50
2013.06.06 04:17:52.642,0.94547,0.9456,3.19,1.50
2013.06.06 04:17:53.069,0.94546,0.94558,1.32,2.25
2013.06.06 04:17:53.371,0.94539,0.94549,1.69,1.50
2013.06.06 04:17:53.550,0.94537,0.94549,1.69,1.88
2013.06.06 04:17:53.671,0.94534,0.94546,3.19,2.25
2013.06.06 04:17:53.730,0.94532,0.94546,1.69,3.00
2013.06.06 04:17:54.091,0.94531,0.94545,2.07,1.50
2013.06.06 04:17:54.930,0.94532,0.94546,1.69,3.00
2013.06.06 04:17:55.471,0.94535,0.94548,1.50,1.50
2013.06.06 04:17:56.145,0.94535,0.94549,1.50,3.57
2013.06.06 04:17:56.670,0.94535,0.94549,1.50,5.07
2013.06.06 04:17:57.271,0.94537,0.9455,1.13,2.25
2013.06.06 04:17:57.391,0.94543,0.94553,1.13,2.44
2013.06.06 04:17:57.572,0.94546,0.94558,1.13,3.19
2013.06.06 04:17:57.965,0.94544,0.94559,1.32,1.69
2013.06.06 04:18:03.800,0.94546,0.94558,1.13,3.94
2013.06.06 04:18:04.181,0.94542,0.94556,1.69,1.69
2013.06.06 04:18:04.741,0.94541,0.94554,1.88,1.69
2013.06.06 04:18:05.283,0.94541,0.94555,2.63,3.94
2013.06.06 04:18:05.610,0.94539,0.94547,2.44,1.50
2013.06.06 04:18:05.791,0.94531,0.94543,3.00,1.50
2013.06.06 04:18:05.850,0.9453,0.94543,1.50,2.44
2013.06.06 04:18:05.970,0.94528,0.94541,1.50,2.44
2013.06.06 04:18:06.210,0.94529,0.94541,1.13,1.69
2013.06.06 04:18:06.751,0.94527,0.9454,1.50,1.69
2013.06.06 04:18:07.291,0.94528,0.94541,1.50,1.69
2013.06.06 04:18:07.772,0.94528,0.94541,1.50,1.69
2013.06.06 04:18:07.951,0.9453,0.94541,1.88,1.69
2013.06.06 04:18:08.673,0.94532,0.94542,1.13,1.69
2013.06.06 04:18:08.802,0.94532,0.94544,1.13,3.00
2013.06.06 04:18:08.922,0.94532,0.94544,1.88,2.25
2013.06.06 04:18:09.042,0.94533,0.94544,1.13,1.50
2013.06.06 04:18:09.343,0.94534,0.94548,1.50,2.82
2013.06.06 04:18:09.585,0.94537,0.9455,2.44,1.50
2013.06.06 04:18:09.653,0.9454,0.9455,1.50,1.50
2013.06.06 04:18:10.164,0.94542,0.94556,1.13,1.69
2013.06.06 04:18:10.351,0.94546,0.94555,1.13,1.50
2013.06.06 04:18:10.532,0.94546,0.94556,1.13,1.50
2013.06.06 04:18:10.592,0.94545,0.94556,1.88,1.50
2013.06.06 04:18:11.183,0.94546,0.94558,1.50,2.07
2013.06.06 04:18:11.266,0.94542,0.94557,1.32,3.75
2013.06.06 04:18:12.452,0.94542,0.94556,1.32,2.25
2013.06.06 04:18:12.511,0.94542,0.94554,1.32,1.50
2013.06.06 04:18:13.231,0.94542,0.94552,1.32,1.50
2013.06.06 04:18:13.412,0.94541,0.94552,2.07,1.50
2013.06.06 04:18:13.771,0.94541,0.94548,1.32,1.50
2013.06.06 04:18:14.332,0.94541,0.94548,1.13,1.50
2013.06.06 04:18:14.452,0.94541,0.9455,1.13,1.50
2013.06.06 04:18:15.212,0.94541,0.9455,1.88,1.50
2013.06.06 04:18:15.751,0.94541,0.94551,1.88,1.50
2013.06.06 04:18:16.230,0.94541,0.9455,1.13,1.50
2013.06.06 04:18:18.071,0.94541,0.9455,1.13,1.50
2013.06.06 04:18:25.141,0.94539,0.94549,1.69,1.50
2013.06.06 04:18:25.324,0.94537,0.94549,1.32,3.00
2013.06.06 04:18:25.441,0.94536,0.94548,1.88,1.50
2013.06.06 04:18:25.502,0.94536,0.94545,1.13,3.00
2013.06.06 04:18:25.705,0.94533,0.94543,2.44,1.50
2013.06.06 04:18:25.773,0.94529,0.94543,2.82,1.50
2013.06.06 04:18:25.892,0.94529,0.94543,2.82,3.00
2013.06.06 04:18:28.041,0.94531,0.9454,1.32,1.50
2013.06.06 04:18:28.222,0.94527,0.9454,1.69,3.00
2013.06.06 04:18:28.464,0.94526,0.94538,1.69,3.00
2013.06.06 04:18:28.771,0.94521,0.94534,2.07,1.50
2013.06.06 04:18:28.890,0.94521,0.94531,2.07,1.50
2013.06.06 04:18:31.031,0.94521,0.94533,1.13,1.69
2013.06.06 04:18:33.402,0.94521,0.94533,1.13,1.50
2013.06.06 04:18:33.969,0.94521,0.94533,1.88,1.50
2013.06.06 04:18:37.745,0.94521,0.94533,1.13,1.69
2013.06.06 04:18:38.051,0.94518,0.9453,2.44,1.50
2013.06.06 04:18:38.171,0.94517,0.9453,3.19,1.50
2013.06.06 04:18:38.232,0.94517,0.94529,3.19,1.50
2013.06.06 04:18:38.352,0.94516,0.94529,1.13,1.50
2013.06.06 04:18:38.533,0.94514,0.94523,1.69,1.13
2013.06.06 04:18:38.653,0.94509,0.94523,3.19,2.44
2013.06.06 04:18:38.721,0.94509,0.94524,2.44,3.19
2013.06.06 04:18:38.781,0.94509,0.94524,1.69,3.94
2013.06.06 04:18:38.840,0.94509,0.94524,1.69,2.82
2013.06.06 04:18:39.201,0.94508,0.94519,1.69,1.13
2013.06.06 04:18:39.503,0.94505,0.94518,1.69,1.50
2013.06.06 04:18:40.147,0.94504,0.94518,2.44,1.50
2013.06.06 04:18:40.683,0.94504,0.94518,2.44,1.50
2013.06.06 04:18:41.620,0.94505,0.94518,1.69,1.50
2013.06.06 04:18:43.551,0.94504,0.94518,2.25,2.44
2013.06.06 04:18:45.531,0.94504,0.94518,2.25,2.44
2013.06.06 04:18:46.351,0.94507,0.94519,1.50,2.07
2013.06.06 04:18:47.080,0.94507,0.94519,1.50,1.32
2013.06.06 04:18:47.394,0.94511,0.9452,1.13,1.69
2013.06.06 04:18:47.452,0.94512,0.94522,1.13,2.25
2013.06.06 04:18:47.571,0.94512,0.94525,1.13,3.57
2013.06.06 04:18:47.992,0.94515,0.94525,2.44,1.13
2013.06.06 04:18:48.232,0.94515,0.94528,1.69,2.25
2013.06.06 04:18:48.351,0.94516,0.9453,1.32,3.19
2013.06.06 04:18:48.710,0.94519,0.94532,2.44,3.19
2013.06.06 04:18:48.831,0.94519,0.94531,2.44,1.50
2013.06.06 04:18:49.251,0.94519,0.94531,2.44,2.25
2013.06.06 04:18:50.001,0.94519,0.94531,1.69,3.00
2013.06.06 04:18:50.309,0.94518,0.94529,1.88,3.00
2013.06.06 04:18:50.371,0.94518,0.94528,1.13,1.50
2013.06.06 04:18:50.431,0.94517,0.94528,2.25,3.00
2013.06.06 04:18:50.743,0.94517,0.94528,2.25,3.00
2013.06.06 04:18:50.921,0.94515,0.94526,1.69,2.25
2013.06.06 04:18:50.981,0.94515,0.94525,1.69,1.50
2013.06.06 04:18:51.042,0.94515,0.94524,1.69,2.25
2013.06.06 04:18:51.581,0.94512,0.94524,1.69,2.25
2013.06.06 04:18:51.821,0.94515,0.94527,1.50,1.50
2013.06.06 04:18:52.061,0.94512,0.94526,2.44,1.50
2013.06.06 04:18:52.122,0.94512,0.94526,1.69,3.00
2013.06.06 04:18:52.481,0.94512,0.94526,2.44,3.00
2013.06.06 04:18:54.271,0.94516,0.94526,1.50,2.25
2013.06.06 04:18:54.331,0.94516,0.94527,1.69,1.50
2013.06.06 04:18:54.451,0.94516,0.94528,1.69,1.50
2013.06.06 04:18:54.990,0.94519,0.9453,2.25,1.50
2013.06.06 04:18:55.367,0.9452,0.9453,1.50,1.50
2013.06.06 04:18:55.440,0.94519,0.94534,1.50,3.94
2013.06.06 04:18:56.111,0.9452,0.94534,2.44,2.25
2013.06.06 04:18:56.412,0.9452,0.94532,1.69,2.25
2013.06.06 04:18:56.960,0.9452,0.94534,1.69,3.75
2013.06.06 04:18:57.572,0.9452,0.94532,1.69,2.25
2013.06.06 04:18:57.632,0.9452,0.94531,1.69,1.50
2013.06.06 04:18:58.351,0.94517,0.94529,2.44,1.50
2013.06.06 04:18:58.950,0.94518,0.94528,1.69,1.50
2013.06.06 04:18:59.251,0.94517,0.94528,2.44,1.50
2013.06.06 04:18:59.311,0.94517,0.94528,1.50,1.69
2013.06.06 04:18:59.851,0.94513,0.94526,1.50,1.50
2013.06.06 04:19:00.395,0.94512,0.94525,1.69,1.50
2013.06.06 04:19:01.001,0.94512,0.94525,1.69,1.50
2013.06.06 04:19:01.452,0.94513,0.94524,1.50,2.25
2013.06.06 04:19:01.511,0.94513,0.94524,1.50,2.25
2013.06.06 04:19:01.571,0.94513,0.94526,1.50,2.25
2013.06.06 04:19:02.491,0.94511,0.94524,2.44,2.25
2013.06.06 04:19:03.030,0.94511,0.94525,2.44,3.00
2013.06.06 04:19:03.585,0.94511,0.94524,2.44,2.25
2013.06.06 04:19:04.131,0.9451,0.94522,1.69,1.50
2013.06.06 04:19:04.251,0.94508,0.94519,1.50,1.50
2013.06.06 04:19:04.312,0.94507,0.94518,3.00,2.25
2013.06.06 04:19:04.671,0.94504,0.94516,1.32,1.50
2013.06.06 04:19:04.731,0.94503,0.94516,1.32,1.88
2013.06.06 04:19:04.911,0.94499,0.94513,3.19,1.50
2013.06.06 04:19:04.971,0.94499,0.94513,3.19,1.50
2013.06.06 04:19:05.092,0.94498,0.94511,1.50,1.69
2013.06.06 04:19:05.462,0.94497,0.94511,2.25,1.69
2013.06.06 04:19:05.731,0.94497,0.94511,2.25,1.69
2013.06.06 04:19:06.531,0.94498,0.94508,1.50,1.50
2013.06.06 04:19:07.281,0.94497,0.94508,1.50,1.50
2013.06.06 04:19:07.401,0.94496,0.94508,1.69,1.50
2013.06.06 04:19:08.232,0.94494,0.94507,1.69,1.50
2013.06.06 04:19:08.306,0.94492,0.94506,1.69,2.44
2013.06.06 04:19:08.372,0.94492,0.94506,1.69,2.44
2013.06.06 04:19:08.912,0.9449,0.94503,1.69,1.50
2013.06.06 04:19:09.591,0.94489,0.94504,3.38,1.69
2013.06.06 04:19:10.683,0.94493,0.94504,1.13,1.69
2013.06.06 04:19:10.981,0.94491,0.94505,1.69,5.07
2013.06.06 04:19:11.101,0.9449,0.94502,1.50,1.69
2013.06.06 04:19:11.342,0.94494,0.94506,1.13,2.25
2013.06.06 04:19:11.522,0.94493,0.94502,1.13,1.50
2013.06.06 04:19:11.941,0.94489,0.94502,2.63,2.25
2013.06.06 04:19:12.060,0.94489,0.94502,1.13,2.25
2013.06.06 04:19:13.612,0.94489,0.94502,1.88,1.50
2013.06.06 04:19:15.671,0.9449,0.94503,2.44,2.25
2013.06.06 04:19:16.048,0.94491,0.94501,1.50,2.25
2013.06.06 04:19:18.571,0.94489,0.94501,2.63,2.25
2013.06.06 04:19:18.752,0.94489,0.94501,2.25,1.50
2013.06.06 04:19:18.871,0.9449,0.94502,1.50,2.44
2013.06.06 04:19:19.231,0.94491,0.94502,3.75,1.69
2013.06.06 04:19:19.351,0.94492,0.94503,1.13,1.69
2013.06.06 04:19:19.532,0.94494,0.94506,1.50,1.69
2013.06.06 04:19:19.771,0.94494,0.94507,1.50,2.44
2013.06.06 04:19:19.951,0.94498,0.94508,1.50,1.69
2013.06.06 04:19:20.556,0.94498,0.94509,1.50,2.25
2013.06.06 04:19:20.629,0.945,0.94511,1.50,2.25
2013.06.06 04:19:21.991,0.945,0.94513,2.25,2.25
2013.06.06 04:19:22.535,0.94501,0.94514,1.50,3.19
2013.06.06 04:19:23.390,0.945,0.94514,2.25,4.69
2013.06.06 04:19:23.691,0.94499,0.94512,2.25,3.00
2013.06.06 04:19:24.231,0.94498,0.94511,2.44,2.25
2013.06.06 04:19:24.771,0.94497,0.9451,1.50,2.44
2013.06.06 04:19:25.132,0.94496,0.94509,1.50,1.50
2013.06.06 04:19:25.191,0.94496,0.94508,1.50,2.25
2013.06.06 04:19:25.872,0.94495,0.94508,1.69,2.25
2013.06.06 04:19:26.411,0.94495,0.94509,1.69,2.25
2013.06.06 04:19:27.640,0.94495,0.94509,1.69,3.00
2013.06.06 04:19:28.161,0.94496,0.94508,1.50,3.00
2013.06.06 04:19:29.681,0.94495,0.94509,1.69,1.50
2013.06.06 04:19:31.331,0.94496,0.94509,1.50,1.50
2013.06.06 04:19:31.511,0.94496,0.94509,1.50,1.50
2013.06.06 04:19:31.690,0.94498,0.94509,2.25,1.50
2013.06.06 04:19:32.050,0.94499,0.94512,2.25,1.50
2013.06.06 04:19:32.970,0.94501,0.94514,1.50,1.69
2013.06.06 04:19:35.211,0.94501,0.94513,1.50,1.50
2013.06.06 04:19:36.921,0.945,0.94513,1.50,1.50
2013.06.06 04:19:37.280,0.945,0.94512,1.50,2.25
2013.06.06 04:19:37.930,0.94501,0.94513,1.50,3.00
2013.06.06 04:19:38.884,0.94501,0.94513,1.50,2.25
2013.06.06 04:19:40.991,0.945,0.94513,2.25,1.50
2013.06.06 04:19:41.530,0.945,0.94513,2.63,1.50
2013.06.06 04:19:42.090,0.945,0.94513,2.25,1.50
2013.06.06 04:19:48.940,0.945,0.94512,2.25,1.50
2013.06.06 04:19:52.620,0.945,0.94513,2.25,1.50
2013.06.06 04:19:53.161,0.94502,0.94515,1.69,3.00
2013.06.06 04:19:55.091,0.94502,0.94515,1.69,2.25
2013.06.06 04:19:55.721,0.94503,0.94516,2.44,2.25
2013.06.06 04:19:55.841,0.94507,0.94518,1.50,2.25
2013.06.06 04:19:55.961,0.94507,0.94519,1.50,1.69
2013.06.06 04:19:56.081,0.94507,0.94518,1.50,1.50
2013.06.06 04:19:56.620,0.94507,0.94518,1.50,1.50
2013.06.06 04:20:05.013,0.94507,0.94518,1.50,2.44
2013.06.06 04:20:05.771,0.94507,0.94518,1.50,1.69
2013.06.06 04:20:06.130,0.94508,0.9452,1.50,2.44
2013.06.06 04:20:06.901,0.9451,0.94521,1.50,2.25
2013.06.06 04:20:07.022,0.94509,0.9452,2.25,1.50
2013.06.06 04:20:07.141,0.94509,0.94522,3.00,1.50
2013.06.06 04:20:07.340,0.94509,0.94522,3.00,1.50
2013.06.06 04:20:07.720,0.94509,0.94522,3.00,1.50
2013.06.06 04:20:08.082,0.94509,0.94521,1.50,1.50
2013.06.06 04:20:08.451,0.94507,0.94519,1.69,1.50
2013.06.06 04:20:08.511,0.94506,0.94518,1.50,1.50
2013.06.06 04:20:09.051,0.94506,0.94518,1.50,1.50
2013.06.06 04:20:17.111,0.94509,0.9452,1.13,1.50
2013.06.06 04:20:17.231,0.94512,0.94523,2.07,1.50
2013.06.06 04:20:17.771,0.94512,0.94525,2.07,1.50
2013.06.06 04:20:17.830,0.94512,0.94525,2.07,1.50
2013.06.06 04:20:18.011,0.94515,0.94524,1.50,1.50
2013.06.06 04:20:18.130,0.94515,0.94526,1.50,1.69
2013.06.06 04:20:18.311,0.94511,0.94526,2.44,1.69
2013.06.06 04:20:18.431,0.94511,0.94526,2.44,1.69
2013.06.06 04:20:18.970,0.94511,0.94525,3.19,1.50
2013.06.06 04:20:21.291,0.94513,0.94527,1.69,2.44
2013.06.06 04:20:21.471,0.94514,0.94527,1.50,1.69
2013.06.06 04:20:21.711,0.94515,0.94529,1.50,1.69
2013.06.06 04:20:22.012,0.94518,0.9453,1.50,1.69
2013.06.06 04:20:22.320,0.94518,0.9453,3.00,1.69
2013.06.06 04:20:23.331,0.94519,0.9453,1.50,1.50
2013.06.06 04:20:23.392,0.94519,0.94532,1.50,2.44
2013.06.06 04:20:23.511,0.94518,0.94532,2.25,2.44
2013.06.06 04:20:24.051,0.94518,0.94531,1.50,1.50
2013.06.06 04:20:24.562,0.94518,0.94531,1.50,1.50
2013.06.06 04:20:25.421,0.94518,0.94531,1.50,2.44
2013.06.06 04:20:25.825,0.94518,0.94532,1.50,3.19
2013.06.06 04:20:25.953,0.94523,0.94532,1.13,2.25
2013.06.06 04:20:26.014,0.94526,0.94534,1.50,1.50
2013.06.06 04:20:26.082,0.94526,0.94537,1.50,1.77
2013.06.06 04:20:26.322,0.94526,0.94539,1.50,1.69
2013.06.06 04:20:26.381,0.94528,0.94539,2.25,1.69
2013.06.06 04:20:26.622,0.94533,0.94545,1.50,2.82
2013.06.06 04:20:26.683,0.94533,0.94545,1.50,2.44
2013.06.06 04:20:26.802,0.94533,0.94545,2.25,2.44
2013.06.06 04:20:26.864,0.94536,0.94545,1.50,1.69
2013.06.06 04:20:27.052,0.94539,0.94551,1.69,2.25
2013.06.06 04:20:27.112,0.94541,0.94553,1.50,2.44
2013.06.06 04:20:27.172,0.94541,0.94553,1.50,2.44
2013.06.06 04:20:27.291,0.94543,0.94557,1.50,2.44
2013.06.06 04:20:27.352,0.94541,0.94559,4.69,4.69
2013.06.06 04:20:27.867,0.94546,0.94559,1.69,2.25
2013.06.06 04:20:27.994,0.94545,0.9456,1.69,1.69
2013.06.06 04:20:28.052,0.94546,0.94561,1.69,1.69
2013.06.06 04:20:28.232,0.94549,0.94566,2.44,5.25
2013.06.06 04:20:28.291,0.94549,0.94566,1.69,1.69
2013.06.06 04:20:28.471,0.9455,0.94567,1.69,1.69
2013.06.06 04:20:28.772,0.9455,0.94566,2.44,1.50
2013.06.06 04:20:29.311,0.9455,0.94565,1.69,1.50
2013.06.06 04:20:30.174,0.9455,0.94566,1.69,1.50
2013.06.06 04:20:32.132,0.94549,0.94564,3.19,1.69
2013.06.06 04:20:32.793,0.94549,0.94564,2.44,2.44
2013.06.06 04:20:34.466,0.94549,0.94564,2.44,2.44
2013.06.06 04:20:35.027,0.94549,0.94562,2.44,1.50
2013.06.06 04:20:35.271,0.94549,0.94564,2.44,1.69
2013.06.06 04:20:36.761,0.94549,0.94564,2.44,1.69
2013.06.06 04:20:37.001,0.94549,0.94562,1.69,2.25
2013.06.06 04:20:37.062,0.94549,0.94562,1.69,3.75
2013.06.06 04:20:37.303,0.94545,0.94559,2.44,1.50
2013.06.06 04:20:37.542,0.94544,0.94557,1.32,1.50
2013.06.06 04:20:37.841,0.94542,0.94557,1.69,2.44
2013.06.06 04:20:40.011,0.9454,0.94553,1.69,1.50
2013.06.06 04:20:40.312,0.94538,0.94551,3.19,2.25
2013.06.06 04:20:40.374,0.94538,0.94551,2.44,1.50
2013.06.06 04:20:40.491,0.94535,0.94551,3.94,1.50
2013.06.06 04:20:41.031,0.94535,0.94551,2.44,1.50
2013.06.06 04:20:41.581,0.94535,0.94551,2.44,2.25
2013.06.06 04:20:42.121,0.94535,0.94551,3.19,1.50
2013.06.06 04:20:44.081,0.94535,0.94551,2.25,2.44
2013.06.06 04:20:46.161,0.94538,0.94551,1.50,2.44
2013.06.06 04:20:48.991,0.94541,0.94553,1.50,1.50
2013.06.06 04:20:49.591,0.94539,0.94554,2.25,2.25
2013.06.06 04:20:49.711,0.94541,0.94554,1.69,1.69
2013.06.06 04:20:50.711,0.9454,0.94554,1.69,1.69
2013.06.06 04:20:51.391,0.94541,0.94556,2.44,1.69
2013.06.06 04:20:56.531,0.9454,0.94554,1.69,1.50
2013.06.06 04:20:56.830,0.94539,0.94554,1.69,1.50
2013.06.06 04:20:57.011,0.94538,0.94552,1.50,1.69
2013.06.06 04:20:57.251,0.94538,0.94552,2.25,1.69
2013.06.06 04:20:57.431,0.94536,0.94552,3.19,2.44
2013.06.06 04:20:57.911,0.94535,0.94551,2.44,2.44
2013.06.06 04:20:58.489,0.94539,0.94552,1.50,2.44
2013.06.06 04:20:58.792,0.94541,0.94555,2.25,1.69
2013.06.06 04:20:58.851,0.94541,0.94557,2.44,2.44
2013.06.06 04:20:59.271,0.94541,0.94554,1.69,1.50
2013.06.06 04:20:59.452,0.9454,0.94554,1.69,2.25
2013.06.06 04:20:59.631,0.94537,0.94553,2.44,3.00
2013.06.06 04:20:59.935,0.94537,0.94551,1.69,1.50
2013.06.06 04:21:00.241,0.94533,0.94546,1.69,1.50
2013.06.06 04:21:00.902,0.94533,0.94546,1.69,1.50
2013.06.06 04:21:03.001,0.94531,0.94546,2.44,1.69
2013.06.06 04:21:03.542,0.94531,0.94545,2.44,1.50
2013.06.06 04:21:05.294,0.94531,0.94546,2.44,1.69
2013.06.06 04:21:07.481,0.94532,0.94545,1.69,1.50
2013.06.06 04:21:09.990,0.94531,0.94545,1.69,1.50
2013.06.06 04:21:15.041,0.94531,0.94546,2.44,1.50
2013.06.06 04:21:15.581,0.94533,0.94546,1.69,1.50
2013.06.06 04:21:18.950,0.94531,0.94547,2.44,1.50
2013.06.06 04:21:27.991,0.9453,0.94546,2.44,1.50
2013.06.06 04:21:32.692,0.9453,0.94542,1.69,1.50
2013.06.06 04:21:33.051,0.94526,0.94538,1.50,1.50
2013.06.06 04:21:33.171,0.94526,0.94537,1.50,1.50
2013.06.06 04:21:33.411,0.94526,0.94538,2.25,1.50
2013.06.06 04:21:33.712,0.94526,0.94538,1.50,1.50
2013.06.06 04:21:34.191,0.94534,0.94542,1.50,1.69
2013.06.06 04:21:34.251,0.94535,0.94544,1.50,1.50
2013.06.06 04:21:34.311,0.94535,0.94546,1.50,2.25
2013.06.06 04:21:34.372,0.94535,0.94546,1.50,2.44
2013.06.06 04:21:34.491,0.94536,0.94547,1.50,1.69
2013.06.06 04:21:35.311,0.94536,0.94548,1.50,1.69
2013.06.06 04:21:36.312,0.94535,0.94547,1.50,1.69
2013.06.06 04:21:36.501,0.94532,0.94546,2.44,2.25
2013.06.06 04:21:37.110,0.9453,0.94546,3.94,2.25
2013.06.06 04:21:37.350,0.9453,0.94546,3.94,2.25
2013.06.06 04:21:50.924,0.94531,0.94545,1.50,1.50
2013.06.06 04:21:54.421,0.94531,0.94545,2.25,1.50
2013.06.06 04:21:54.960,0.94533,0.94547,1.50,2.25
2013.06.06 04:21:59.172,0.94534,0.94545,1.50,1.50
2013.06.06 04:21:59.753,0.94534,0.94547,1.50,1.69
2013.06.06 04:22:05.261,0.94531,0.94545,2.44,1.50
2013.06.06 04:22:17.541,0.94532,0.94545,1.69,1.50
2013.06.06 04:22:17.901,0.94532,0.94545,1.69,1.50
2013.06.06 04:22:19.552,0.94532,0.94545,1.69,1.50
2013.06.06 04:22:20.171,0.94532,0.94548,3.19,3.19
2013.06.06 04:22:28.992,0.94532,0.94546,1.69,1.69
2013.06.06 04:22:29.501,0.94531,0.94545,2.44,1.69
2013.06.06 04:22:36.941,0.94531,0.94543,1.69,1.50
2013.06.06 04:22:37.062,0.94531,0.94543,1.69,1.50
2013.06.06 04:22:39.381,0.9453,0.94543,2.44,1.50
2013.06.06 04:22:39.931,0.9453,0.94543,1.69,1.50
2013.06.06 04:22:40.893,0.9453,0.94543,1.69,1.50
2013.06.06 04:22:41.432,0.94529,0.9454,2.25,1.50
2013.06.06 04:22:41.972,0.94529,0.94541,2.07,1.69
2013.06.06 04:22:42.454,0.94534,0.94542,1.13,1.69
2013.06.06 04:22:42.513,0.94535,0.94545,1.50,1.50
2013.06.06 04:22:42.751,0.94533,0.94544,1.32,1.50
2013.06.06 04:22:42.932,0.94529,0.94539,1.50,1.50
2013.06.06 04:22:43.052,0.94526,0.94539,1.50,1.50
2013.06.06 04:22:43.292,0.94524,0.94538,1.69,1.50
2013.06.06 04:22:43.591,0.94525,0.94536,2.25,1.69
2013.06.06 04:22:44.166,0.94525,0.94536,1.50,1.69
2013.06.06 04:22:48.771,0.94525,0.94536,1.50,3.68
2013.06.06 04:22:49.012,0.94516,0.94528,1.50,2.07
2013.06.06 04:22:49.192,0.94515,0.94528,1.50,2.44
2013.06.06 04:22:49.731,0.94515,0.94527,1.50,1.69
2013.06.06 04:22:53.732,0.94513,0.94525,1.69,1.50
2013.06.06 04:22:54.093,0.94507,0.94517,1.50,1.50
2013.06.06 04:22:54.212,0.94503,0.94517,1.69,1.50
2013.06.06 04:22:54.331,0.94503,0.94517,1.50,1.88
2013.06.06 04:22:55.072,0.94501,0.94515,1.69,1.50
2013.06.06 04:22:55.591,0.94499,0.94515,2.44,3.19
2013.06.06 04:22:55.772,0.94498,0.94513,3.57,1.13
2013.06.06 04:22:55.833,0.94498,0.94511,2.82,1.50
2013.06.06 04:22:56.133,0.94498,0.94511,1.32,2.25
2013.06.06 04:22:56.313,0.94494,0.94508,2.44,1.88
2013.06.06 04:22:56.732,0.9449,0.94502,1.50,1.50
2013.06.06 04:22:56.791,0.9449,0.94502,1.50,1.50
2013.06.06 04:22:57.341,0.94488,0.94501,1.69,1.50
2013.06.06 04:22:58.433,0.94486,0.945,5.44,1.50
2013.06.06 04:22:58.613,0.94486,0.94499,2.25,1.69
2013.06.06 04:22:59.249,0.94486,0.94499,1.50,1.69
2013.06.06 04:23:00.370,0.94486,0.94499,1.50,1.69
2013.06.06 04:23:00.921,0.94486,0.94499,1.50,1.69
2013.06.06 04:23:01.453,0.94488,0.945,1.50,1.69
2013.06.06 04:23:01.871,0.94488,0.945,2.25,1.69
2013.06.06 04:23:02.302,0.94494,0.94504,2.25,1.13
2013.06.06 04:23:02.481,0.94493,0.94504,1.88,1.13
2013.06.06 04:23:02.841,0.94489,0.94504,2.07,1.50
2013.06.06 04:23:03.201,0.94489,0.94504,2.07,2.25
2013.06.06 04:23:03.741,0.94491,0.94504,1.50,1.50
2013.06.06 04:23:04.101,0.94495,0.94505,2.25,1.50
2013.06.06 04:23:04.642,0.94494,0.94505,3.38,1.69
2013.06.06 04:23:05.233,0.94494,0.94505,1.13,1.69
2013.06.06 04:23:05.471,0.9449,0.94503,2.25,1.69
2013.06.06 04:23:06.023,0.94489,0.94501,2.63,1.50
2013.06.06 04:23:06.561,0.9449,0.94502,1.50,1.69
2013.06.06 04:23:06.751,0.9449,0.94502,1.50,1.69
2013.06.06 04:23:07.473,0.9449,0.94502,1.50,1.69
2013.06.06 04:23:07.781,0.94488,0.94502,1.50,1.69
2013.06.06 04:23:08.081,0.94488,0.945,1.50,1.50
2013.06.06 04:23:08.141,0.94488,0.945,1.50,2.25
2013.06.06 04:23:08.621,0.94488,0.945,1.50,1.50
2013.06.06 04:23:09.290,0.94488,0.945,1.50,1.50
2013.06.06 04:23:11.142,0.94488,0.945,1.50,1.50
2013.06.06 04:23:14.161,0.94488,0.94498,2.25,2.25
2013.06.06 04:23:14.792,0.94488,0.94498,1.50,2.25
2013.06.06 04:23:20.142,0.94487,0.94498,1.50,1.50
2013.06.06 04:23:20.262,0.94486,0.94495,1.50,1.50
2013.06.06 04:23:20.322,0.94483,0.94495,1.50,2.25
2013.06.06 04:23:20.381,0.94482,0.94495,1.50,3.00
2013.06.06 04:23:20.502,0.94485,0.94495,1.50,1.50
2013.06.06 04:23:20.562,0.94486,0.94496,1.50,1.50
2013.06.06 04:23:20.801,0.94484,0.94495,2.25,1.50
2013.06.06 04:23:21.042,0.94485,0.94495,1.50,1.50
2013.06.06 04:23:21.402,0.94485,0.94497,1.50,1.50
2013.06.06 04:23:21.951,0.94486,0.94497,1.50,1.69
2013.06.06 04:23:22.496,0.94484,0.94497,1.50,1.69
2013.06.06 04:23:23.172,0.94487,0.94498,1.50,2.44
2013.06.06 04:23:23.232,0.94487,0.94498,2.25,2.44
2013.06.06 04:23:23.782,0.9449,0.94499,1.50,1.69
2013.06.06 04:23:23.842,0.9449,0.945,1.50,2.25
2013.06.06 04:23:24.391,0.9449,0.94503,2.25,1.50
2013.06.06 04:23:24.821,0.9449,0.94502,2.25,1.50
2013.06.06 04:23:25.371,0.94493,0.94503,1.50,1.50
2013.06.06 04:23:25.611,0.94499,0.94508,1.50,1.69
2013.06.06 04:23:25.792,0.94499,0.94511,2.25,1.69
2013.06.06 04:23:25.912,0.94499,0.94511,2.25,1.69
2013.06.06 04:23:26.951,0.94499,0.94511,2.25,1.50
2013.06.06 04:23:27.943,0.94499,0.9451,2.25,1.50
2013.06.06 04:23:28.062,0.94499,0.9451,1.50,1.50
2013.06.06 04:23:28.482,0.94495,0.94508,2.25,1.50
2013.06.06 04:23:29.033,0.94497,0.94509,1.50,1.50
2013.06.06 04:23:29.331,0.94499,0.94509,1.50,1.50
2013.06.06 04:23:29.633,0.94501,0.94512,1.50,1.50
2013.06.06 04:23:30.413,0.94501,0.94511,1.50,1.50
2013.06.06 04:23:31.371,0.94499,0.9451,1.50,1.50
2013.06.06 04:23:31.672,0.94498,0.94509,1.50,1.50
2013.06.06 04:23:31.792,0.94497,0.94506,1.50,1.50
2013.06.06 04:23:32.733,0.94493,0.94506,1.32,2.25
2013.06.06 04:23:32.794,0.94491,0.94502,3.00,1.50
2013.06.06 04:23:32.972,0.94489,0.94503,2.44,3.00
2013.06.06 04:23:33.152,0.94487,0.94502,1.50,3.75
2013.06.06 04:23:33.453,0.94487,0.94501,1.50,1.50
2013.06.06 04:23:33.812,0.94494,0.94504,2.25,1.50
2013.06.06 04:23:33.992,0.9449,0.94503,1.50,1.50
2013.06.06 04:23:34.702,0.94489,0.94503,1.50,1.50
2013.06.06 04:23:36.222,0.94488,0.94503,1.50,1.69
2013.06.06 04:23:36.765,0.94488,0.94501,1.50,1.50
2013.06.06 04:23:37.983,0.94489,0.94503,1.50,2.25
2013.06.06 04:23:38.342,0.9449,0.94504,1.50,1.50
2013.06.06 04:23:40.282,0.94494,0.94504,1.50,1.50
2013.06.06 04:23:43.222,0.94492,0.94506,1.69,2.25
2013.06.06 04:23:43.763,0.94492,0.94506,1.69,2.25
2013.06.06 04:23:44.426,0.94491,0.94505,2.82,1.50
2013.06.06 04:23:44.551,0.94491,0.94504,1.69,1.50
2013.06.06 04:23:44.671,0.9449,0.94502,2.44,1.88
2013.06.06 04:23:44.733,0.9449,0.94502,1.50,2.63
2013.06.06 04:23:44.912,0.94485,0.94499,1.69,1.50
2013.06.06 04:23:45.686,0.94483,0.94497,2.89,1.50
2013.06.06 04:23:45.811,0.94483,0.94496,1.50,1.69
2013.06.06 04:23:46.355,0.94485,0.94496,1.50,1.69
2013.06.06 04:23:47.251,0.94485,0.94496,1.50,1.69
2013.06.06 04:23:52.613,0.94485,0.94496,1.50,2.44
2013.06.06 04:23:53.652,0.94486,0.94496,1.50,1.50
2013.06.06 04:23:54.401,0.94486,0.94498,1.50,1.69
2013.06.06 04:23:55.363,0.94486,0.94499,1.50,3.19
2013.06.06 04:23:56.202,0.94485,0.94496,1.69,1.50
2013.06.06 04:23:56.381,0.94484,0.94493,1.50,1.50
2013.06.06 04:23:56.921,0.94481,0.94493,2.44,1.50
2013.06.06 04:23:57.101,0.94482,0.94496,2.44,1.50
2013.06.06 04:23:59.096,0.94481,0.94497,2.44,1.69
2013.06.06 04:23:59.642,0.94483,0.94497,1.50,1.69
2013.06.06 04:24:01.021,0.94482,0.94496,1.69,1.50
2013.06.06 04:24:01.442,0.94482,0.94496,1.69,1.50
2013.06.06 04:24:06.623,0.94483,0.94497,2.25,1.69
2013.06.06 04:24:06.801,0.94485,0.94497,2.25,1.69
2013.06.06 04:24:07.332,0.94485,0.945,1.50,2.82
2013.06.06 04:24:07.871,0.94485,0.945,1.50,2.82
2013.06.06 04:24:08.431,0.94485,0.945,1.50,2.82
2013.06.06 04:24:11.071,0.94485,0.945,2.25,2.82
2013.06.06 04:24:11.621,0.94485,0.945,2.25,2.82
2013.06.06 04:24:13.002,0.94485,0.94499,1.50,1.69
2013.06.06 04:24:13.541,0.94485,0.94499,1.50,3.19
2013.06.06 04:24:14.165,0.94487,0.94499,2.25,2.44
2013.06.06 04:24:14.721,0.94486,0.94501,1.69,1.50
2013.06.06 04:24:14.971,0.94485,0.94499,2.44,1.69
2013.06.06 04:24:16.142,0.94484,0.94498,1.69,1.69
2013.06.06 04:24:17.372,0.94484,0.94498,1.69,2.44
2013.06.06 04:24:19.361,0.94484,0.94498,1.69,2.44
2013.06.06 04:24:21.311,0.94484,0.94499,1.69,3.19
2013.06.06 04:24:21.861,0.94484,0.94498,1.69,1.69
2013.06.06 04:24:23.651,0.94483,0.94498,3.19,1.69
2013.06.06 04:24:24.952,0.94483,0.94496,1.69,1.50
2013.06.06 04:24:25.011,0.94481,0.94494,2.44,1.69
2013.06.06 04:24:25.566,0.9448,0.94494,3.19,2.44
2013.06.06 04:24:26.381,0.94481,0.94494,1.69,2.44
2013.06.06 04:24:29.062,0.9448,0.94492,2.44,1.50
2013.06.06 04:24:29.122,0.9448,0.94491,1.50,1.13
2013.06.06 04:24:29.361,0.9447,0.94483,3.00,1.50
2013.06.06 04:24:29.421,0.9447,0.94483,1.50,1.50
2013.06.06 04:24:29.842,0.94468,0.94482,2.25,3.19
2013.06.06 04:24:30.271,0.94467,0.94479,1.69,1.50
2013.06.06 04:24:30.451,0.94468,0.94481,3.00,1.50
2013.06.06 04:24:30.631,0.94471,0.94484,2.07,2.82
2013.06.06 04:24:30.941,0.94476,0.9449,1.88,2.44
2013.06.06 04:24:31.421,0.94477,0.9449,1.50,1.69
2013.06.06 04:24:31.601,0.94478,0.94492,1.50,2.44
2013.06.06 04:24:32.141,0.9448,0.94492,1.50,1.69
2013.06.06 04:24:32.681,0.94478,0.94492,2.25,1.69
2013.06.06 04:24:33.064,0.94479,0.94492,1.13,1.69
2013.06.06 04:24:33.303,0.94485,0.94494,1.88,1.50
2013.06.06 04:24:33.603,0.94483,0.94496,2.25,2.44
2013.06.06 04:24:34.322,0.94483,0.94495,1.50,1.69
2013.06.06 04:24:34.984,0.94484,0.94496,1.50,3.19
2013.06.06 04:24:35.531,0.94484,0.94496,1.69,2.25
2013.06.06 04:24:35.651,0.94484,0.94494,1.69,1.50
2013.06.06 04:24:35.962,0.94482,0.94494,2.25,1.69
2013.06.06 04:24:36.022,0.94482,0.94494,3.00,1.50
2013.06.06 04:24:36.142,0.94481,0.94495,1.50,2.25
2013.06.06 04:24:36.681,0.94484,0.94494,1.50,1.50
2013.06.06 04:24:37.274,0.94484,0.94494,1.50,1.50
2013.06.06 04:24:37.512,0.94484,0.94498,1.50,3.19
2013.06.06 04:24:37.692,0.94486,0.94499,1.50,1.69
2013.06.06 04:24:37.751,0.94486,0.945,1.50,2.44
2013.06.06 04:24:38.233,0.94488,0.945,1.50,2.44
2013.06.06 04:24:38.832,0.94489,0.945,1.50,1.69
2013.06.06 04:24:38.953,0.94484,0.94498,2.44,2.63
2013.06.06 04:24:39.011,0.94483,0.94496,1.32,2.63
2013.06.06 04:24:39.312,0.94482,0.94497,2.44,1.69
2013.06.06 04:24:39.492,0.94485,0.94499,1.13,3.19
2013.06.06 04:24:39.552,0.94486,0.945,2.25,2.25
2013.06.06 04:24:39.733,0.94489,0.945,1.50,1.50
2013.06.06 04:24:40.293,0.94489,0.945,1.50,1.50
2013.06.06 04:24:40.920,0.94488,0.945,1.50,1.50
2013.06.06 04:24:42.371,0.94489,0.945,1.50,1.50
2013.06.06 04:24:46.386,0.9449,0.94504,1.50,4.69
2013.06.06 04:24:46.941,0.9449,0.94504,1.50,4.69
2013.06.06 04:24:48.072,0.9449,0.94504,1.50,4.69
2013.06.06 04:24:51.861,0.94489,0.94504,1.69,3.94
2013.06.06 04:24:54.834,0.94492,0.94502,1.50,1.13
2013.06.06 04:24:54.901,0.94492,0.94505,2.44,1.50
2013.06.06 04:24:55.332,0.94493,0.94506,1.50,2.44
2013.06.06 04:24:55.872,0.94496,0.94506,2.25,1.69
2013.06.06 04:24:56.173,0.945,0.94511,1.50,1.88
2013.06.06 04:24:56.473,0.94503,0.94514,1.50,1.69
2013.06.06 04:24:56.594,0.94504,0.94516,1.32,1.50
2013.06.06 04:24:56.653,0.94505,0.94516,1.13,1.88
2013.06.06 04:24:57.137,0.94503,0.94514,1.69,1.13
2013.06.06 04:24:57.691,0.94503,0.94514,2.44,1.13
2013.06.06 04:24:58.232,0.94502,0.94514,1.69,1.13
2013.06.06 04:24:58.412,0.94502,0.94513,1.69,1.88
2013.06.06 04:24:58.652,0.94499,0.9451,1.69,1.13
2013.06.06 04:24:59.642,0.94498,0.94509,1.50,1.13
2013.06.06 04:25:00.151,0.94498,0.9451,1.50,1.13
2013.06.06 04:25:00.392,0.94497,0.94508,1.69,2.63
2013.06.06 04:25:00.693,0.94494,0.94507,2.44,2.63
2013.06.06 04:25:01.231,0.94494,0.94507,1.69,1.88
2013.06.06 04:25:01.355,0.94494,0.94507,1.69,1.88
2013.06.06 04:25:05.962,0.94495,0.94508,1.50,3.57
2013.06.06 04:25:06.502,0.94495,0.94508,2.25,2.44
2013.06.06 04:25:06.562,0.94494,0.94508,2.07,2.44
2013.06.06 04:25:06.862,0.94494,0.94507,2.07,1.50
2013.06.06 04:25:11.502,0.94493,0.94507,2.44,1.50
2013.06.06 04:25:11.861,0.94492,0.94504,3.19,1.50
2013.06.06 04:25:13.831,0.94492,0.94504,2.25,1.50
2013.06.06 04:25:20.974,0.94492,0.94506,1.50,1.50
2013.06.06 04:25:21.093,0.94492,0.94503,1.50,1.69
2013.06.06 04:25:21.152,0.94488,0.94502,3.19,1.69
2013.06.06 04:25:21.453,0.94485,0.94494,4.50,1.13
2013.06.06 04:25:21.632,0.94484,0.94495,1.50,2.44
2013.06.06 04:25:21.693,0.94483,0.94491,1.50,1.13
2013.06.06 04:25:21.752,0.94477,0.94491,3.00,2.44
2013.06.06 04:25:21.813,0.94477,0.9449,2.25,1.69
2013.06.06 04:25:21.935,0.94477,0.94488,1.50,1.50
2013.06.06 04:25:22.242,0.94473,0.94487,1.50,1.69
2013.06.06 04:25:22.362,0.94474,0.94489,3.00,3.94
2013.06.06 04:25:22.664,0.94476,0.94489,1.50,3.19
2013.06.06 04:25:22.795,0.94479,0.94489,1.50,2.44
2013.06.06 04:25:22.854,0.94479,0.94489,1.50,1.50
2013.06.06 04:25:23.279,0.94481,0.94488,2.25,1.50
2013.06.06 04:25:23.464,0.94483,0.94494,2.25,2.44
2013.06.06 04:25:23.522,0.94486,0.94497,1.50,1.50
2013.06.06 04:25:23.585,0.94486,0.94497,3.75,3.00
2013.06.06 04:25:24.013,0.94486,0.94497,1.50,1.50
2013.06.06 04:25:24.551,0.94485,0.94497,1.50,3.00
2013.06.06 04:25:24.853,0.94485,0.94497,1.50,1.50
2013.06.06 04:25:25.381,0.94485,0.94497,1.50,1.50
2013.06.06 04:25:25.683,0.94483,0.94493,3.19,2.25
2013.06.06 04:25:25.992,0.94477,0.94488,2.25,1.50
2013.06.06 04:25:26.051,0.94475,0.94488,1.69,1.50
2013.06.06 04:25:26.422,0.94476,0.94488,1.50,1.50
2013.06.06 04:25:26.665,0.94477,0.9449,2.25,1.32
2013.06.06 04:25:26.802,0.9448,0.94491,1.50,1.69
2013.06.06 04:25:27.351,0.9448,0.94492,1.50,1.50
2013.06.06 04:25:28.132,0.94481,0.94494,3.00,1.69
2013.06.06 04:25:28.253,0.94482,0.94494,1.50,1.69
2013.06.06 04:25:28.372,0.94483,0.94496,2.25,1.69
2013.06.06 04:25:28.433,0.94485,0.94497,1.50,1.50
2013.06.06 04:25:28.972,0.94488,0.94497,1.50,1.50
2013.06.06 04:25:29.331,0.94486,0.945,1.50,1.69
2013.06.06 04:25:29.824,0.94488,0.94502,1.50,1.69
2013.06.06 04:25:30.362,0.94489,0.94504,1.50,2.82
2013.06.06 04:25:30.722,0.94492,0.94506,2.25,1.50
2013.06.06 04:25:30.842,0.94492,0.94506,1.50,1.50
2013.06.06 04:25:31.361,0.94492,0.94506,1.50,1.50
2013.06.06 04:25:31.422,0.94491,0.94506,2.44,2.25
2013.06.06 04:25:31.723,0.9449,0.94502,1.50,1.50
2013.06.06 04:25:32.081,0.94487,0.94498,1.69,2.25
2013.06.06 04:25:32.381,0.94486,0.94497,1.50,1.50
2013.06.06 04:25:32.921,0.94484,0.94497,2.44,1.50
2013.06.06 04:25:34.112,0.94484,0.94497,1.69,1.50
2013.06.06 04:25:34.592,0.94485,0.94497,1.69,1.50
2013.06.06 04:25:40.501,0.94483,0.94498,1.69,3.19
2013.06.06 04:25:40.683,0.94481,0.94494,3.19,1.50
2013.06.06 04:25:40.742,0.94481,0.94494,1.69,1.50
2013.06.06 04:25:41.281,0.94481,0.94495,1.50,1.69
2013.06.06 04:25:42.721,0.9448,0.94493,3.00,1.50
2013.06.06 04:25:44.731,0.94478,0.94492,3.57,1.50
2013.06.06 04:25:44.851,0.94478,0.94492,2.82,1.50
2013.06.06 04:25:45.212,0.94476,0.94489,2.44,1.50
2013.06.06 04:25:46.181,0.94477,0.94489,1.69,1.50
2013.06.06 04:25:53.151,0.94475,0.94488,2.82,1.50
2013.06.06 04:25:53.992,0.94475,0.94484,1.69,2.25
2013.06.06 04:25:54.172,0.94472,0.94483,2.44,1.50
2013.06.06 04:25:56.081,0.94472,0.94483,1.69,1.50
2013.06.06 04:25:56.443,0.94471,0.94485,1.69,1.88
2013.06.06 04:25:56.622,0.9447,0.94482,1.69,1.50
2013.06.06 04:25:57.471,0.9447,0.94482,2.44,1.50
2013.06.06 04:25:57.801,0.94471,0.94484,1.69,2.25
2013.06.06 04:25:59.201,0.9447,0.94484,2.44,2.25
2013.06.06 04:25:59.382,0.94472,0.94484,1.69,2.25
2013.06.06 04:26:03.111,0.94472,0.94484,1.69,1.50
2013.06.06 04:26:04.013,0.94472,0.94485,1.69,3.00
2013.06.06 04:26:10.655,0.94473,0.9448,1.69,1.50
2013.06.06 04:26:10.842,0.9447,0.94479,1.69,1.50
2013.06.06 04:26:11.742,0.94468,0.94479,2.44,1.50
2013.06.06 04:26:12.101,0.94465,0.94474,1.69,2.25
2013.06.06 04:26:18.952,0.94461,0.94469,3.00,1.50
2013.06.06 04:26:19.252,0.9446,0.94469,2.44,1.50
2013.06.06 04:26:20.112,0.9446,0.9447,1.69,3.00
2013.06.06 04:26:20.352,0.94456,0.94469,3.94,1.50
2013.06.06 04:26:21.314,0.94456,0.94468,3.19,1.88
2013.06.06 04:26:21.672,0.94453,0.94468,1.69,3.00
2013.06.06 04:26:21.982,0.94453,0.94463,1.69,1.50
2013.06.06 04:26:22.042,0.9445,0.94463,4.69,1.50
2013.06.06 04:26:22.101,0.9445,0.94463,2.44,1.50
2013.06.06 04:26:23.722,0.94446,0.94462,1.50,2.25
2013.06.06 04:26:23.781,0.94447,0.94462,2.44,2.25
2013.06.06 04:26:24.087,0.94447,0.94458,2.44,1.13
2013.06.06 04:26:24.392,0.94443,0.94456,2.82,1.50
2013.06.06 04:26:24.572,0.94446,0.94457,1.50,1.50
2013.06.06 04:26:24.632,0.94445,0.94457,1.50,1.50
2013.06.06 04:26:24.934,0.94439,0.94449,2.44,1.13
2013.06.06 04:26:25.242,0.94433,0.94448,1.50,4.32
2013.06.06 04:26:25.650,0.94429,0.94443,1.69,1.88
2013.06.06 04:26:26.192,0.94431,0.94445,2.44,1.50
2013.06.06 04:26:26.372,0.94431,0.94447,4.69,2.44
2013.06.06 04:26:26.873,0.94433,0.94449,2.44,5.07
2013.06.06 04:26:27.112,0.94432,0.94444,2.44,1.13
2013.06.06 04:26:27.172,0.94429,0.9444,3.19,1.50
2013.06.06 04:26:27.233,0.94428,0.9444,2.25,1.88
2013.06.06 04:26:27.351,0.94424,0.94438,1.50,1.50
2013.06.06 04:26:27.591,0.94419,0.94438,2.44,3.19
2013.06.06 04:26:27.651,0.94419,0.94438,1.69,3.94
2013.06.06 04:26:27.771,0.94422,0.94438,1.69,2.07
2013.06.06 04:26:27.832,0.94422,0.94438,1.69,2.07
2013.06.06 04:26:27.952,0.94422,0.94438,2.44,3.57
2013.06.06 04:26:28.491,0.94422,0.94438,2.44,2.82
2013.06.06 04:26:28.992,0.94422,0.94436,2.44,1.50
2013.06.06 04:26:29.232,0.94422,0.94438,3.19,3.94
2013.06.06 04:26:29.353,0.94422,0.94438,3.19,3.19
2013.06.06 04:26:29.911,0.94422,0.94438,3.19,3.19
2013.06.06 04:26:31.471,0.94424,0.94436,1.69,1.50
2013.06.06 04:26:31.663,0.94421,0.94438,3.19,2.44
2013.06.06 04:26:32.381,0.94422,0.94438,2.44,1.69
2013.06.06 04:26:32.802,0.94422,0.94438,2.44,1.69
2013.06.06 04:26:34.363,0.94424,0.94436,1.50,2.25
2013.06.06 04:26:34.542,0.94421,0.94434,1.69,1.50
2013.06.06 04:26:35.101,0.9442,0.94434,2.44,1.50
2013.06.06 04:26:36.562,0.9442,0.94434,2.25,3.19
2013.06.06 04:26:36.683,0.9442,0.94433,2.25,1.69
2013.06.06 04:26:36.744,0.94422,0.94433,1.69,1.50
2013.06.06 04:26:36.923,0.94425,0.94437,1.88,1.50
2013.06.06 04:26:37.105,0.94422,0.94433,1.50,1.13
2013.06.06 04:26:37.164,0.9442,0.94433,1.69,1.50
2013.06.06 04:26:37.234,0.94419,0.94433,1.69,1.50
2013.06.06 04:26:37.295,0.94416,0.94429,1.69,2.25
2013.06.06 04:26:37.533,0.94415,0.94428,1.50,2.25
2013.06.06 04:26:37.654,0.94413,0.94428,2.44,2.25
2013.06.06 04:26:37.714,0.94413,0.94425,2.44,1.50
2013.06.06 04:26:38.073,0.94418,0.94433,3.94,2.25
2013.06.06 04:26:38.312,0.94416,0.94427,1.69,2.25
2013.06.06 04:26:38.373,0.94415,0.94427,1.69,3.00
2013.06.06 04:26:38.672,0.94415,0.94426,1.69,1.50
2013.06.06 04:26:39.247,0.94412,0.94422,1.69,1.50
2013.06.06 04:26:39.624,0.9441,0.94423,1.69,1.50
2013.06.06 04:26:40.185,0.94411,0.94423,1.69,1.50
2013.06.06 04:26:40.797,0.94409,0.94417,1.69,1.50
2013.06.06 04:26:40.924,0.94406,0.94418,1.69,1.50
2013.06.06 04:26:40.982,0.94404,0.94417,1.88,1.50
2013.06.06 04:26:41.225,0.94403,0.94417,2.44,1.50
2013.06.06 04:26:41.342,0.944,0.94416,2.44,1.88
2013.06.06 04:26:41.883,0.944,0.94414,2.44,1.13
2013.06.06 04:26:42.003,0.944,0.94411,1.69,1.50
2013.06.06 04:26:42.123,0.94397,0.9441,1.32,1.50
2013.06.06 04:26:42.363,0.94396,0.94408,1.13,1.50
2013.06.06 04:26:42.482,0.94395,0.94408,1.13,1.50
2013.06.06 04:26:42.723,0.94394,0.94407,1.32,1.50
2013.06.06 04:26:43.022,0.94389,0.94403,3.00,1.69
2013.06.06 04:26:43.083,0.94389,0.94402,2.25,2.44
2013.06.06 04:26:43.144,0.94384,0.94398,2.44,1.50
2013.06.06 04:26:43.323,0.94384,0.94396,1.50,2.44
2013.06.06 04:26:43.505,0.94377,0.94395,1.69,2.07
2013.06.06 04:26:44.052,0.94378,0.94395,1.69,3.19
2013.06.06 04:26:44.292,0.94376,0.94391,1.88,2.25
2013.06.06 04:26:44.651,0.94378,0.94392,2.25,1.50
2013.06.06 04:26:44.772,0.94379,0.94393,1.69,3.00
2013.06.06 04:26:44.952,0.94379,0.94393,2.44,3.38
2013.06.06 04:26:45.191,0.94379,0.94392,1.69,1.43
2013.06.06 04:26:45.551,0.94377,0.94389,2.44,2.93
2013.06.06 04:26:45.852,0.9437,0.94382,2.44,1.43
2013.06.06 04:26:45.912,0.94368,0.94382,1.69,2.93
2013.06.06 04:26:46.333,0.94367,0.94379,2.44,1.43
2013.06.06 04:26:46.633,0.94367,0.94378,1.69,1.50
2013.06.06 04:26:46.935,0.94364,0.94379,1.88,3.68
2013.06.06 04:26:46.993,0.94364,0.94375,1.13,1.50
2013.06.06 04:26:47.532,0.94362,0.94373,1.69,1.50
2013.06.06 04:26:48.071,0.94362,0.94373,1.69,1.50
2013.06.06 04:26:48.132,0.94361,0.94373,2.25,1.50
2013.06.06 04:26:48.312,0.9436,0.94373,4.69,2.25
2013.06.06 04:26:48.491,0.9436,0.94373,3.19,2.25
2013.06.06 04:26:48.551,0.9436,0.94373,1.69,1.50
2013.06.06 04:26:48.791,0.94362,0.94373,1.50,2.63
2013.06.06 04:26:49.093,0.94363,0.94373,2.25,2.25
2013.06.06 04:26:49.272,0.94365,0.94378,2.25,3.94
2013.06.06 04:26:49.904,0.94365,0.94377,2.25,1.50
2013.06.06 04:26:50.442,0.94365,0.94377,1.50,1.50
2013.06.06 04:26:50.626,0.94365,0.94377,1.50,1.50
2013.06.06 04:26:50.812,0.94359,0.94369,3.00,1.50
2013.06.06 04:26:50.872,0.94358,0.94369,2.25,1.50
2013.06.06 04:26:51.112,0.94359,0.9437,2.25,2.25
2013.06.06 04:26:51.232,0.94357,0.94368,2.44,2.25
2013.06.06 04:26:51.351,0.94356,0.94368,2.44,2.25
2013.06.06 04:26:51.532,0.94354,0.94368,2.25,1.50
2013.06.06 04:26:51.718,0.94354,0.94367,2.25,1.50
2013.06.06 04:26:51.902,0.94351,0.94365,2.25,3.00
2013.06.06 04:26:53.042,0.94352,0.94365,1.50,1.50
2013.06.06 04:26:53.222,0.9435,0.94363,1.50,1.50
2013.06.06 04:26:53.282,0.94349,0.94362,2.25,1.50
2013.06.06 04:26:53.343,0.94349,0.94359,1.50,1.50
2013.06.06 04:26:53.884,0.94348,0.94358,1.50,1.50
2013.06.06 04:26:54.302,0.94347,0.94361,1.50,1.50
2013.06.06 04:26:54.842,0.94348,0.94363,1.50,3.19
2013.06.06 04:26:54.962,0.94348,0.94362,1.50,1.69
2013.06.06 04:26:55.141,0.94348,0.94362,2.25,1.69
2013.06.06 04:26:55.442,0.94352,0.94362,1.50,1.50
2013.06.06 04:26:55.742,0.94349,0.94365,1.69,2.44
2013.06.06 04:26:56.282,0.9435,0.94365,1.50,1.50
2013.06.06 04:26:56.522,0.9435,0.94365,1.50,1.50
2013.06.06 04:26:57.131,0.94352,0.94365,1.50,1.69
2013.06.06 04:26:57.551,0.94351,0.94364,2.25,2.25
2013.06.06 04:26:58.092,0.9435,0.94363,1.50,1.88
2013.06.06 04:26:58.641,0.94348,0.94363,2.25,1.32
2013.06.06 04:26:59.003,0.94346,0.94362,1.50,1.69
2013.06.06 04:26:59.063,0.94346,0.94362,1.50,2.44
2013.06.06 04:26:59.901,0.94344,0.9436,2.25,1.88
2013.06.06 04:27:00.201,0.94345,0.94359,1.69,1.69
2013.06.06 04:27:00.382,0.94343,0.94357,1.50,1.69
2013.06.06 04:27:03.321,0.94343,0.94357,1.50,1.69
2013.06.06 04:27:04.281,0.94342,0.94358,2.82,2.07
2013.06.06 04:27:04.821,0.94345,0.94358,1.50,1.32
2013.06.06 04:27:06.891,0.94345,0.9436,1.50,3.19
2013.06.06 04:27:07.371,0.94348,0.94362,1.50,1.69
2013.06.06 04:27:07.671,0.94349,0.94363,2.25,1.69
2013.06.06 04:27:07.911,0.94348,0.94363,1.69,2.07
2013.06.06 04:27:08.152,0.94348,0.94363,1.69,2.07
2013.06.06 04:27:08.755,0.94348,0.94363,1.69,1.69
2013.06.06 04:27:08.943,0.94349,0.94363,1.69,1.50
2013.06.06 04:27:09.182,0.94351,0.94367,1.50,2.44
2013.06.06 04:27:09.484,0.94355,0.94368,3.00,1.13
2013.06.06 04:27:09.663,0.94355,0.94369,1.50,1.69
2013.06.06 04:27:09.721,0.94354,0.94368,1.50,1.50
2013.06.06 04:27:09.842,0.94354,0.94369,1.50,1.69
2013.06.06 04:27:10.322,0.94356,0.9437,1.69,1.50
2013.06.06 04:27:10.872,0.94356,0.94371,4.69,1.69
2013.06.06 04:27:11.391,0.94357,0.94371,1.69,1.69
2013.06.06 04:27:11.697,0.94357,0.94371,1.69,1.69
2013.06.06 04:27:13.021,0.94356,0.9437,2.44,1.50
2013.06.06 04:27:13.141,0.94356,0.94372,3.94,1.69
2013.06.06 04:27:13.201,0.94356,0.94372,3.94,1.69
2013.06.06 04:27:13.383,0.94358,0.94373,2.44,1.50
2013.06.06 04:27:13.742,0.94357,0.94366,1.69,1.50
2013.06.06 04:27:13.861,0.94353,0.94366,1.32,1.50
2013.06.06 04:27:13.981,0.94353,0.94368,1.32,1.69
2013.06.06 04:27:14.702,0.94351,0.94365,2.44,1.50
2013.06.06 04:27:15.422,0.94352,0.94365,1.69,1.50
2013.06.06 04:27:15.966,0.94353,0.94367,1.32,1.69
2013.06.06 04:27:16.484,0.94353,0.94368,2.82,1.69
2013.06.06 04:27:18.321,0.94353,0.94368,1.69,1.69
2013.06.06 04:27:18.831,0.94351,0.94368,3.19,2.07
2013.06.06 04:27:19.371,0.94351,0.94368,2.44,2.07
2013.06.06 04:27:20.121,0.9435,0.94366,1.69,1.32
2013.06.06 04:27:20.661,0.9435,0.94364,1.69,1.50
2013.06.06 04:27:21.542,0.9435,0.94363,1.69,1.50
2013.06.06 04:27:21.662,0.94356,0.94369,3.19,3.00
2013.06.06 04:27:21.722,0.94356,0.94369,3.94,2.25
2013.06.06 04:27:21.782,0.94358,0.9437,1.69,1.88
2013.06.06 04:27:22.082,0.94363,0.94375,1.50,1.69
2013.06.06 04:27:22.622,0.94362,0.94376,1.69,1.50
2013.06.06 04:27:23.161,0.94362,0.94375,1.69,1.50
2013.06.06 04:27:23.925,0.94361,0.94374,1.69,1.50
2013.06.06 04:27:25.002,0.94361,0.94375,1.69,1.50
2013.06.06 04:27:25.121,0.94363,0.94376,1.50,1.69
2013.06.06 04:27:25.542,0.94364,0.9438,1.69,3.19
2013.06.06 04:27:26.822,0.94366,0.9438,1.50,1.69
2013.06.06 04:27:27.371,0.94364,0.9438,3.19,3.19
2013.06.06 04:27:27.922,0.94365,0.94378,1.13,2.25
2013.06.06 04:27:29.101,0.94364,0.94379,3.19,2.25
2013.06.06 04:27:31.142,0.94364,0.94378,2.44,3.00
2013.06.06 04:27:31.683,0.94363,0.94375,1.69,2.25
2013.06.06 04:27:32.043,0.94357,0.94373,3.94,1.69
2013.06.06 04:27:32.402,0.94357,0.9437,1.69,1.50
2013.06.06 04:27:32.522,0.94357,0.94372,1.69,1.69
2013.06.06 04:27:33.071,0.94357,0.9437,1.69,1.50
2013.06.06 04:27:33.623,0.94357,0.9437,1.69,1.50
2013.06.06 04:27:36.323,0.94357,0.94372,1.69,1.69
2013.06.06 04:27:38.392,0.94357,0.94372,1.69,1.69
2013.06.06 04:27:39.451,0.94358,0.94372,1.69,1.50
2013.06.06 04:27:39.512,0.94358,0.94372,2.44,1.50
2013.06.06 04:27:40.641,0.9436,0.94373,3.19,1.50
2013.06.06 04:27:40.943,0.94364,0.94377,1.69,3.00
2013.06.06 04:27:41.492,0.94364,0.94377,1.69,2.25
2013.06.06 04:27:41.831,0.94364,0.94378,1.69,2.44
2013.06.06 04:27:41.891,0.94364,0.94378,1.69,2.44
2013.06.06 04:27:43.951,0.94362,0.94377,2.44,2.25
2013.06.06 04:27:44.073,0.94365,0.94378,1.50,1.32
2013.06.06 04:27:44.431,0.94367,0.94381,3.00,2.44
2013.06.06 04:27:44.552,0.94369,0.94383,1.69,2.25
2013.06.06 04:27:44.731,0.94369,0.94383,1.69,3.00
2013.06.06 04:27:44.792,0.94369,0.94382,1.69,1.50
2013.06.06 04:27:45.331,0.94368,0.94381,1.69,2.25
2013.06.06 04:27:45.871,0.94372,0.94386,3.19,1.50
2013.06.06 04:27:46.052,0.94374,0.94389,2.44,1.69
2013.06.06 04:27:46.111,0.94376,0.9439,1.50,3.19
2013.06.06 04:27:46.172,0.94376,0.9439,1.69,2.25
2013.06.06 04:27:46.952,0.94376,0.9439,3.19,1.50
2013.06.06 04:27:47.311,0.9438,0.94395,1.69,3.00
2013.06.06 04:27:47.491,0.94381,0.94395,2.44,1.50
2013.06.06 04:27:48.031,0.94383,0.94397,1.50,2.44
2013.06.06 04:27:48.571,0.94381,0.94395,1.69,1.50
2013.06.06 04:27:49.352,0.94381,0.94393,1.69,1.50
2013.06.06 04:27:49.711,0.9438,0.94393,1.69,2.25
2013.06.06 04:27:51.731,0.9438,0.94393,1.69,2.25
2013.06.06 04:27:52.241,0.94379,0.94392,1.69,1.50
2013.06.06 04:27:52.601,0.94375,0.94388,3.19,2.25
2013.06.06 04:27:52.962,0.94376,0.94389,1.69,1.50
2013.06.06 04:27:53.141,0.94375,0.94387,1.88,1.50
2013.06.06 04:27:53.322,0.94374,0.94384,1.69,1.50
2013.06.06 04:27:53.922,0.94373,0.94384,1.69,1.50
2013.06.06 04:27:54.692,0.94373,0.94384,1.69,1.50
2013.06.06 04:27:55.193,0.94373,0.94384,1.69,1.50
2013.06.06 04:27:55.312,0.94373,0.94385,1.69,2.25
2013.06.06 04:27:55.871,0.94373,0.94383,1.50,1.50
2013.06.06 04:27:56.374,0.94373,0.94385,1.50,2.25
2013.06.06 04:27:56.491,0.94373,0.94385,1.50,4.13
2013.06.06 04:27:56.821,0.94373,0.94383,1.50,1.50
2013.06.06 04:27:56.896,0.94368,0.94379,1.50,2.44
2013.06.06 04:27:56.962,0.94365,0.94375,2.25,1.50
2013.06.06 04:27:57.503,0.94365,0.94376,1.50,2.25
2013.06.06 04:27:57.681,0.94364,0.94376,1.69,2.25
2013.06.06 04:27:58.221,0.94365,0.94376,1.50,1.50
2013.06.06 04:27:59.233,0.94364,0.94375,1.69,1.50
2013.06.06 04:27:59.781,0.94363,0.94375,1.50,1.50
2013.06.06 04:28:00.853,0.94363,0.94375,1.50,1.50
2013.06.06 04:28:01.991,0.94361,0.94376,2.44,2.25
2013.06.06 04:28:02.471,0.94361,0.94374,1.69,1.50
2013.06.06 04:28:03.072,0.94361,0.94374,1.50,3.00
2013.06.06 04:28:04.540,0.94365,0.94377,1.50,1.69
2013.06.06 04:28:04.876,0.94366,0.94377,1.50,1.69
2013.06.06 04:28:05.881,0.94366,0.94378,1.50,1.69
2013.06.06 04:28:06.332,0.94368,0.94381,2.25,1.32
2013.06.06 04:28:06.453,0.94371,0.94383,1.50,1.69
2013.06.06 04:28:06.632,0.94374,0.94384,1.50,2.44
2013.06.06 04:28:06.933,0.94377,0.94388,2.25,1.69
2013.06.06 04:28:07.292,0.94383,0.94393,1.50,1.69
2013.06.06 04:28:07.792,0.94383,0.94395,1.50,1.69
2013.06.06 04:28:07.912,0.94385,0.94396,1.50,1.88
2013.06.06 04:28:08.093,0.94387,0.94398,1.50,1.50
2013.06.06 04:28:09.704,0.94385,0.94399,1.50,1.69
2013.06.06 04:28:10.762,0.94386,0.94399,1.50,1.69
2013.06.06 04:28:11.303,0.94383,0.94398,1.69,1.50
2013.06.06 04:28:11.858,0.94383,0.94398,1.69,1.50
2013.06.06 04:28:12.362,0.94385,0.94398,1.50,1.50
2013.06.06 04:28:13.091,0.94385,0.94399,1.50,1.69
2013.06.06 04:28:13.903,0.94385,0.94398,1.50,1.50
2013.06.06 04:28:14.468,0.94385,0.94399,1.50,2.44
2013.06.06 04:28:15.681,0.94382,0.94398,1.69,1.50
2013.06.06 04:28:18.061,0.94385,0.94399,1.50,1.69
2013.06.06 04:28:19.414,0.94385,0.94399,1.50,2.44
2013.06.06 04:28:19.953,0.94388,0.944,1.50,1.69
2013.06.06 04:28:20.012,0.94388,0.944,1.50,1.69
2013.06.06 04:28:20.192,0.9439,0.94401,1.50,1.50
2013.06.06 04:28:20.612,0.9439,0.94403,1.50,1.13
2013.06.06 04:28:20.911,0.94389,0.94404,1.50,2.63
2013.06.06 04:28:21.152,0.9439,0.94403,2.25,1.13
2013.06.06 04:28:21.332,0.94391,0.94404,1.50,1.69
2013.06.06 04:28:21.512,0.94389,0.94405,2.44,2.44
2013.06.06 04:28:22.421,0.94391,0.94405,1.50,2.44
2013.06.06 04:28:22.542,0.94392,0.94407,1.50,1.69
2013.06.06 04:28:23.032,0.94393,0.94407,1.50,1.69
2013.06.06 04:28:24.911,0.94393,0.94407,1.50,2.44
2013.06.06 04:28:25.191,0.94392,0.94406,1.50,1.69
2013.06.06 04:28:25.702,0.94389,0.94403,3.94,1.50
2013.06.06 04:28:26.702,0.94392,0.94405,1.13,1.50
2013.06.06 04:28:26.833,0.94396,0.94408,1.50,1.69
2013.06.06 04:28:27.012,0.94396,0.94408,1.50,1.69
2013.06.06 04:28:27.373,0.94391,0.94404,1.69,1.88
2013.06.06 04:28:27.732,0.94391,0.94405,2.44,2.25
2013.06.06 04:28:27.912,0.94391,0.94407,3.57,1.69
2013.06.06 04:28:28.151,0.94392,0.94405,1.32,1.50
2013.06.06 04:28:28.451,0.94391,0.94405,1.69,1.50
2013.06.06 04:28:29.471,0.94391,0.94404,1.69,1.50
2013.06.06 04:28:29.657,0.94389,0.94399,3.94,1.50
2013.06.06 04:28:29.723,0.94388,0.94399,1.69,1.50
2013.06.06 04:28:30.261,0.94385,0.944,2.63,2.44
2013.06.06 04:28:30.502,0.94387,0.944,1.50,1.69
2013.06.06 04:28:34.283,0.94388,0.944,1.50,1.69
2013.06.06 04:28:34.943,0.94389,0.94401,1.50,1.69
2013.06.06 04:28:35.071,0.94389,0.94403,1.50,1.69
2013.06.06 04:28:35.131,0.94389,0.94403,1.50,1.69
2013.06.06 04:28:36.091,0.9439,0.94404,1.50,3.19
2013.06.06 04:28:36.392,0.94398,0.94409,1.50,1.50
2013.06.06 04:28:36.454,0.94398,0.94412,2.25,3.19
2013.06.06 04:28:36.693,0.944,0.94415,3.00,3.38
2013.06.06 04:28:36.814,0.94402,0.94415,1.50,3.94
2013.06.06 04:28:36.994,0.94403,0.94416,1.50,2.44
2013.06.06 04:28:37.542,0.94405,0.94417,1.50,1.69
2013.06.06 04:28:38.044,0.94404,0.94417,1.50,1.69
2013.06.06 04:28:38.581,0.94403,0.94415,1.50,1.50
2013.06.06 04:28:38.882,0.94415,0.94426,1.50,3.00
2013.06.06 04:28:38.941,0.94415,0.94427,1.69,1.50
2013.06.06 04:28:39.002,0.94415,0.94427,1.69,1.50
2013.06.06 04:28:39.121,0.94415,0.94429,2.44,2.25
2013.06.06 04:28:39.364,0.94417,0.9443,1.50,1.50
2013.06.06 04:28:39.605,0.94417,0.94429,1.50,1.50
2013.06.06 04:28:39.672,0.94418,0.94431,1.50,1.50
2013.06.06 04:28:39.732,0.94419,0.94434,1.69,2.25
2013.06.06 04:28:40.105,0.94421,0.94432,1.50,1.50
2013.06.06 04:28:41.582,0.94422,0.94435,1.50,1.50
2013.06.06 04:28:42.161,0.94421,0.94435,2.25,1.50
2013.06.06 04:28:44.821,0.94418,0.94433,1.69,1.50
2013.06.06 04:28:45.063,0.94417,0.94431,2.44,2.25
2013.06.06 04:28:45.182,0.94418,0.94431,1.69,3.75
2013.06.06 04:28:45.361,0.94418,0.9443,1.69,1.50
2013.06.06 04:28:45.541,0.94417,0.94431,2.44,1.50
2013.06.06 04:28:45.662,0.94416,0.94429,2.44,1.50
2013.06.06 04:28:45.722,0.94414,0.94429,3.38,1.50
2013.06.06 04:28:45.842,0.94413,0.94427,1.69,3.00
2013.06.06 04:28:46.022,0.94412,0.94423,1.69,1.50
2013.06.06 04:28:46.382,0.94406,0.9442,2.44,1.88
2013.06.06 04:28:46.442,0.94405,0.94419,2.63,1.50
2013.06.06 04:28:50.001,0.94403,0.94417,1.69,1.50
2013.06.06 04:28:50.785,0.94403,0.94417,1.69,1.50
2013.06.06 04:28:50.851,0.94403,0.94417,1.69,1.50
2013.06.06 04:28:52.482,0.94406,0.9442,2.63,3.19
2013.06.06 04:28:52.602,0.94406,0.9442,2.44,2.25
2013.06.06 04:28:53.142,0.94409,0.94422,1.50,1.69
2013.06.06 04:28:54.261,0.94411,0.94423,1.50,1.69
2013.06.06 04:28:54.642,0.94413,0.94427,2.44,1.50
2013.06.06 04:28:54.701,0.94414,0.9443,1.69,3.94
2013.06.06 04:28:55.212,0.94416,0.9443,1.50,3.19
2013.06.06 04:28:56.552,0.94416,0.9443,1.50,2.44
2013.06.06 04:28:56.671,0.94417,0.94431,1.69,1.50
2013.06.06 04:28:57.211,0.94415,0.94431,4.69,1.50
2013.06.06 04:28:57.512,0.94415,0.9443,3.94,2.25
2013.06.06 04:28:57.752,0.94415,0.94429,1.69,1.50
2013.06.06 04:28:58.592,0.94415,0.94429,1.69,1.50
2013.06.06 04:28:59.331,0.94416,0.94431,3.19,1.50
2013.06.06 04:28:59.572,0.94417,0.94432,2.44,1.32
2013.06.06 04:28:59.752,0.94419,0.94432,2.44,1.88
2013.06.06 04:28:59.933,0.94421,0.94432,1.69,1.50
2013.06.06 04:29:00.052,0.94421,0.94436,2.44,2.25
2013.06.06 04:29:00.293,0.94424,0.94438,1.50,2.44
2013.06.06 04:29:00.795,0.94424,0.94438,1.50,1.69
2013.06.06 04:29:01.153,0.94426,0.94441,2.44,1.32
2013.06.06 04:29:01.691,0.94427,0.94442,1.69,3.19
2013.06.06 04:29:02.052,0.94429,0.94442,1.50,2.44
2013.06.06 04:29:02.292,0.94429,0.94442,1.50,1.50
2013.06.06 04:29:02.413,0.94429,0.94442,1.50,1.50
2013.06.06 04:29:02.891,0.94428,0.94441,1.69,1.50
2013.06.06 04:29:03.323,0.94426,0.9444,1.69,1.50
2013.06.06 04:29:03.683,0.94422,0.94436,1.69,1.50
2013.06.06 04:29:04.222,0.94422,0.94435,1.69,1.50
2013.06.06 04:29:04.522,0.94422,0.94434,1.50,2.25
2013.06.06 04:29:05.062,0.94423,0.94433,1.50,1.50
2013.06.06 04:29:05.592,0.94422,0.94433,1.50,1.50
2013.06.06 04:29:06.131,0.9442,0.94433,1.69,1.50
2013.06.06 04:29:06.491,0.94419,0.94434,1.69,1.13
2013.06.06 04:29:07.166,0.94421,0.94433,1.69,1.50
2013.06.06 04:29:07.693,0.94419,0.94433,1.69,2.25
2013.06.06 04:29:10.663,0.94419,0.94432,1.50,1.69
2013.06.06 04:29:10.722,0.94419,0.94433,1.50,2.44
2013.06.06 04:29:10.902,0.94424,0.94435,1.50,1.69
2013.06.06 04:29:10.962,0.94424,0.94436,2.25,2.44
2013.06.06 04:29:11.082,0.94426,0.9444,1.50,3.19
2013.06.06 04:29:11.383,0.94424,0.94434,1.50,1.50
2013.06.06 04:29:11.682,0.94421,0.94433,1.69,2.25
2013.06.06 04:29:11.744,0.9442,0.94431,1.69,1.50
2013.06.06 04:29:11.984,0.94416,0.94429,1.69,1.50
2013.06.06 04:29:12.522,0.94414,0.94428,2.44,1.50
2013.06.06 04:29:13.461,0.94414,0.94429,2.44,2.44
2013.06.06 04:29:13.822,0.94415,0.94429,1.69,2.82
2013.06.06 04:29:17.141,0.94415,0.94426,1.69,1.50
2013.06.06 04:29:17.441,0.9441,0.94423,1.69,1.88
2013.06.06 04:29:17.502,0.94416,0.94423,1.50,1.13
2013.06.06 04:29:17.623,0.94416,0.94428,1.50,3.19
2013.06.06 04:29:17.743,0.94413,0.94425,1.50,1.50
2013.06.06 04:29:17.922,0.94414,0.94423,2.25,1.88
2013.06.06 04:29:18.042,0.94419,0.9443,1.50,1.69
2013.06.06 04:29:18.161,0.9442,0.94432,1.50,2.44
2013.06.06 04:29:18.282,0.9442,0.94431,1.50,1.50
2013.06.06 04:29:20.111,0.9442,0.94432,1.50,1.50
2013.06.06 04:29:20.532,0.94418,0.9443,1.50,1.50
2013.06.06 04:29:20.911,0.94416,0.9443,1.69,1.50
2013.06.06 04:29:21.451,0.94414,0.94427,1.69,1.50
2013.06.06 04:29:22.003,0.94416,0.9443,1.69,1.69
2013.06.06 04:29:23.352,0.94416,0.94429,3.19,1.13
2013.06.06 04:29:23.991,0.94416,0.94429,1.69,1.13
2013.06.06 04:29:24.704,0.94416,0.94429,1.69,1.13
2013.06.06 04:29:26.521,0.94416,0.9443,1.69,1.69
2013.06.06 04:29:28.783,0.94415,0.94431,3.19,3.19
2013.06.06 04:29:31.173,0.94417,0.94431,1.50,1.69
2013.06.06 04:29:31.821,0.94416,0.94432,2.44,3.94
2013.06.06 04:29:32.133,0.94421,0.94434,1.50,2.44
2013.06.06 04:29:32.253,0.94421,0.94434,1.50,1.69
2013.06.06 04:29:32.763,0.94421,0.94434,1.50,1.69
2013.06.06 04:29:33.138,0.94422,0.94435,1.50,3.19
2013.06.06 04:29:33.381,0.94423,0.94438,3.19,1.69
2013.06.06 04:29:33.562,0.94425,0.94439,1.69,1.50
2013.06.06 04:29:33.743,0.94426,0.9444,1.50,1.50
2013.06.06 04:29:34.282,0.94428,0.94441,1.50,1.69
2013.06.06 04:29:34.462,0.94427,0.94441,1.50,1.69
2013.06.06 04:29:34.708,0.94426,0.9444,1.50,1.50
2013.06.06 04:29:35.233,0.94425,0.94439,1.32,3.00
2013.06.06 04:29:35.776,0.94423,0.94438,2.82,1.50
2013.06.06 04:29:36.602,0.94423,0.94437,1.69,1.50
2013.06.06 04:29:36.962,0.94424,0.94436,1.50,1.50
2013.06.06 04:29:37.912,0.94424,0.94435,1.50,1.88
2013.06.06 04:29:38.272,0.94419,0.94433,4.84,1.50
2013.06.06 04:29:38.393,0.94419,0.94431,2.44,1.50
2013.06.06 04:29:38.512,0.94418,0.94432,1.69,1.50
2013.06.06 04:29:39.052,0.94418,0.94432,1.69,1.50
2013.06.06 04:29:40.512,0.94418,0.94432,1.69,1.50
2013.06.06 04:29:41.592,0.94417,0.94431,3.19,1.50
2013.06.06 04:29:41.952,0.94424,0.94435,2.63,1.50
2013.06.06 04:29:42.313,0.9442,0.94433,2.25,1.50
2013.06.06 04:29:42.373,0.94417,0.94431,1.69,1.50
2013.06.06 04:29:42.914,0.94417,0.94431,1.69,1.50
2013.06.06 04:29:43.212,0.94417,0.94431,1.69,1.50
2013.06.06 04:29:43.762,0.94417,0.94431,1.69,1.50
2013.06.06 04:29:45.691,0.94417,0.94431,1.69,1.69
2013.06.06 04:29:47.871,0.94417,0.94432,1.69,3.19
2013.06.06 04:29:49.811,0.94417,0.94431,1.69,1.69
2013.06.06 04:29:51.221,0.94417,0.94432,1.50,3.94
2013.06.06 04:29:51.586,0.94415,0.94432,6.00,3.94
2013.06.06 04:29:51.763,0.94415,0.94426,3.38,1.50
2013.06.06 04:29:52.175,0.94411,0.94419,1.13,1.50
2013.06.06 04:29:52.250,0.94407,0.94418,1.69,1.50
2013.06.06 04:29:52.388,0.94405,0.94416,1.50,1.50
2013.06.06 04:29:52.931,0.94402,0.94417,3.19,1.50
2013.06.06 04:29:53.471,0.94404,0.94417,1.69,1.50
2013.06.06 04:29:57.125,0.94402,0.94415,2.44,1.50
2013.06.06 04:29:57.601,0.94403,0.94417,1.69,1.50
2013.06.06 04:29:57.842,0.94409,0.94425,2.44,3.19
2013.06.06 04:29:57.901,0.94409,0.94425,2.44,3.19
2013.06.06 04:29:58.263,0.94417,0.94429,1.50,2.44
2013.06.06 04:29:58.322,0.94418,0.94429,2.44,1.50
2013.06.06 04:29:58.861,0.94419,0.94432,1.69,1.50
2013.06.06 04:30:00.233,0.94419,0.94431,1.69,1.50
2013.06.06 04:30:00.776,0.94419,0.94433,1.69,1.69
2013.06.06 04:30:01.603,0.94419,0.94433,1.69,1.69
2013.06.06 04:30:09.462,0.94419,0.94433,1.50,1.50
2013.06.06 04:30:09.966,0.94419,0.9443,1.50,1.50
2013.06.06 04:30:10.502,0.94418,0.9443,1.69,1.50
2013.06.06 04:30:10.912,0.94418,0.9443,1.69,1.50
2013.06.06 04:30:11.601,0.94418,0.94431,1.69,1.50
2013.06.06 04:30:13.390,0.94418,0.94431,2.44,1.50
2013.06.06 04:30:13.512,0.94418,0.94431,3.19,1.50
2013.06.06 04:30:13.871,0.94418,0.94432,3.19,1.50
2013.06.06 04:30:14.112,0.94418,0.94431,3.94,1.50
2013.06.06 04:30:14.831,0.9442,0.94434,1.50,2.44
2013.06.06 04:30:15.381,0.9442,0.94434,1.50,2.44
2013.06.06 04:30:15.944,0.9442,0.94434,2.25,2.44
2013.06.06 04:30:16.757,0.9442,0.94434,1.50,2.44
2013.06.06 04:30:20.851,0.9442,0.94434,2.25,2.44
2013.06.06 04:30:21.212,0.94418,0.94432,3.00,2.44
2013.06.06 04:30:21.593,0.94417,0.94432,1.50,3.19
2013.06.06 04:30:22.132,0.94417,0.94431,1.50,1.50
2013.06.06 04:30:22.642,0.94415,0.94431,3.57,2.25
2013.06.06 04:30:23.632,0.94416,0.9443,1.69,1.50
2013.06.06 04:30:23.872,0.94414,0.9443,2.25,2.44
2013.06.06 04:30:26.563,0.94412,0.94426,1.69,1.50
2013.06.06 04:30:27.186,0.94412,0.94426,1.69,1.50
2013.06.06 04:30:27.503,0.94412,0.94425,1.69,2.25
2013.06.06 04:30:27.565,0.94412,0.94425,1.69,1.50
2013.06.06 04:30:28.642,0.9441,0.94424,1.69,1.50
2013.06.06 04:30:29.143,0.9441,0.94424,1.69,2.25
2013.06.06 04:30:30.002,0.9441,0.94424,1.69,1.50
2013.06.06 04:30:30.693,0.9441,0.94424,1.69,2.25
