2010.05.06 14:00:00.139,0.90294,0.90309,1.60,2.90
2010.05.06 14:00:00.289,0.90293,0.90309,1.10,2.20
2010.05.06 14:00:00.512,0.90292,0.90308,0.99,2.00
2010.05.06 14:00:00.697,0.9029,0.90304,0.92,1.80
2010.05.06 14:00:00.927,0.90286,0.90304,1.40,0.90
2010.05.06 14:00:02.673,0.90281,0.90293,1.70,1.50
2010.05.06 14:00:03.386,0.90275,0.90289,2.50,1.10
2010.05.06 14:00:03.846,0.90274,0.90289,2.00,1.00
2010.05.06 14:00:04.227,0.90273,0.90289,2.70,1.50
2010.05.06 14:00:04.573,0.90271,0.90278,1.70,1.40
2010.05.06 14:00:04.980,0.90265,0.90274,1.30,1.20
2010.05.06 14:00:05.324,0.90256,0.90272,0.95,0.96
2010.05.06 14:00:05.730,0.90254,0.90269,1.10,2.00
2010.05.06 14:00:06.173,0.90255,0.90266,2.40,1.30
2010.05.06 14:00:06.396,0.90256,0.90266,1.90,1.70
2010.05.06 14:00:06.747,0.90258,0.90266,1.20,1.40
2010.05.06 14:00:07.367,0.90256,0.90269,1.40,2.20
2010.05.06 14:00:07.620,0.90257,0.90269,1.40,1.30
2010.05.06 14:00:08.252,0.90261,0.90274,2.20,0.96
2010.05.06 14:00:08.514,0.90267,0.90274,1.20,1.90
2010.05.06 14:00:09.019,0.9027,0.90279,0.78,0.90
2010.05.06 14:00:09.486,0.90271,0.90279,0.99,1.20
2010.05.06 14:00:09.769,0.90272,0.90285,1.70,1.20
2010.05.06 14:00:10.028,0.90271,0.90284,1.20,1.20
2010.05.06 14:00:10.255,0.90275,0.90284,0.65,1.00
2010.05.06 14:00:10.473,0.90281,0.90284,1.40,1.10
2010.05.06 14:00:10.693,0.90285,0.90296,1.70,1.50
2010.05.06 14:00:10.938,0.90281,0.90295,1.90,0.70
2010.05.06 14:00:11.139,0.90279,0.90294,0.88,1.30
2010.05.06 14:00:11.256,0.9028,0.90294,2.10,1.10
2010.05.06 14:00:11.422,0.90281,0.90294,1.50,2.10
2010.05.06 14:00:11.700,0.90279,0.90294,1.80,1.10
2010.05.06 14:00:11.837,0.90278,0.90294,0.80,1.30
2010.05.06 14:00:12.118,0.90285,0.90294,1.10,0.99
2010.05.06 14:00:12.819,0.90286,0.90294,1.10,1.70
2010.05.06 14:00:13.137,0.90291,0.90304,1.30,1.50
2010.05.06 14:00:13.312,0.90287,0.90304,1.80,1.60
2010.05.06 14:00:13.606,0.90289,0.90304,1.30,2.10
2010.05.06 14:00:13.773,0.90291,0.90304,1.00,1.80
2010.05.06 14:00:14.470,0.90296,0.90309,0.85,1.90
2010.05.06 14:00:14.944,0.90301,0.90309,1.70,1.70
2010.05.06 14:00:15.109,0.90302,0.90319,1.90,1.20
2010.05.06 14:00:15.729,0.90304,0.90319,1.10,0.84
2010.05.06 14:00:16.116,0.90305,0.90319,1.30,1.60
2010.05.06 14:00:16.274,0.90306,0.90319,1.90,0.99
2010.05.06 14:00:16.500,0.90305,0.90319,1.50,2.40
2010.05.06 14:00:16.657,0.90311,0.90319,2.70,1.40
2010.05.06 14:00:16.942,0.90307,0.90324,2.40,0.94
2010.05.06 14:00:17.013,0.90306,0.90324,1.50,2.30
2010.05.06 14:00:17.556,0.90308,0.90322,1.20,1.10
2010.05.06 14:00:17.707,0.90311,0.90322,1.80,2.30
2010.05.06 14:00:19.205,0.90313,0.90326,1.40,1.20
2010.05.06 14:00:19.299,0.90312,0.90326,2.40,2.60
2010.05.06 14:00:19.665,0.90311,0.90307,1.20,2.70
2010.05.06 14:00:19.974,0.90286,0.90302,1.30,2.10
2010.05.06 14:00:20.139,0.90287,0.90302,1.80,2.40
2010.05.06 14:00:20.450,0.90286,0.90302,1.60,1.90
2010.05.06 14:00:20.963,0.90281,0.90296,2.40,0.88
2010.05.06 14:00:22.313,0.90276,0.90294,2.90,0.77
2010.05.06 14:00:22.468,0.90281,0.90294,2.10,1.90
2010.05.06 14:00:22.836,0.90286,0.90294,0.95,1.30
2010.05.06 14:00:23.183,0.90281,0.90296,1.20,2.00
2010.05.06 14:00:23.594,0.90282,0.90296,0.98,1.50
2010.05.06 14:00:23.821,0.90286,0.90296,1.30,2.20
2010.05.06 14:00:24.858,0.90287,0.90302,1.20,0.86
2010.05.06 14:00:25.652,0.90286,0.90302,1.60,1.80
2010.05.06 14:00:27.988,0.90287,0.90302,1.30,0.91
2010.05.06 14:00:30.342,0.90286,0.903,0.89,1.60
2010.05.06 14:00:34.113,0.90281,0.90296,1.30,1.30
2010.05.06 14:00:34.729,0.90282,0.90292,1.40,1.20
2010.05.06 14:00:36.045,0.90281,0.90292,1.70,1.20
2010.05.06 14:00:36.270,0.90273,0.90289,1.00,0.67
2010.05.06 14:00:36.640,0.90275,0.90286,1.20,1.90
2010.05.06 14:00:36.880,0.90273,0.90289,0.76,1.50
2010.05.06 14:00:37.813,0.90276,0.90289,1.70,2.70
2010.05.06 14:00:38.472,0.90281,0.90294,1.70,1.60
2010.05.06 14:00:41.315,0.90274,0.90289,1.30,1.80
2010.05.06 14:00:41.833,0.90275,0.90287,0.70,1.40
2010.05.06 14:00:42.202,0.90274,0.90287,1.90,2.30
2010.05.06 14:00:42.422,0.90271,0.90289,1.30,2.20
2010.05.06 14:00:42.541,0.90272,0.90287,1.80,2.40
2010.05.06 14:00:42.935,0.90271,0.90277,2.20,1.40
2010.05.06 14:00:43.001,0.90269,0.90274,2.90,1.20
2010.05.06 14:00:43.635,0.90265,0.90274,1.70,2.50
2010.05.06 14:00:43.709,0.90256,0.90274,1.70,0.96
2010.05.06 14:00:44.300,0.90252,0.90266,2.10,1.90
2010.05.06 14:00:44.776,0.90251,0.90263,1.70,1.60
2010.05.06 14:00:48.225,0.90246,0.90263,1.20,1.10
2010.05.06 14:00:48.269,0.90245,0.90258,0.66,1.10
2010.05.06 14:00:48.511,0.90246,0.90259,1.00,2.00
2010.05.06 14:00:48.853,0.90247,0.90259,1.30,1.10
2010.05.06 14:00:49.009,0.90245,0.90258,2.30,1.40
2010.05.06 14:00:49.376,0.90242,0.90258,2.40,1.10
2010.05.06 14:00:49.582,0.90241,0.90255,0.97,2.70
2010.05.06 14:00:49.929,0.90242,0.90255,1.00,2.10
2010.05.06 14:00:50.263,0.90241,0.90252,1.80,0.64
2010.05.06 14:00:50.410,0.9024,0.90252,1.40,2.30
2010.05.06 14:00:50.765,0.90236,0.9025,2.10,1.70
2010.05.06 14:00:51.664,0.90237,0.90249,1.50,1.20
2010.05.06 14:00:52.436,0.90241,0.9025,1.40,1.30
2010.05.06 14:00:53.854,0.90243,0.90252,1.90,2.50
2010.05.06 14:00:58.475,0.90241,0.90259,1.30,1.60
2010.05.06 14:00:59.329,0.90244,0.90254,2.00,0.83
2010.05.06 14:00:59.527,0.90245,0.90254,1.60,2.80
2010.05.06 14:00:59.741,0.90246,0.90254,1.90,1.40
2010.05.06 14:01:00.171,0.90245,0.90259,0.94,1.00
2010.05.06 14:01:00.945,0.90244,0.90259,2.80,1.60
2010.05.06 14:01:01.085,0.90243,0.90255,0.78,1.10
2010.05.06 14:01:01.112,0.90245,0.90254,0.79,2.30
2010.05.06 14:01:01.254,0.90246,0.90254,0.92,1.30
2010.05.06 14:01:01.350,0.90245,0.90259,2.50,2.20
2010.05.06 14:01:01.408,0.90246,0.90259,1.80,1.80
2010.05.06 14:01:01.536,0.90253,0.90259,2.30,0.77
2010.05.06 14:01:01.619,0.90245,0.90259,1.50,1.90
2010.05.06 14:01:01.706,0.90253,0.90259,0.86,1.80
2010.05.06 14:01:01.878,0.90254,0.90259,1.40,2.70
2010.05.06 14:01:01.967,0.90256,0.90267,1.20,1.90
2010.05.06 14:01:02.872,0.90251,0.90269,1.80,1.30
2010.05.06 14:01:04.153,0.90246,0.90264,1.10,1.20
2010.05.06 14:01:04.445,0.90252,0.90264,2.20,1.80
2010.05.06 14:01:04.586,0.90254,0.90266,1.30,1.30
2010.05.06 14:01:04.778,0.90252,0.90266,1.80,1.80
2010.05.06 14:01:05.132,0.90251,0.90266,0.83,0.76
2010.05.06 14:01:05.214,0.9025,0.90264,0.97,1.90
2010.05.06 14:01:05.307,0.90249,0.90264,2.10,1.60
2010.05.06 14:01:05.532,0.90253,0.90264,1.50,1.80
2010.05.06 14:01:05.688,0.90255,0.90264,2.30,1.80
2010.05.06 14:01:05.714,0.90253,0.90264,1.50,0.87
2010.05.06 14:01:05.983,0.90254,0.90264,2.00,2.00
2010.05.06 14:01:06.664,0.90256,0.90264,0.82,1.30
2010.05.06 14:01:07.240,0.90254,0.90268,2.80,3.00
2010.05.06 14:01:07.390,0.90255,0.90266,1.20,0.96
2010.05.06 14:01:07.938,0.90256,0.90266,1.50,3.50
2010.05.06 14:01:08.260,0.90253,0.90264,1.80,3.00
2010.05.06 14:01:08.651,0.90252,0.90264,1.60,1.40
2010.05.06 14:01:08.720,0.90254,0.90264,1.90,2.00
2010.05.06 14:01:09.436,0.90251,0.90266,1.20,2.00
2010.05.06 14:01:09.681,0.90247,0.90261,1.20,0.97
2010.05.06 14:01:10.070,0.90246,0.90261,2.10,2.10
2010.05.06 14:01:11.069,0.90242,0.90258,1.20,2.20
2010.05.06 14:01:11.453,0.90241,0.90255,3.30,1.60
2010.05.06 14:01:11.849,0.90236,0.90254,1.60,1.70
2010.05.06 14:01:12.375,0.90234,0.90249,2.10,1.80
2010.05.06 14:01:12.706,0.90233,0.90249,1.50,2.00
2010.05.06 14:01:13.160,0.90235,0.90249,1.50,1.30
2010.05.06 14:01:13.400,0.90236,0.90249,1.90,1.20
2010.05.06 14:01:13.914,0.90235,0.90249,2.80,0.83
2010.05.06 14:01:14.049,0.90239,0.90249,3.40,1.70
2010.05.06 14:01:14.853,0.90242,0.90249,1.30,1.70
2010.05.06 14:01:15.337,0.90243,0.90259,1.70,1.40
2010.05.06 14:01:16.144,0.90242,0.90259,1.80,1.90
2010.05.06 14:01:16.223,0.90244,0.90259,0.70,0.92
2010.05.06 14:01:16.456,0.90242,0.90255,0.65,0.60
2010.05.06 14:01:16.728,0.90241,0.90255,1.50,0.94
2010.05.06 14:01:16.914,0.90242,0.90256,1.40,2.50
2010.05.06 14:01:17.155,0.90241,0.90256,2.00,1.50
2010.05.06 14:01:17.356,0.90244,0.90256,1.30,1.50
2010.05.06 14:01:17.713,0.90251,0.90259,1.00,2.00
2010.05.06 14:01:20.221,0.90247,0.90261,1.60,1.30
2010.05.06 14:01:20.387,0.90246,0.90255,1.00,2.40
2010.05.06 14:01:20.735,0.90243,0.90254,2.40,1.70
2010.05.06 14:01:20.909,0.90239,0.90253,1.70,1.10
2010.05.06 14:01:21.012,0.90241,0.90254,1.30,1.60
2010.05.06 14:01:21.588,0.90242,0.90257,1.30,0.69
2010.05.06 14:01:22.796,0.90243,0.90259,2.20,1.60
2010.05.06 14:01:23.178,0.90246,0.90259,2.70,0.89
2010.05.06 14:01:23.324,0.90245,0.90259,1.10,1.50
2010.05.06 14:01:23.685,0.90246,0.90259,0.97,1.00
2010.05.06 14:01:23.834,0.90245,0.90256,1.80,2.10
2010.05.06 14:01:24.035,0.90246,0.90259,0.76,1.60
2010.05.06 14:01:24.252,0.90248,0.9026,1.20,0.96
2010.05.06 14:01:24.664,0.90245,0.90259,1.50,1.20
2010.05.06 14:01:24.758,0.90247,0.90259,1.60,2.40
2010.05.06 14:01:25.768,0.90252,0.90259,2.50,1.30
2010.05.06 14:01:26.884,0.90255,0.90264,2.70,0.87
2010.05.06 14:01:27.044,0.90256,0.90269,1.90,1.20
2010.05.06 14:01:28.097,0.90244,0.90259,1.50,1.40
2010.05.06 14:01:28.643,0.90251,0.90259,1.50,1.20
2010.05.06 14:01:29.208,0.90242,0.90259,1.60,2.30
2010.05.06 14:01:29.517,0.90241,0.90258,1.40,1.20
2010.05.06 14:01:29.983,0.90238,0.90254,2.20,1.10
2010.05.06 14:01:30.184,0.90237,0.90254,1.90,0.95
2010.05.06 14:01:30.597,0.9024,0.90254,1.70,3.00
2010.05.06 14:01:30.952,0.90241,0.90254,1.80,1.80
2010.05.06 14:01:31.406,0.90242,0.90259,1.50,1.30
2010.05.06 14:01:31.689,0.90245,0.90259,1.30,1.80
2010.05.06 14:01:32.357,0.90246,0.90259,2.00,1.10
2010.05.06 14:01:34.040,0.90244,0.90258,1.20,1.10
2010.05.06 14:01:34.523,0.90241,0.90256,1.50,1.50
2010.05.06 14:01:34.884,0.90237,0.90254,0.60,2.00
2010.05.06 14:01:35.131,0.90236,0.90244,1.40,1.80
2010.05.06 14:01:35.312,0.90231,0.90242,1.60,2.20
2010.05.06 14:01:35.576,0.90227,0.90239,2.60,1.60
2010.05.06 14:01:35.757,0.90234,0.90239,0.70,1.40
2010.05.06 14:01:36.135,0.90224,0.90239,1.00,1.70
2010.05.06 14:01:36.321,0.90226,0.90239,1.60,0.68
2010.05.06 14:01:36.457,0.90224,0.90239,0.85,0.74
2010.05.06 14:01:36.770,0.90221,0.90235,1.30,3.70
2010.05.06 14:01:36.800,0.90219,0.90234,1.80,2.80
2010.05.06 14:01:37.084,0.90216,0.90234,1.30,1.30
2010.05.06 14:01:37.385,0.90217,0.9023,1.80,1.10
2010.05.06 14:01:37.413,0.90219,0.90234,1.30,2.30
2010.05.06 14:01:37.689,0.90222,0.90234,0.84,1.50
2010.05.06 14:01:37.825,0.90221,0.90235,1.50,1.80
2010.05.06 14:01:38.153,0.90224,0.90235,2.20,1.90
2010.05.06 14:01:38.266,0.90225,0.90236,1.50,1.80
2010.05.06 14:01:38.491,0.90228,0.90239,0.72,1.10
2010.05.06 14:01:38.649,0.9023,0.90241,1.00,1.40
2010.05.06 14:01:38.800,0.90236,0.90241,2.20,1.90
2010.05.06 14:01:40.614,0.90231,0.90245,1.10,2.20
2010.05.06 14:01:41.122,0.90226,0.90239,2.20,1.70
2010.05.06 14:01:43.243,0.90229,0.90239,1.60,1.70
2010.05.06 14:01:44.174,0.9023,0.90244,2.80,1.20
2010.05.06 14:01:44.374,0.90235,0.90244,2.20,1.10
2010.05.06 14:01:44.593,0.90236,0.90244,1.00,1.30
2010.05.06 14:01:44.767,0.90234,0.90248,1.80,1.60
2010.05.06 14:01:45.679,0.90231,0.90245,1.00,1.20
2010.05.06 14:01:46.073,0.90227,0.90241,1.60,1.70
2010.05.06 14:01:46.597,0.90231,0.90241,1.60,1.10
2010.05.06 14:01:46.866,0.90222,0.90239,1.40,1.20
2010.05.06 14:01:47.310,0.90224,0.90239,1.80,2.60
2010.05.06 14:01:48.041,0.90225,0.90239,1.50,1.40
2010.05.06 14:01:48.791,0.90226,0.90239,1.00,2.60
2010.05.06 14:01:49.204,0.90231,0.90243,1.70,0.81
2010.05.06 14:01:49.379,0.9023,0.90244,1.20,1.60
2010.05.06 14:01:49.837,0.90231,0.90244,1.80,1.50
2010.05.06 14:01:51.168,0.90237,0.90249,2.30,4.00
2010.05.06 14:01:51.805,0.90236,0.90249,1.40,1.60
2010.05.06 14:01:52.157,0.90237,0.90252,1.10,1.30
2010.05.06 14:01:52.551,0.90236,0.90252,1.40,2.30
2010.05.06 14:01:52.834,0.90237,0.90252,0.98,1.30
2010.05.06 14:01:56.095,0.90238,0.90251,0.96,2.00
2010.05.06 14:01:58.431,0.90237,0.90252,1.60,1.40
2010.05.06 14:02:01.313,0.90236,0.90251,1.40,1.20
2010.05.06 14:02:01.479,0.90234,0.90247,1.80,1.80
2010.05.06 14:02:01.909,0.90233,0.90249,1.00,2.40
2010.05.06 14:02:03.139,0.90231,0.90249,0.92,1.20
2010.05.06 14:02:03.824,0.90232,0.90249,1.20,1.60
2010.05.06 14:02:04.389,0.90238,0.90249,1.90,1.40
2010.05.06 14:02:04.619,0.90236,0.9025,3.20,1.60
2010.05.06 14:02:06.231,0.90228,0.90244,0.71,0.72
2010.05.06 14:02:06.513,0.90237,0.90244,1.20,1.10
2010.05.06 14:02:06.676,0.90246,0.90244,0.92,1.80
2010.05.06 14:02:07.083,0.90237,0.90254,1.80,1.20
2010.05.06 14:02:07.370,0.90246,0.90254,1.30,1.70
2010.05.06 14:02:07.573,0.90237,0.9025,0.94,0.86
2010.05.06 14:02:07.769,0.90234,0.90249,0.87,1.20
2010.05.06 14:02:07.802,0.90232,0.90249,1.80,1.90
2010.05.06 14:02:08.176,0.90231,0.90249,0.86,1.50
2010.05.06 14:02:08.867,0.90226,0.90244,1.20,2.00
2010.05.06 14:02:09.015,0.9022,0.90234,2.30,2.10
2010.05.06 14:02:09.334,0.90218,0.90234,1.30,1.40
2010.05.06 14:02:09.543,0.9022,0.90234,3.20,1.40
2010.05.06 14:02:09.930,0.90221,0.90234,1.40,2.40
2010.05.06 14:02:11.031,0.90218,0.90233,1.20,2.20
2010.05.06 14:02:11.436,0.90217,0.90234,1.20,3.80
2010.05.06 14:02:11.996,0.90221,0.90234,1.50,1.40
2010.05.06 14:02:12.134,0.90224,0.90234,1.40,1.00
2010.05.06 14:02:12.226,0.90221,0.90234,1.00,1.70
2010.05.06 14:02:12.377,0.90225,0.90234,1.30,1.90
2010.05.06 14:02:12.502,0.90226,0.90234,2.10,1.70
2010.05.06 14:02:12.609,0.90221,0.90233,1.90,1.50
2010.05.06 14:02:12.843,0.90219,0.90233,1.70,1.60
2010.05.06 14:02:12.940,0.90212,0.90229,2.30,1.90
2010.05.06 14:02:17.150,0.90214,0.90229,1.10,1.70
2010.05.06 14:02:18.662,0.90212,0.90229,0.91,1.10
2010.05.06 14:02:19.012,0.90213,0.90229,1.60,1.90
2010.05.06 14:02:19.579,0.90214,0.90229,0.91,2.10
2010.05.06 14:02:20.091,0.90215,0.90229,1.50,1.30
2010.05.06 14:02:20.512,0.90216,0.90229,1.90,1.60
2010.05.06 14:02:21.016,0.9022,0.90234,2.90,1.20
2010.05.06 14:02:21.273,0.90221,0.90234,1.50,2.10
2010.05.06 14:02:21.335,0.90222,0.90239,1.80,0.93
2010.05.06 14:02:21.601,0.90225,0.90239,0.72,2.70
2010.05.06 14:02:21.778,0.90226,0.90239,1.50,1.10
2010.05.06 14:02:21.930,0.90227,0.90242,1.30,1.10
2010.05.06 14:02:22.249,0.90228,0.90244,1.90,1.60
2010.05.06 14:02:23.122,0.90226,0.9024,1.00,1.30
2010.05.06 14:02:23.392,0.90225,0.90239,1.00,2.10
2010.05.06 14:02:23.585,0.90226,0.90239,1.60,1.40
2010.05.06 14:02:23.753,0.90227,0.9024,1.30,1.40
2010.05.06 14:02:24.084,0.90231,0.90244,1.40,1.90
2010.05.06 14:02:24.145,0.90233,0.90244,1.40,1.00
2010.05.06 14:02:24.413,0.90235,0.90249,1.80,1.80
2010.05.06 14:02:24.474,0.90233,0.90249,1.60,1.70
2010.05.06 14:02:24.675,0.90239,0.90249,1.30,1.70
2010.05.06 14:02:24.766,0.90243,0.90249,1.60,3.50
2010.05.06 14:02:24.905,0.90246,0.90257,1.30,1.50
2010.05.06 14:02:25.849,0.90236,0.90254,1.90,1.70
2010.05.06 14:02:26.027,0.90243,0.90254,2.10,0.88
2010.05.06 14:02:26.309,0.90245,0.90254,1.30,1.30
2010.05.06 14:02:26.475,0.90243,0.90254,1.60,0.84
2010.05.06 14:02:26.726,0.90246,0.90254,2.10,2.80
2010.05.06 14:02:26.956,0.90251,0.90259,1.80,1.00
2010.05.06 14:02:27.929,0.90246,0.90259,0.96,3.00
2010.05.06 14:02:28.130,0.90251,0.90262,1.90,1.20
2010.05.06 14:02:29.827,0.90249,0.90264,1.30,1.60
2010.05.06 14:02:30.185,0.90252,0.90264,1.10,2.00
2010.05.06 14:02:30.476,0.90255,0.90264,0.76,0.92
2010.05.06 14:02:30.762,0.90256,0.90264,2.20,1.80
2010.05.06 14:02:31.146,0.90254,0.90269,3.10,2.20
2010.05.06 14:02:31.599,0.90255,0.90268,2.00,1.30
2010.05.06 14:02:31.698,0.90256,0.90268,1.20,0.69
2010.05.06 14:02:33.089,0.90248,0.90264,1.10,1.60
2010.05.06 14:02:34.502,0.90246,0.90262,3.10,1.80
2010.05.06 14:02:35.150,0.90248,0.90262,1.50,2.70
2010.05.06 14:02:35.986,0.90247,0.90262,1.70,2.00
2010.05.06 14:02:36.573,0.90249,0.90262,0.99,1.30
2010.05.06 14:02:37.369,0.9025,0.90262,1.20,0.93
2010.05.06 14:02:37.735,0.90254,0.90262,0.98,0.58
2010.05.06 14:02:38.086,0.90255,0.90269,1.10,1.90
2010.05.06 14:02:38.335,0.90256,0.90269,1.40,1.40
2010.05.06 14:02:38.460,0.90257,0.90274,2.70,1.10
2010.05.06 14:02:38.726,0.9026,0.90274,0.63,2.00
2010.05.06 14:02:38.806,0.90261,0.90274,1.50,1.20
2010.05.06 14:02:39.267,0.90262,0.90279,2.00,2.00
2010.05.06 14:02:39.592,0.90264,0.90279,1.80,0.83
2010.05.06 14:02:40.497,0.90265,0.90279,0.95,1.30
2010.05.06 14:02:40.706,0.90266,0.90279,1.80,2.60
2010.05.06 14:02:41.174,0.90264,0.90279,0.91,1.80
2010.05.06 14:02:41.602,0.90265,0.90279,2.00,1.30
2010.05.06 14:02:41.776,0.90266,0.90279,2.00,2.50
2010.05.06 14:02:42.195,0.90261,0.90274,1.30,0.92
2010.05.06 14:02:43.798,0.90256,0.90272,1.00,1.10
2010.05.06 14:02:44.053,0.90253,0.90264,2.50,1.80
2010.05.06 14:02:44.485,0.9025,0.90264,0.70,0.78
2010.05.06 14:02:44.638,0.90251,0.90264,2.90,1.50
2010.05.06 14:02:44.771,0.90252,0.90265,2.90,1.90
2010.05.06 14:02:46.224,0.90254,0.90265,1.70,1.60
2010.05.06 14:02:49.073,0.90252,0.90265,1.50,1.10
2010.05.06 14:02:49.561,0.90251,0.90265,1.30,1.00
2010.05.06 14:02:50.074,0.90252,0.90269,1.10,0.91
2010.05.06 14:02:50.307,0.90254,0.90269,2.20,1.30
2010.05.06 14:02:50.565,0.90255,0.90269,1.30,2.00
2010.05.06 14:02:50.984,0.90256,0.90269,1.20,1.10
2010.05.06 14:02:52.413,0.90251,0.90264,0.99,0.63
2010.05.06 14:02:53.088,0.90252,0.90267,1.10,1.80
2010.05.06 14:02:53.258,0.90253,0.90267,1.40,1.50
2010.05.06 14:02:53.513,0.90255,0.90267,1.40,1.10
2010.05.06 14:02:53.941,0.90256,0.90269,1.50,1.30
2010.05.06 14:02:56.171,0.90258,0.90272,1.90,1.50
2010.05.06 14:02:56.502,0.90256,0.90272,1.30,1.30
2010.05.06 14:02:57.697,0.90253,0.90269,1.40,1.50
2010.05.06 14:02:59.937,0.90251,0.90267,1.60,0.90
2010.05.06 14:03:00.650,0.90254,0.90266,1.00,1.90
2010.05.06 14:03:02.374,0.90257,0.90268,2.10,5.10
2010.05.06 14:03:02.572,0.90258,0.90272,2.50,1.70
2010.05.06 14:03:03.312,0.90261,0.90274,1.40,2.20
2010.05.06 14:03:03.440,0.90262,0.90274,1.70,1.70
2010.05.06 14:03:03.716,0.90265,0.90277,0.90,0.93
2010.05.06 14:03:04.089,0.90276,0.90277,0.87,2.70
2010.05.06 14:03:04.345,0.90278,0.90293,2.40,1.20
2010.05.06 14:03:04.997,0.90279,0.90293,2.00,2.80
2010.05.06 14:03:05.023,0.9028,0.90294,1.10,1.40
2010.05.06 14:03:05.090,0.90281,0.90294,1.50,2.00
2010.05.06 14:03:05.224,0.90284,0.90294,1.80,1.20
2010.05.06 14:03:05.280,0.90283,0.90297,1.30,1.50
2010.05.06 14:03:05.394,0.90285,0.90299,0.76,1.10
2010.05.06 14:03:05.539,0.90286,0.90299,1.40,1.60
2010.05.06 14:03:05.592,0.90288,0.90303,3.50,1.50
2010.05.06 14:03:05.672,0.9029,0.90303,1.30,1.70
2010.05.06 14:03:05.784,0.90294,0.90303,0.92,1.60
2010.05.06 14:03:05.884,0.90295,0.90303,1.80,1.30
2010.05.06 14:03:05.963,0.90294,0.90303,1.20,3.10
2010.05.06 14:03:06.002,0.90295,0.90303,1.70,1.30
2010.05.06 14:03:06.228,0.90296,0.90303,2.10,1.10
2010.05.06 14:03:06.342,0.90293,0.90304,2.30,1.90
2010.05.06 14:03:06.394,0.90289,0.90304,2.20,1.80
2010.05.06 14:03:06.612,0.90293,0.90304,2.00,0.72
2010.05.06 14:03:06.656,0.90289,0.90304,0.97,2.10
2010.05.06 14:03:06.826,0.9029,0.90304,1.80,2.10
2010.05.06 14:03:06.947,0.90295,0.90304,2.50,0.68
2010.05.06 14:03:07.264,0.90296,0.90304,1.60,1.10
2010.05.06 14:03:07.359,0.90295,0.90307,1.90,2.20
2010.05.06 14:03:07.717,0.90291,0.90307,0.62,1.50
2010.05.06 14:03:08.054,0.90288,0.90302,2.20,1.30
2010.05.06 14:03:08.294,0.90282,0.90294,1.30,1.40
2010.05.06 14:03:08.694,0.90281,0.90294,1.60,0.69
2010.05.06 14:03:08.807,0.90276,0.90289,0.66,1.90
2010.05.06 14:03:09.242,0.90273,0.90289,2.70,1.10
2010.05.06 14:03:10.063,0.90275,0.90289,2.50,2.80
2010.05.06 14:03:10.253,0.90276,0.90289,2.60,2.90
2010.05.06 14:03:10.557,0.90275,0.90289,1.30,1.80
2010.05.06 14:03:10.824,0.90276,0.90289,1.20,1.40
2010.05.06 14:03:11.045,0.90279,0.90289,1.30,3.40
2010.05.06 14:03:11.176,0.9028,0.90294,2.70,1.50
2010.05.06 14:03:11.355,0.90281,0.90294,0.61,0.81
2010.05.06 14:03:11.581,0.90282,0.90296,2.30,2.00
2010.05.06 14:03:11.707,0.90285,0.90296,1.00,1.40
2010.05.06 14:03:11.884,0.90287,0.90296,1.10,1.50
2010.05.06 14:03:12.004,0.90286,0.90296,0.74,1.70
2010.05.06 14:03:12.295,0.90282,0.90296,2.30,1.60
2010.05.06 14:03:12.521,0.90281,0.90288,1.80,0.87
2010.05.06 14:03:12.630,0.90265,0.90272,1.60,1.30
2010.05.06 14:03:12.919,0.90271,0.90272,1.50,1.80
2010.05.06 14:03:13.060,0.90272,0.90274,1.40,2.40
2010.05.06 14:03:13.368,0.90271,0.90274,1.50,1.20
2010.05.06 14:03:13.735,0.90267,0.90274,0.67,1.40
2010.05.06 14:03:13.991,0.90268,0.90274,1.10,1.80
2010.05.06 14:03:14.330,0.90269,0.90284,0.77,2.00
2010.05.06 14:03:14.620,0.9027,0.90284,2.40,1.20
2010.05.06 14:03:14.701,0.90271,0.90284,1.50,2.10
2010.05.06 14:03:15.172,0.90272,0.90287,1.20,1.90
2010.05.06 14:03:15.401,0.90277,0.90288,1.10,1.10
2010.05.06 14:03:15.728,0.90278,0.90293,2.80,1.60
2010.05.06 14:03:15.871,0.90279,0.90294,2.40,1.30
2010.05.06 14:03:16.439,0.90282,0.90294,2.60,1.60
2010.05.06 14:03:16.820,0.9029,0.90294,0.90,1.90
2010.05.06 14:03:18.075,0.90289,0.90303,1.20,1.90
2010.05.06 14:03:19.228,0.90286,0.90303,2.90,1.40
2010.05.06 14:03:20.154,0.90284,0.90299,1.70,2.60
2010.05.06 14:03:21.781,0.90281,0.90298,0.78,1.40
2010.05.06 14:03:27.054,0.90285,0.90299,0.98,1.70
2010.05.06 14:03:27.789,0.90286,0.90299,0.93,1.80
2010.05.06 14:03:28.215,0.90282,0.90299,1.20,1.20
2010.05.06 14:03:29.268,0.90285,0.90299,1.80,1.70
2010.05.06 14:03:29.792,0.90286,0.90299,1.50,1.80
2010.05.06 14:03:30.462,0.90283,0.90299,1.60,0.93
2010.05.06 14:03:34.857,0.90281,0.90299,1.00,1.70
2010.05.06 14:03:39.395,0.90293,0.90296,1.70,1.00
2010.05.06 14:03:39.597,0.90296,0.90296,1.60,1.40
2010.05.06 14:03:40.302,0.90298,0.90312,1.20,2.80
2010.05.06 14:03:40.403,0.90299,0.90313,1.20,1.90
2010.05.06 14:03:40.711,0.90304,0.90313,1.70,1.60
2010.05.06 14:03:41.318,0.90302,0.90319,1.60,2.00
2010.05.06 14:03:41.621,0.90304,0.90319,1.40,2.40
2010.05.06 14:03:41.908,0.90306,0.90319,1.90,0.81
2010.05.06 14:03:43.154,0.90308,0.90324,2.10,2.10
2010.05.06 14:03:44.177,0.9031,0.90324,1.10,1.60
2010.05.06 14:03:44.915,0.90315,0.90324,1.10,0.90
2010.05.06 14:03:45.582,0.90316,0.90324,0.68,1.70
2010.05.06 14:03:46.627,0.90317,0.90334,1.30,2.60
2010.05.06 14:03:48.525,0.90316,0.90334,1.90,1.00
2010.05.06 14:03:49.022,0.90325,0.90334,1.00,1.20
2010.05.06 14:03:49.394,0.90321,0.90339,1.20,1.60
2010.05.06 14:03:49.676,0.9032,0.90334,1.60,2.10
2010.05.06 14:03:51.105,0.90316,0.90334,3.00,1.70
2010.05.06 14:03:51.455,0.90312,0.90324,1.10,2.60
2010.05.06 14:03:51.568,0.90317,0.90324,2.90,1.60
2010.05.06 14:03:51.939,0.90321,0.90324,0.71,0.68
2010.05.06 14:03:52.136,0.90317,0.90334,1.00,1.60
2010.05.06 14:03:52.581,0.9032,0.90334,1.20,1.50
2010.05.06 14:03:53.838,0.90317,0.90332,3.10,0.79
2010.05.06 14:03:54.170,0.9032,0.90334,1.80,1.70
2010.05.06 14:03:54.776,0.90321,0.90334,1.30,1.70
2010.05.06 14:03:59.469,0.9032,0.90334,0.68,1.30
2010.05.06 14:03:59.660,0.90321,0.90334,1.50,1.70
2010.05.06 14:04:00.360,0.9032,0.90334,1.40,1.30
2010.05.06 14:04:02.612,0.90321,0.90334,1.90,0.95
2010.05.06 14:04:03.523,0.90317,0.90329,1.40,1.50
2010.05.06 14:04:04.058,0.90316,0.90332,1.30,1.60
2010.05.06 14:04:04.890,0.90314,0.90329,1.60,2.20
2010.05.06 14:04:05.089,0.90313,0.90329,0.97,2.10
2010.05.06 14:04:05.264,0.90315,0.90329,1.10,1.30
2010.05.06 14:04:05.418,0.90319,0.90329,1.20,1.00
2010.05.06 14:04:05.467,0.90315,0.90329,2.10,1.00
2010.05.06 14:04:05.678,0.90316,0.90329,1.40,1.20
2010.05.06 14:04:05.790,0.90319,0.90333,1.20,1.40
2010.05.06 14:04:05.950,0.90321,0.90334,0.74,2.20
2010.05.06 14:04:06.258,0.90316,0.90324,2.00,1.70
2010.05.06 14:04:06.832,0.90314,0.90324,1.70,2.40
2010.05.06 14:04:07.152,0.90307,0.90324,2.50,1.60
2010.05.06 14:04:07.475,0.9031,0.90324,1.80,1.80
2010.05.06 14:04:07.658,0.90311,0.90324,1.60,1.90
2010.05.06 14:04:07.978,0.90314,0.90324,2.10,1.80
2010.05.06 14:04:08.188,0.90316,0.90329,1.50,2.90
2010.05.06 14:04:08.954,0.90314,0.90329,3.00,2.20
2010.05.06 14:04:09.469,0.90316,0.90329,1.70,2.60
2010.05.06 14:04:10.154,0.90312,0.90329,1.30,2.00
2010.05.06 14:04:10.639,0.90315,0.90329,1.20,1.60
2010.05.06 14:04:10.847,0.90321,0.90329,1.40,1.30
2010.05.06 14:04:11.228,0.90325,0.90334,2.70,1.90
2010.05.06 14:04:11.450,0.90326,0.90339,1.80,1.80
2010.05.06 14:04:11.947,0.90331,0.90344,1.80,1.10
2010.05.06 14:04:13.376,0.90333,0.90349,3.60,1.20
2010.05.06 14:04:16.196,0.90331,0.90349,0.83,1.60
2010.05.06 14:04:16.392,0.9033,0.90344,1.40,1.30
2010.05.06 14:04:16.748,0.90326,0.90339,0.70,1.60
2010.05.06 14:04:16.921,0.90325,0.90339,1.80,1.70
2010.05.06 14:04:19.074,0.90328,0.90339,1.80,2.50
2010.05.06 14:04:19.539,0.90329,0.90344,1.40,1.70
2010.05.06 14:04:19.828,0.90331,0.90344,0.83,1.40
2010.05.06 14:04:23.200,0.90328,0.90344,1.20,1.70
2010.05.06 14:04:24.046,0.90331,0.90344,1.50,1.20
2010.05.06 14:04:24.129,0.90328,0.90344,1.90,1.80
2010.05.06 14:04:24.297,0.90329,0.90344,2.60,1.60
2010.05.06 14:04:24.380,0.90331,0.90344,1.70,2.40
2010.05.06 14:04:24.490,0.90332,0.90348,2.20,1.00
2010.05.06 14:04:24.589,0.90334,0.90348,1.60,1.00
2010.05.06 14:04:24.637,0.90335,0.90348,1.30,1.40
2010.05.06 14:04:24.728,0.90336,0.90348,0.69,1.80
2010.05.06 14:04:24.854,0.90335,0.90348,2.00,1.60
2010.05.06 14:04:24.983,0.90336,0.90348,1.70,0.97
2010.05.06 14:04:25.088,0.9034,0.90354,1.50,2.80
2010.05.06 14:04:25.677,0.90345,0.90354,2.50,1.10
2010.05.06 14:04:26.074,0.90346,0.90354,2.30,1.10
2010.05.06 14:04:29.085,0.90348,0.90364,2.60,1.20
2010.05.06 14:04:29.912,0.90346,0.90364,0.47,1.50
2010.05.06 14:04:30.150,0.90336,0.90353,2.00,2.20
2010.05.06 14:04:30.482,0.90334,0.90349,0.69,0.79
2010.05.06 14:04:30.517,0.90335,0.90349,1.30,1.60
2010.05.06 14:04:30.856,0.90336,0.90349,0.91,2.40
2010.05.06 14:04:31.108,0.90332,0.90349,1.90,2.10
2010.05.06 14:04:31.449,0.90334,0.90349,0.92,1.90
2010.05.06 14:04:31.718,0.90336,0.90349,1.50,1.90
2010.05.06 14:04:31.879,0.90339,0.90353,1.30,0.90
2010.05.06 14:04:32.648,0.90341,0.90353,1.60,3.40
2010.05.06 14:04:33.480,0.90334,0.90349,1.70,1.50
2010.05.06 14:04:35.462,0.90335,0.90349,0.52,1.60
2010.05.06 14:04:35.816,0.90336,0.90349,1.40,1.10
2010.05.06 14:04:36.022,0.90335,0.90349,1.30,1.20
2010.05.06 14:04:36.243,0.90336,0.90349,2.30,0.95
2010.05.06 14:04:36.433,0.90352,0.90353,1.50,1.70
2010.05.06 14:04:36.746,0.90353,0.90353,1.50,1.80
2010.05.06 14:04:36.925,0.90357,0.90354,1.10,1.30
2010.05.06 14:04:37.092,0.90356,0.90374,1.10,1.10
2010.05.06 14:04:37.401,0.90354,0.90368,1.70,1.20
2010.05.06 14:04:37.504,0.90349,0.90359,1.30,1.20
2010.05.06 14:04:37.754,0.90346,0.90359,1.30,2.20
2010.05.06 14:04:38.627,0.90341,0.90359,1.30,1.20
2010.05.06 14:04:39.008,0.90346,0.90359,1.20,1.70
2010.05.06 14:04:39.231,0.9035,0.90359,0.97,1.20
2010.05.06 14:04:39.346,0.90356,0.90359,1.30,1.50
2010.05.06 14:04:39.653,0.90354,0.90364,1.10,1.00
2010.05.06 14:04:39.711,0.90346,0.9036,1.50,2.30
2010.05.06 14:04:39.888,0.90352,0.90363,3.00,1.50
2010.05.06 14:04:40.054,0.90358,0.90364,1.80,1.20
2010.05.06 14:04:40.269,0.90361,0.90364,1.10,1.60
2010.05.06 14:04:40.409,0.90358,0.90364,1.40,2.50
2010.05.06 14:04:40.631,0.90361,0.90372,1.80,1.20
2010.05.06 14:04:40.697,0.90365,0.90372,1.90,1.10
2010.05.06 14:04:40.902,0.90366,0.90379,2.80,1.80
2010.05.06 14:04:41.216,0.9037,0.90384,1.90,1.40
2010.05.06 14:04:41.671,0.90371,0.90384,0.87,1.70
2010.05.06 14:04:42.271,0.90367,0.90383,0.73,2.10
2010.05.06 14:04:42.895,0.90366,0.90383,2.30,1.50
2010.05.06 14:04:43.765,0.90363,0.90378,1.60,3.20
2010.05.06 14:04:44.161,0.90365,0.90378,0.87,1.40
2010.05.06 14:04:44.357,0.9037,0.90378,0.77,2.10
2010.05.06 14:04:44.461,0.90394,0.9039,1.40,2.90
2010.05.06 14:04:44.666,0.90395,0.90407,1.10,1.70
2010.05.06 14:04:44.810,0.90396,0.90407,1.20,1.50
2010.05.06 14:04:45.222,0.90399,0.90407,0.47,0.81
2010.05.06 14:04:45.415,0.904,0.90407,2.80,1.20
2010.05.06 14:04:45.804,0.90401,0.90414,1.00,1.50
2010.05.06 14:04:47.446,0.90396,0.90413,1.20,1.30
2010.05.06 14:04:48.205,0.90391,0.90408,2.10,2.50
2010.05.06 14:04:48.329,0.90395,0.90407,1.30,1.30
2010.05.06 14:04:48.716,0.90396,0.90407,1.40,2.10
2010.05.06 14:04:48.827,0.90391,0.90408,1.10,0.92
2010.05.06 14:04:49.131,0.90386,0.90404,1.20,1.70
2010.05.06 14:04:50.849,0.90376,0.90394,0.78,2.10
2010.05.06 14:04:51.191,0.9038,0.90394,1.40,2.10
2010.05.06 14:04:51.664,0.90381,0.90394,1.00,2.20
2010.05.06 14:04:52.129,0.90385,0.90396,1.40,2.70
2010.05.06 14:04:52.430,0.90386,0.90396,1.30,2.50
2010.05.06 14:04:52.615,0.9039,0.90399,1.10,1.10
2010.05.06 14:04:52.928,0.90391,0.90399,2.50,0.82
2010.05.06 14:04:53.199,0.90386,0.90404,1.10,1.30
2010.05.06 14:04:53.328,0.90389,0.90404,1.20,1.70
2010.05.06 14:04:53.672,0.90395,0.90404,1.00,1.90
2010.05.06 14:04:53.869,0.90396,0.90404,1.50,2.10
2010.05.06 14:04:55.490,0.90391,0.90404,1.90,1.60
2010.05.06 14:04:56.049,0.90395,0.90406,2.20,2.50
2010.05.06 14:04:56.328,0.90396,0.90409,1.90,1.20
2010.05.06 14:04:56.737,0.904,0.90413,1.30,1.10
2010.05.06 14:04:56.889,0.90401,0.90413,1.40,3.00
2010.05.06 14:04:57.214,0.90399,0.90414,1.00,1.50
2010.05.06 14:04:57.326,0.90401,0.90414,2.10,1.20
2010.05.06 14:04:57.537,0.90405,0.90414,0.93,1.60
2010.05.06 14:04:57.817,0.90406,0.90414,1.20,2.30
2010.05.06 14:04:58.483,0.90407,0.90418,1.50,1.20
2010.05.06 14:04:59.027,0.9041,0.90418,1.30,1.60
2010.05.06 14:04:59.795,0.90411,0.90418,1.10,1.10
2010.05.06 14:05:00.008,0.90418,0.90426,1.60,2.40
2010.05.06 14:05:00.279,0.9042,0.90428,1.10,1.80
2010.05.06 14:05:00.610,0.90426,0.90437,1.30,1.30
2010.05.06 14:05:00.998,0.90424,0.90439,1.00,1.90
2010.05.06 14:05:01.046,0.90418,0.90434,2.00,1.10
2010.05.06 14:05:01.158,0.90417,0.90434,1.40,0.71
2010.05.06 14:05:01.244,0.90416,0.90434,1.20,1.30
2010.05.06 14:05:01.355,0.90414,0.90429,1.20,1.30
2010.05.06 14:05:01.481,0.90411,0.90427,1.40,1.10
2010.05.06 14:05:01.502,0.90409,0.90419,1.70,1.20
2010.05.06 14:05:01.610,0.90406,0.90419,1.00,1.60
2010.05.06 14:05:01.761,0.90404,0.90419,0.93,2.90
2010.05.06 14:05:01.883,0.90405,0.90419,1.10,1.10
2010.05.06 14:05:01.907,0.90406,0.90419,1.80,1.20
2010.05.06 14:05:02.002,0.90407,0.90422,1.80,1.30
2010.05.06 14:05:02.662,0.90408,0.90422,1.40,0.93
2010.05.06 14:05:02.878,0.90407,0.90424,1.70,1.40
2010.05.06 14:05:03.437,0.90406,0.90424,2.00,1.80
2010.05.06 14:05:03.676,0.90402,0.90414,1.30,1.00
2010.05.06 14:05:04.065,0.90401,0.90419,1.30,1.30
2010.05.06 14:05:04.231,0.90404,0.90419,0.91,0.85
2010.05.06 14:05:04.505,0.90405,0.90419,1.00,4.00
2010.05.06 14:05:04.681,0.90404,0.90419,1.30,1.20
2010.05.06 14:05:04.990,0.90406,0.90419,1.40,1.30
2010.05.06 14:05:05.006,0.90402,0.90419,4.80,1.20
2010.05.06 14:05:05.228,0.90405,0.90419,1.70,1.30
2010.05.06 14:05:05.421,0.90406,0.90419,2.10,1.40
2010.05.06 14:05:05.527,0.90402,0.90419,1.60,1.60
2010.05.06 14:05:05.670,0.90401,0.90417,1.20,1.10
2010.05.06 14:05:05.730,0.90402,0.90418,0.99,1.60
2010.05.06 14:05:05.992,0.90405,0.90418,2.50,1.40
2010.05.06 14:05:06.053,0.90406,0.90418,1.00,3.60
2010.05.06 14:05:06.244,0.90401,0.90419,0.98,1.00
2010.05.06 14:05:06.501,0.90397,0.90414,1.20,1.80
2010.05.06 14:05:06.706,0.90396,0.90411,0.73,0.94
2010.05.06 14:05:06.931,0.90392,0.90404,0.99,1.10
2010.05.06 14:05:07.004,0.90389,0.90404,1.30,1.50
2010.05.06 14:05:07.194,0.90387,0.90404,1.80,2.30
2010.05.06 14:05:07.244,0.90386,0.904,2.50,1.10
2010.05.06 14:05:07.359,0.90385,0.90399,0.95,1.40
2010.05.06 14:05:07.485,0.90381,0.90399,1.40,1.60
2010.05.06 14:05:07.569,0.90385,0.90399,1.30,1.10
2010.05.06 14:05:07.696,0.9039,0.90399,2.60,3.20
2010.05.06 14:05:07.704,0.90391,0.90399,1.20,0.99
2010.05.06 14:05:07.828,0.90387,0.90404,1.90,0.91
2010.05.06 14:05:07.994,0.90386,0.90404,0.79,1.90
2010.05.06 14:05:09.328,0.90384,0.90397,2.10,1.30
2010.05.06 14:05:09.869,0.90377,0.90392,2.00,0.73
2010.05.06 14:05:10.142,0.90376,0.9039,0.94,1.20
2010.05.06 14:05:10.851,0.90372,0.90388,0.78,1.20
2010.05.06 14:05:11.057,0.90371,0.90385,2.50,1.20
2010.05.06 14:05:11.324,0.9037,0.90384,1.30,2.90
2010.05.06 14:05:11.544,0.90375,0.90384,1.80,2.30
2010.05.06 14:05:11.612,0.90376,0.90384,1.90,1.50
2010.05.06 14:05:11.906,0.90374,0.90384,2.20,2.00
2010.05.06 14:05:12.264,0.9037,0.90379,1.40,1.40
2010.05.06 14:05:12.601,0.90371,0.90379,1.40,1.50
2010.05.06 14:05:13.091,0.90372,0.90387,1.00,1.60
2010.05.06 14:05:14.208,0.90371,0.90383,1.70,1.30
2010.05.06 14:05:14.381,0.90369,0.90384,1.30,1.50
2010.05.06 14:05:14.931,0.90366,0.90384,1.30,1.80
2010.05.06 14:05:15.145,0.90359,0.90374,1.30,1.00
2010.05.06 14:05:15.259,0.90365,0.90374,1.60,2.30
2010.05.06 14:05:15.426,0.90366,0.90374,0.72,0.93
2010.05.06 14:05:15.518,0.90364,0.90379,2.00,2.20
2010.05.06 14:05:15.778,0.90365,0.90379,0.75,0.61
2010.05.06 14:05:15.834,0.90366,0.90379,0.85,0.88
2010.05.06 14:05:16.128,0.90364,0.90379,2.20,2.10
2010.05.06 14:05:16.662,0.90365,0.90379,1.30,2.80
2010.05.06 14:05:16.681,0.90366,0.90379,1.20,0.92
2010.05.06 14:05:18.302,0.90363,0.90379,1.30,1.20
2010.05.06 14:05:18.910,0.90366,0.90379,1.00,2.20
2010.05.06 14:05:20.125,0.90364,0.90379,1.60,0.84
2010.05.06 14:05:20.166,0.90362,0.90374,0.79,1.70
2010.05.06 14:05:20.466,0.90364,0.90374,1.50,1.20
2010.05.06 14:05:20.644,0.90362,0.9037,0.99,1.10
2010.05.06 14:05:20.699,0.90361,0.9037,1.40,1.30
2010.05.06 14:05:20.908,0.90356,0.90369,1.60,1.80
2010.05.06 14:05:21.790,0.90354,0.90369,1.90,0.90
2010.05.06 14:05:22.174,0.90351,0.90368,1.40,1.30
2010.05.06 14:05:22.972,0.90353,0.90368,1.10,1.80
2010.05.06 14:05:23.344,0.90351,0.9036,1.10,3.00
2010.05.06 14:05:24.065,0.90347,0.90358,1.30,0.78
2010.05.06 14:05:24.193,0.9035,0.90356,1.60,1.20
2010.05.06 14:05:24.382,0.90351,0.90356,1.10,0.66
2010.05.06 14:05:24.538,0.90347,0.90364,0.72,0.88
2010.05.06 14:05:24.579,0.90346,0.90356,0.49,1.70
2010.05.06 14:05:24.737,0.9035,0.90358,1.60,1.20
2010.05.06 14:05:24.919,0.90351,0.90358,1.90,1.40
2010.05.06 14:05:25.517,0.90347,0.90364,1.20,0.84
2010.05.06 14:05:26.045,0.90348,0.90356,0.57,3.10
2010.05.06 14:05:26.186,0.90351,0.90356,1.60,0.99
2010.05.06 14:05:26.458,0.90356,0.90364,1.20,0.95
2010.05.06 14:05:26.601,0.90354,0.90364,2.30,0.57
2010.05.06 14:05:26.714,0.90356,0.90364,1.40,2.90
2010.05.06 14:05:26.865,0.90349,0.90364,2.30,0.84
2010.05.06 14:05:27.198,0.90346,0.90358,0.98,1.90
2010.05.06 14:05:27.347,0.9035,0.90358,1.80,0.71
2010.05.06 14:05:27.483,0.90351,0.90358,0.85,0.97
2010.05.06 14:05:27.603,0.90356,0.90364,1.00,2.00
2010.05.06 14:05:27.891,0.90351,0.90368,2.10,3.30
2010.05.06 14:05:28.288,0.90355,0.90369,0.95,2.70
2010.05.06 14:05:29.987,0.90356,0.90369,0.78,0.80
2010.05.06 14:05:31.299,0.90358,0.90374,2.00,1.50
2010.05.06 14:05:31.785,0.90365,0.90374,1.50,1.30
2010.05.06 14:05:32.205,0.90366,0.90374,2.10,1.40
2010.05.06 14:05:32.496,0.90364,0.90379,1.50,3.00
2010.05.06 14:05:32.517,0.90361,0.90379,1.90,0.73
2010.05.06 14:05:32.902,0.90362,0.90379,1.80,2.30
2010.05.06 14:05:35.957,0.90361,0.90377,1.40,1.10
2010.05.06 14:05:36.978,0.90362,0.90378,3.50,2.10
2010.05.06 14:05:37.302,0.90361,0.90378,3.70,2.30
2010.05.06 14:05:37.779,0.90365,0.90378,1.50,1.60
2010.05.06 14:05:38.159,0.90361,0.90378,3.20,2.30
2010.05.06 14:05:38.358,0.90363,0.90378,2.30,1.20
2010.05.06 14:05:38.588,0.90365,0.90378,1.50,1.50
2010.05.06 14:05:38.971,0.90367,0.90379,2.40,1.50
2010.05.06 14:05:39.082,0.90363,0.90379,1.60,1.20
2010.05.06 14:05:39.193,0.90367,0.90379,0.95,1.80
2010.05.06 14:05:39.407,0.90363,0.90379,0.86,1.30
2010.05.06 14:05:39.506,0.90365,0.90379,1.30,0.49
2010.05.06 14:05:39.693,0.90366,0.90379,1.90,1.00
2010.05.06 14:05:39.930,0.90367,0.90379,2.10,1.60
2010.05.06 14:05:40.138,0.90368,0.90384,2.00,1.00
2010.05.06 14:05:40.789,0.90369,0.90384,1.30,1.90
2010.05.06 14:05:41.102,0.9037,0.90384,1.00,1.80
2010.05.06 14:05:41.172,0.90375,0.90384,2.10,2.80
2010.05.06 14:05:41.362,0.9037,0.90384,2.60,2.00
2010.05.06 14:05:41.556,0.90376,0.90384,0.91,1.60
2010.05.06 14:05:41.616,0.9038,0.90384,1.30,1.20
2010.05.06 14:05:41.821,0.90381,0.90389,1.40,1.70
2010.05.06 14:05:41.997,0.90377,0.90394,2.00,1.40
2010.05.06 14:05:42.019,0.90376,0.90394,0.97,2.00
2010.05.06 14:05:42.687,0.90372,0.90384,1.50,0.98
2010.05.06 14:05:43.023,0.90373,0.90388,0.97,1.30
2010.05.06 14:05:43.302,0.90375,0.90388,1.00,2.50
2010.05.06 14:05:43.415,0.90376,0.90388,2.80,2.10
2010.05.06 14:05:43.652,0.9038,0.90391,2.10,2.50
2010.05.06 14:05:43.876,0.90381,0.90392,1.40,1.60
2010.05.06 14:05:44.071,0.90382,0.90398,1.80,1.10
2010.05.06 14:05:44.478,0.90384,0.90399,1.50,0.94
2010.05.06 14:05:44.548,0.90386,0.90398,0.90,1.80
2010.05.06 14:05:44.855,0.90388,0.90403,2.60,0.79
2010.05.06 14:05:45.215,0.9039,0.90404,2.20,0.81
2010.05.06 14:05:45.497,0.90392,0.90404,2.70,1.90
2010.05.06 14:05:45.819,0.90394,0.90404,0.94,2.10
2010.05.06 14:05:46.031,0.90392,0.90404,1.70,0.89
2010.05.06 14:05:46.240,0.90396,0.90404,0.76,1.20
2010.05.06 14:05:46.512,0.90399,0.90412,0.95,1.60
2010.05.06 14:05:46.647,0.90401,0.90414,1.20,1.00
2010.05.06 14:05:46.827,0.90404,0.90418,2.40,2.60
2010.05.06 14:05:47.366,0.90406,0.90418,0.89,1.70
2010.05.06 14:05:47.895,0.90401,0.90419,1.30,1.50
2010.05.06 14:05:49.171,0.90402,0.90419,1.10,1.20
2010.05.06 14:05:49.499,0.90404,0.90419,1.80,2.10
2010.05.06 14:05:49.681,0.90406,0.90419,0.98,1.70
2010.05.06 14:05:51.285,0.90396,0.90405,1.20,1.40
2010.05.06 14:05:51.892,0.90386,0.904,1.50,2.10
2010.05.06 14:05:52.376,0.90387,0.90404,2.30,1.30
2010.05.06 14:05:52.620,0.90386,0.90404,2.20,1.70
2010.05.06 14:05:53.129,0.90387,0.90404,0.93,1.60
2010.05.06 14:05:53.382,0.90393,0.90404,1.10,2.10
2010.05.06 14:05:53.469,0.90396,0.90404,1.30,1.50
2010.05.06 14:05:53.704,0.90393,0.90404,0.95,1.40
2010.05.06 14:05:53.982,0.90391,0.90404,1.00,2.80
2010.05.06 14:05:54.017,0.90386,0.90399,0.93,1.60
2010.05.06 14:05:54.426,0.90385,0.90399,2.20,1.80
2010.05.06 14:05:54.608,0.90384,0.90399,2.70,0.76
2010.05.06 14:05:54.868,0.90383,0.90399,1.00,2.70
2010.05.06 14:05:55.293,0.90382,0.90399,0.74,1.40
2010.05.06 14:05:55.462,0.90383,0.90399,1.10,1.10
2010.05.06 14:05:55.965,0.90384,0.90399,1.30,1.20
2010.05.06 14:05:56.030,0.90386,0.90399,0.97,1.70
2010.05.06 14:05:56.306,0.90371,0.90384,2.50,1.40
2010.05.06 14:05:56.455,0.9037,0.90382,1.50,2.10
2010.05.06 14:05:56.788,0.90369,0.90382,1.00,1.30
2010.05.06 14:05:56.893,0.90368,0.90377,0.99,1.50
2010.05.06 14:05:57.114,0.90369,0.9038,4.20,1.60
2010.05.06 14:05:57.790,0.90371,0.9038,0.97,1.30
2010.05.06 14:05:58.143,0.90366,0.90377,1.10,1.10
2010.05.06 14:05:58.355,0.90364,0.90377,2.10,1.30
2010.05.06 14:05:58.542,0.90363,0.90378,1.70,0.77
2010.05.06 14:05:58.631,0.90364,0.90378,4.20,1.20
2010.05.06 14:05:58.918,0.90366,0.90378,1.30,1.10
2010.05.06 14:05:59.262,0.90364,0.90374,1.20,1.50
2010.05.06 14:05:59.517,0.90362,0.90374,0.99,1.80
2010.05.06 14:05:59.820,0.90356,0.90374,2.10,0.80
2010.05.06 14:06:00.037,0.90355,0.90369,0.79,0.93
2010.05.06 14:06:00.612,0.90353,0.90369,0.74,1.10
2010.05.06 14:06:00.900,0.90354,0.90369,1.20,1.80
2010.05.06 14:06:01.011,0.90353,0.90369,1.30,1.90
2010.05.06 14:06:01.215,0.90356,0.90369,0.86,2.10
2010.05.06 14:06:01.481,0.90353,0.90369,1.80,2.00
2010.05.06 14:06:01.653,0.90354,0.90369,1.40,1.40
2010.05.06 14:06:01.936,0.90356,0.90369,1.70,1.90
2010.05.06 14:06:04.782,0.90352,0.90362,1.60,2.20
2010.05.06 14:06:06.300,0.90351,0.90362,1.90,1.30
2010.05.06 14:06:06.808,0.90346,0.9036,1.20,1.70
2010.05.06 14:06:08.293,0.90345,0.90359,1.10,1.40
2010.05.06 14:06:09.105,0.90344,0.90358,1.20,0.85
2010.05.06 14:06:10.626,0.90345,0.90359,0.68,0.67
2010.05.06 14:06:11.185,0.9035,0.90359,1.30,1.50
2010.05.06 14:06:11.299,0.90352,0.90359,1.00,1.50
2010.05.06 14:06:11.625,0.90354,0.90369,1.80,2.50
2010.05.06 14:06:11.977,0.90356,0.90369,0.93,1.30
2010.05.06 14:06:12.052,0.90354,0.90369,0.85,1.50
2010.05.06 14:06:12.206,0.90356,0.90369,0.90,1.40
2010.05.06 14:06:12.431,0.90357,0.90369,1.60,0.78
2010.05.06 14:06:12.556,0.90359,0.90374,1.50,1.20
2010.05.06 14:06:12.748,0.90364,0.90374,1.40,2.00
2010.05.06 14:06:12.973,0.90366,0.90374,2.80,1.00
2010.05.06 14:06:13.205,0.90364,0.90379,2.60,1.50
2010.05.06 14:06:13.839,0.90361,0.90379,1.80,1.50
2010.05.06 14:06:14.275,0.9036,0.90374,2.10,2.20
2010.05.06 14:06:14.538,0.90358,0.90374,1.40,1.00
2010.05.06 14:06:14.843,0.90351,0.90369,0.82,2.30
2010.05.06 14:06:15.185,0.90353,0.90369,2.40,3.30
2010.05.06 14:06:15.548,0.90354,0.90369,1.10,1.10
2010.05.06 14:06:15.992,0.90356,0.90369,1.40,1.20
2010.05.06 14:06:16.246,0.90362,0.90373,0.86,0.77
2010.05.06 14:06:16.375,0.90356,0.90374,2.70,1.20
2010.05.06 14:06:16.752,0.9036,0.90374,2.30,2.10
2010.05.06 14:06:17.066,0.90361,0.90374,1.50,1.20
2010.05.06 14:06:17.226,0.90362,0.90377,2.60,1.60
2010.05.06 14:06:17.580,0.90363,0.90374,1.30,1.10
2010.05.06 14:06:17.618,0.90364,0.90379,1.90,3.30
2010.05.06 14:06:17.881,0.90366,0.90379,1.30,0.88
2010.05.06 14:06:19.055,0.90369,0.90383,2.00,1.60
2010.05.06 14:06:19.642,0.90371,0.90383,2.10,1.30
2010.05.06 14:06:20.493,0.90369,0.90383,1.70,1.10
2010.05.06 14:06:20.729,0.90366,0.90384,1.20,1.40
2010.05.06 14:06:21.206,0.90356,0.90372,1.20,0.92
2010.05.06 14:06:21.868,0.90357,0.90372,0.78,1.30
2010.05.06 14:06:22.849,0.90354,0.90367,1.10,1.20
2010.05.06 14:06:23.453,0.90352,0.90368,2.40,1.30
2010.05.06 14:06:23.867,0.90351,0.90369,2.00,0.93
2010.05.06 14:06:24.012,0.9035,0.90364,2.10,1.10
2010.05.06 14:06:24.791,0.90351,0.90364,2.70,1.40
2010.05.06 14:06:25.989,0.90347,0.90364,1.20,1.50
2010.05.06 14:06:26.186,0.90346,0.90364,1.30,1.80
2010.05.06 14:06:26.383,0.90344,0.90354,1.30,1.30
2010.05.06 14:06:26.684,0.90338,0.90352,1.70,2.00
2010.05.06 14:06:26.930,0.90336,0.90352,2.00,1.30
2010.05.06 14:06:28.497,0.90339,0.90354,1.10,1.10
2010.05.06 14:06:28.697,0.90341,0.90354,1.90,0.41
2010.05.06 14:06:30.148,0.90337,0.9035,1.50,2.80
2010.05.06 14:06:30.372,0.90336,0.90346,1.70,1.40
2010.05.06 14:06:30.687,0.90334,0.90339,0.98,1.30
2010.05.06 14:06:30.916,0.90329,0.90339,1.40,0.74
2010.05.06 14:06:31.041,0.90326,0.90339,1.10,0.75
2010.05.06 14:06:31.441,0.90322,0.90337,1.60,0.95
2010.05.06 14:06:31.725,0.90323,0.90339,2.40,4.00
2010.05.06 14:06:31.867,0.90326,0.90339,1.40,1.50
2010.05.06 14:06:32.128,0.90322,0.90338,1.60,1.00
2010.05.06 14:06:33.483,0.90326,0.90339,1.20,0.97
2010.05.06 14:06:34.797,0.90322,0.90338,1.20,1.10
2010.05.06 14:06:35.802,0.90321,0.90338,1.60,2.60
2010.05.06 14:06:37.822,0.90314,0.90329,1.30,2.00
2010.05.06 14:06:38.059,0.90311,0.90329,3.20,1.80
2010.05.06 14:06:38.246,0.90309,0.90322,1.20,1.50
2010.05.06 14:06:38.538,0.90307,0.90322,1.60,1.40
2010.05.06 14:06:38.790,0.90306,0.90322,1.20,2.30
2010.05.06 14:06:38.993,0.90305,0.90317,1.50,2.10
2010.05.06 14:06:41.088,0.90303,0.90318,3.40,2.50
2010.05.06 14:06:41.502,0.90304,0.90319,1.00,1.20
2010.05.06 14:06:41.988,0.90306,0.90319,1.00,1.50
2010.05.06 14:06:42.774,0.90301,0.90318,1.70,1.70
2010.05.06 14:06:43.111,0.90293,0.90309,1.20,1.70
2010.05.06 14:06:43.211,0.90294,0.90309,1.90,0.79
2010.05.06 14:06:43.551,0.90295,0.90309,1.20,1.70
2010.05.06 14:06:43.783,0.90297,0.90309,1.10,2.40
2010.05.06 14:06:43.950,0.90301,0.90309,2.00,1.30
2010.05.06 14:06:44.029,0.90297,0.90308,1.40,1.40
2010.05.06 14:06:44.558,0.90296,0.90308,1.70,0.98
2010.05.06 14:06:44.885,0.90301,0.90309,1.60,1.40
2010.05.06 14:06:47.215,0.90298,0.90308,1.50,0.76
2010.05.06 14:06:47.331,0.90296,0.90308,1.50,1.80
2010.05.06 14:06:47.729,0.90294,0.90303,1.60,1.30
2010.05.06 14:06:47.856,0.90286,0.90303,1.50,1.70
2010.05.06 14:06:48.672,0.90284,0.90298,1.20,1.90
2010.05.06 14:06:49.050,0.90286,0.90299,0.89,1.70
2010.05.06 14:06:52.224,0.90283,0.90296,1.10,1.70
2010.05.06 14:06:52.433,0.90281,0.90296,1.40,0.97
2010.05.06 14:06:52.607,0.90279,0.90289,1.70,1.20
2010.05.06 14:06:52.793,0.90278,0.90292,1.80,2.00
2010.05.06 14:06:53.150,0.90284,0.90294,1.60,1.10
2010.05.06 14:06:53.374,0.90286,0.90294,0.81,2.10
2010.05.06 14:06:53.521,0.90284,0.90297,0.99,1.80
2010.05.06 14:06:53.793,0.90286,0.90299,1.40,1.90
2010.05.06 14:06:53.943,0.90284,0.90297,1.50,1.50
2010.05.06 14:06:55.502,0.90286,0.90299,1.90,2.30
2010.05.06 14:06:56.002,0.90284,0.90297,1.10,3.50
2010.05.06 14:06:57.396,0.90282,0.90297,1.10,1.10
2010.05.06 14:06:57.531,0.90281,0.90296,1.20,1.00
2010.05.06 14:06:58.096,0.90278,0.90289,2.00,1.10
2010.05.06 14:06:58.775,0.90281,0.90289,1.30,1.90
2010.05.06 14:06:59.935,0.90283,0.90296,2.10,0.94
2010.05.06 14:07:02.335,0.90284,0.90297,2.40,0.86
2010.05.06 14:07:02.872,0.90286,0.90299,2.20,1.50
2010.05.06 14:07:03.908,0.90284,0.90297,1.30,1.70
2010.05.06 14:07:04.151,0.90283,0.90297,0.97,2.50
2010.05.06 14:07:05.920,0.90284,0.90297,1.20,2.20
2010.05.06 14:07:09.185,0.90285,0.90299,0.98,1.70
2010.05.06 14:07:09.380,0.90286,0.90299,1.00,0.72
2010.05.06 14:07:09.583,0.90288,0.90304,2.50,2.10
2010.05.06 14:07:09.925,0.9029,0.90304,1.20,0.78
2010.05.06 14:07:10.472,0.90291,0.90304,1.40,2.70
2010.05.06 14:07:12.490,0.9029,0.90304,2.40,1.50
2010.05.06 14:07:12.897,0.90289,0.90303,2.50,2.00
2010.05.06 14:07:13.197,0.90286,0.90302,0.65,2.10
2010.05.06 14:07:14.075,0.90284,0.90299,2.10,0.56
2010.05.06 14:07:14.984,0.90286,0.90299,2.40,1.00
2010.05.06 14:07:15.461,0.90289,0.90303,1.60,0.99
2010.05.06 14:07:16.024,0.90287,0.90301,1.70,1.10
2010.05.06 14:07:17.402,0.90284,0.90299,1.40,2.90
2010.05.06 14:07:19.065,0.90286,0.90299,1.50,1.80
2010.05.06 14:07:19.257,0.90289,0.90299,1.70,2.40
2010.05.06 14:07:19.438,0.90291,0.90304,2.20,2.20
2010.05.06 14:07:19.621,0.90289,0.90304,2.70,2.50
2010.05.06 14:07:19.903,0.90291,0.90304,1.70,1.80
2010.05.06 14:07:23.551,0.90289,0.90304,1.40,1.30
2010.05.06 14:07:25.492,0.90286,0.90304,1.90,0.85
2010.05.06 14:07:25.880,0.90285,0.90298,0.98,2.30
2010.05.06 14:07:27.572,0.90283,0.90297,2.00,1.10
2010.05.06 14:07:28.558,0.90284,0.90297,1.60,1.90
2010.05.06 14:07:37.987,0.90285,0.90298,0.76,2.70
2010.05.06 14:07:40.829,0.90284,0.90298,2.00,0.87
2010.05.06 14:07:42.252,0.90283,0.90298,2.70,1.30
2010.05.06 14:07:44.852,0.90284,0.90298,1.30,1.80
2010.05.06 14:07:45.127,0.90281,0.90284,1.30,2.00
2010.05.06 14:07:45.480,0.90277,0.90279,1.20,2.00
2010.05.06 14:07:45.537,0.90275,0.90279,2.70,0.93
2010.05.06 14:07:45.953,0.90267,0.90279,0.84,1.10
2010.05.06 14:07:46.301,0.90266,0.90276,1.90,2.30
2010.05.06 14:07:50.721,0.90263,0.90277,1.20,1.20
2010.05.06 14:07:52.006,0.90261,0.90277,1.60,1.70
2010.05.06 14:07:52.274,0.9026,0.90274,1.30,1.10
2010.05.06 14:07:52.520,0.90259,0.90272,1.00,1.60
2010.05.06 14:07:52.832,0.90257,0.90272,1.60,1.80
2010.05.06 14:07:54.059,0.90256,0.90272,3.20,1.80
2010.05.06 14:07:55.205,0.90257,0.90272,0.61,1.50
2010.05.06 14:07:56.453,0.90256,0.90272,1.10,0.86
2010.05.06 14:07:56.831,0.90255,0.90267,0.76,0.96
2010.05.06 14:07:57.834,0.90257,0.90269,1.10,1.10
2010.05.06 14:07:58.099,0.90258,0.90272,0.88,2.30
2010.05.06 14:07:58.288,0.90262,0.90272,1.60,2.20
2010.05.06 14:07:58.512,0.90261,0.90272,1.30,1.90
2010.05.06 14:07:58.984,0.90258,0.90272,1.00,1.00
2010.05.06 14:07:59.067,0.90259,0.90272,1.80,2.10
2010.05.06 14:07:59.431,0.90263,0.90274,1.10,2.10
2010.05.06 14:07:59.504,0.90264,0.90277,2.00,0.58
2010.05.06 14:07:59.811,0.90263,0.90277,1.60,0.87
2010.05.06 14:08:01.654,0.90261,0.90277,1.60,1.50
2010.05.06 14:08:03.228,0.90257,0.90272,1.20,1.90
2010.05.06 14:08:04.170,0.90261,0.90274,1.70,1.40
2010.05.06 14:08:04.524,0.90258,0.90259,1.30,1.90
2010.05.06 14:08:04.816,0.90256,0.90259,0.93,1.50
2010.05.06 14:08:05.191,0.90246,0.90257,0.80,1.90
2010.05.06 14:08:06.350,0.9025,0.90264,2.70,1.60
2010.05.06 14:08:06.550,0.90251,0.90267,1.30,2.40
2010.05.06 14:08:08.983,0.90248,0.90262,1.70,1.90
2010.05.06 14:08:10.456,0.90246,0.90257,1.80,2.80
2010.05.06 14:08:10.504,0.90243,0.90257,1.50,2.00
2010.05.06 14:08:11.343,0.90248,0.90252,2.80,0.91
2010.05.06 14:08:11.621,0.90247,0.90262,1.30,2.00
2010.05.06 14:08:12.133,0.90246,0.90262,0.73,1.50
2010.05.06 14:08:12.319,0.90247,0.90262,1.50,1.20
2010.05.06 14:08:12.677,0.90251,0.90262,1.70,1.60
2010.05.06 14:08:12.910,0.90246,0.90262,1.20,0.97
2010.05.06 14:08:13.016,0.90251,0.90264,1.60,1.10
2010.05.06 14:08:14.464,0.90252,0.90267,1.60,0.88
2010.05.06 14:08:15.798,0.90251,0.90267,1.70,2.10
2010.05.06 14:08:16.054,0.9025,0.90262,0.73,2.00
2010.05.06 14:08:16.646,0.90247,0.90258,2.00,1.10
2010.05.06 14:08:16.957,0.90243,0.90257,1.50,3.00
2010.05.06 14:08:18.934,0.90241,0.90253,2.50,2.10
2010.05.06 14:08:20.126,0.90243,0.90258,2.70,0.69
2010.05.06 14:08:20.546,0.90241,0.90254,0.76,0.84
2010.05.06 14:08:21.135,0.90238,0.90253,1.40,2.20
2010.05.06 14:08:21.311,0.90236,0.90248,1.10,0.88
2010.05.06 14:08:21.707,0.90234,0.90248,0.85,1.00
2010.05.06 14:08:21.961,0.90236,0.90247,1.20,1.60
2010.05.06 14:08:23.227,0.90231,0.90247,1.60,1.20
2010.05.06 14:08:23.322,0.90229,0.90242,1.10,0.99
2010.05.06 14:08:23.730,0.90228,0.90242,1.90,1.40
2010.05.06 14:08:23.975,0.90226,0.90241,0.69,2.50
2010.05.06 14:08:26.077,0.90228,0.90243,1.60,1.00
2010.05.06 14:08:26.722,0.90231,0.90243,2.20,1.00
2010.05.06 14:08:28.228,0.90233,0.90248,1.40,1.10
2010.05.06 14:08:30.179,0.90231,0.90248,0.71,2.20
2010.05.06 14:08:32.669,0.90233,0.90248,1.50,2.00
2010.05.06 14:08:33.951,0.90232,0.90248,1.30,2.10
2010.05.06 14:08:42.084,0.90231,0.90248,0.98,0.55
2010.05.06 14:08:42.342,0.9023,0.90243,1.40,1.50
2010.05.06 14:08:42.601,0.90228,0.90243,1.20,0.86
2010.05.06 14:08:42.887,0.90231,0.90244,1.70,1.70
2010.05.06 14:08:45.671,0.90226,0.90243,0.95,0.83
2010.05.06 14:08:46.070,0.90227,0.90243,0.88,0.99
2010.05.06 14:08:46.599,0.9023,0.90243,1.70,0.99
2010.05.06 14:08:46.894,0.90233,0.90243,0.92,1.40
2010.05.06 14:08:47.092,0.90235,0.90244,1.80,1.00
2010.05.06 14:08:47.439,0.90236,0.90244,1.60,1.50
2010.05.06 14:08:47.813,0.90235,0.90244,2.20,1.30
2010.05.06 14:08:48.253,0.90236,0.90249,1.90,1.10
2010.05.06 14:08:48.343,0.90238,0.90253,1.50,1.50
2010.05.06 14:08:48.822,0.90241,0.90254,1.70,2.40
2010.05.06 14:08:49.017,0.90238,0.90253,1.60,2.80
2010.05.06 14:08:49.223,0.90237,0.90251,1.20,2.30
2010.05.06 14:08:49.327,0.90231,0.90243,2.20,1.10
2010.05.06 14:08:49.526,0.90233,0.90243,1.80,1.00
2010.05.06 14:08:49.707,0.90235,0.90243,1.60,0.92
2010.05.06 14:08:49.840,0.90236,0.90244,1.40,1.80
2010.05.06 14:08:49.869,0.90235,0.90248,1.40,0.62
2010.05.06 14:08:50.433,0.90236,0.90249,1.60,1.20
2010.05.06 14:08:51.483,0.90235,0.90248,1.90,0.89
2010.05.06 14:08:51.696,0.90234,0.90248,1.40,1.70
2010.05.06 14:08:53.032,0.90235,0.90248,1.20,0.55
2010.05.06 14:08:53.339,0.90236,0.90249,1.10,1.90
2010.05.06 14:08:53.706,0.90235,0.90248,1.20,2.00
2010.05.06 14:08:53.877,0.90231,0.90248,0.56,1.50
2010.05.06 14:08:56.308,0.90227,0.90241,1.40,1.40
2010.05.06 14:08:56.564,0.90226,0.90241,1.00,1.20
2010.05.06 14:08:57.167,0.90228,0.90241,1.80,1.50
2010.05.06 14:08:57.535,0.90231,0.90244,1.50,1.30
2010.05.06 14:08:58.468,0.90229,0.90243,1.90,1.10
2010.05.06 14:08:59.201,0.90227,0.9024,0.89,1.10
2010.05.06 14:08:59.378,0.90228,0.9024,2.00,2.20
2010.05.06 14:08:59.841,0.90231,0.9024,2.20,2.40
2010.05.06 14:09:00.057,0.90228,0.90238,1.30,2.90
2010.05.06 14:09:00.285,0.90225,0.90238,1.40,3.00
2010.05.06 14:09:00.458,0.90228,0.90236,2.30,2.30
2010.05.06 14:09:00.539,0.90225,0.90236,1.10,1.20
2010.05.06 14:09:00.806,0.90222,0.90236,0.66,1.10
2010.05.06 14:09:00.929,0.90225,0.90236,1.90,1.60
2010.05.06 14:09:01.172,0.90222,0.90236,1.10,2.40
2010.05.06 14:09:02.169,0.90224,0.90237,1.40,1.40
2010.05.06 14:09:03.259,0.90222,0.90237,1.10,2.20
2010.05.06 14:09:03.483,0.90221,0.90237,2.40,1.70
2010.05.06 14:09:03.971,0.9022,0.90233,4.50,1.50
2010.05.06 14:09:04.250,0.90215,0.90227,3.00,2.80
2010.05.06 14:09:05.040,0.90216,0.90227,1.20,1.70
2010.05.06 14:09:05.411,0.90213,0.90227,2.20,1.80
2010.05.06 14:09:05.773,0.90212,0.90227,2.20,1.10
2010.05.06 14:09:06.123,0.90213,0.90227,1.10,0.87
2010.05.06 14:09:06.305,0.90212,0.90227,1.20,1.80
2010.05.06 14:09:06.366,0.90211,0.90227,1.40,1.80
2010.05.06 14:09:06.534,0.90212,0.90228,1.70,2.10
2010.05.06 14:09:06.822,0.90213,0.90229,1.00,1.20
2010.05.06 14:09:06.881,0.90216,0.90229,0.91,1.90
2010.05.06 14:09:07.205,0.90214,0.90222,0.67,1.10
2010.05.06 14:09:07.547,0.9021,0.90222,1.80,2.30
2010.05.06 14:09:07.740,0.90213,0.90224,0.68,1.60
2010.05.06 14:09:08.015,0.90218,0.90227,1.60,1.80
2010.05.06 14:09:08.365,0.90221,0.90229,0.84,3.10
2010.05.06 14:09:08.473,0.90217,0.90233,1.40,1.80
2010.05.06 14:09:08.718,0.90218,0.90233,1.00,2.50
2010.05.06 14:09:08.869,0.90216,0.90232,1.20,1.40
2010.05.06 14:09:09.012,0.90213,0.90227,1.10,1.80
2010.05.06 14:09:10.140,0.90211,0.90227,0.95,2.20
2010.05.06 14:09:10.525,0.90214,0.90228,0.98,1.50
2010.05.06 14:09:10.965,0.90216,0.90229,2.20,2.30
2010.05.06 14:09:11.443,0.90212,0.90228,0.94,2.70
2010.05.06 14:09:11.743,0.90211,0.90228,1.30,1.90
2010.05.06 14:09:16.853,0.90213,0.90228,0.76,1.80
2010.05.06 14:09:21.261,0.90211,0.90228,1.40,0.92
2010.05.06 14:09:22.286,0.90208,0.90223,2.30,3.70
2010.05.06 14:09:22.502,0.90206,0.90223,2.20,2.00
2010.05.06 14:09:23.092,0.90205,0.90218,2.20,1.40
2010.05.06 14:09:24.702,0.90201,0.90218,3.00,1.90
2010.05.06 14:09:26.087,0.90198,0.90208,1.00,0.45
2010.05.06 14:09:26.259,0.90196,0.90208,1.20,0.98
2010.05.06 14:09:26.478,0.90194,0.90208,1.70,1.80
2010.05.06 14:09:26.691,0.90191,0.90208,2.10,1.70
2010.05.06 14:09:26.923,0.90195,0.90208,0.81,2.10
2010.05.06 14:09:27.106,0.90186,0.90203,2.10,1.60
2010.05.06 14:09:27.300,0.90194,0.90203,1.10,1.30
2010.05.06 14:09:27.547,0.90196,0.90204,1.70,0.82
2010.05.06 14:09:27.665,0.90191,0.90208,1.30,1.50
2010.05.06 14:09:27.824,0.90189,0.90198,0.86,2.00
2010.05.06 14:09:28.235,0.90187,0.90198,1.70,1.30
2010.05.06 14:09:28.961,0.90186,0.90198,1.20,0.92
2010.05.06 14:09:30.141,0.90188,0.90198,1.50,1.20
2010.05.06 14:09:30.363,0.90189,0.90198,1.80,1.90
2010.05.06 14:09:30.543,0.90191,0.90199,0.90,1.10
2010.05.06 14:09:30.755,0.90192,0.90205,1.00,2.00
2010.05.06 14:09:30.928,0.90193,0.90208,1.20,2.00
2010.05.06 14:09:31.236,0.90195,0.90208,2.40,1.80
2010.05.06 14:09:32.244,0.90193,0.90208,0.82,1.40
2010.05.06 14:09:32.814,0.90191,0.90203,0.84,1.90
2010.05.06 14:09:33.140,0.90186,0.90198,1.30,1.00
2010.05.06 14:09:33.311,0.90185,0.90198,0.88,2.10
2010.05.06 14:09:33.389,0.90189,0.90198,0.77,0.67
2010.05.06 14:09:33.642,0.90191,0.90199,1.00,3.00
2010.05.06 14:09:33.773,0.90189,0.90203,1.40,1.50
2010.05.06 14:09:33.941,0.90188,0.90203,1.20,3.10
2010.05.06 14:09:34.124,0.90189,0.90204,1.70,1.80
2010.05.06 14:09:34.689,0.9019,0.90204,1.20,1.90
2010.05.06 14:09:35.087,0.90191,0.90204,1.60,1.10
2010.05.06 14:09:35.297,0.9019,0.90203,1.60,1.50
2010.05.06 14:09:35.572,0.90186,0.90203,3.00,1.30
2010.05.06 14:09:35.798,0.90185,0.90198,0.98,1.60
2010.05.06 14:09:35.851,0.90188,0.90199,1.80,1.80
2010.05.06 14:09:36.046,0.90189,0.90204,3.30,1.10
2010.05.06 14:09:36.349,0.90188,0.90198,1.10,0.86
2010.05.06 14:09:36.552,0.90185,0.90198,1.70,0.68
2010.05.06 14:09:36.630,0.90187,0.90199,2.50,3.50
2010.05.06 14:09:36.846,0.90185,0.90198,1.20,0.98
2010.05.06 14:09:38.375,0.90184,0.90193,1.90,1.20
2010.05.06 14:09:38.561,0.9018,0.90193,1.10,0.89
2010.05.06 14:09:39.192,0.90179,0.90193,2.60,0.92
2010.05.06 14:09:39.493,0.90178,0.90193,1.10,1.50
2010.05.06 14:09:39.839,0.90176,0.90193,0.89,1.50
2010.05.06 14:09:42.057,0.90174,0.90188,2.60,1.00
2010.05.06 14:09:42.371,0.90175,0.90189,1.00,1.30
2010.05.06 14:09:42.991,0.90176,0.90189,1.20,1.90
2010.05.06 14:09:43.216,0.90175,0.90188,1.50,0.99
2010.05.06 14:09:43.545,0.90176,0.90189,1.50,1.20
2010.05.06 14:09:44.140,0.90177,0.90194,1.80,2.00
2010.05.06 14:09:44.527,0.90179,0.90194,1.60,1.50
2010.05.06 14:09:44.969,0.90181,0.90194,1.60,1.20
2010.05.06 14:09:48.472,0.9018,0.90194,2.20,1.30
2010.05.06 14:09:49.864,0.90179,0.90194,0.79,1.30
2010.05.06 14:09:50.067,0.90181,0.90194,1.50,1.10
2010.05.06 14:09:53.116,0.90183,0.90198,1.40,2.40
2010.05.06 14:09:53.336,0.90184,0.90198,2.00,0.94
2010.05.06 14:09:53.490,0.90186,0.90198,1.80,1.50
2010.05.06 14:09:53.680,0.90185,0.90198,1.80,0.79
2010.05.06 14:09:53.831,0.90184,0.90198,2.20,0.91
2010.05.06 14:09:54.037,0.90183,0.90193,1.20,2.80
2010.05.06 14:09:54.111,0.90181,0.90193,1.60,2.30
2010.05.06 14:09:54.184,0.90179,0.90193,1.70,0.94
2010.05.06 14:09:54.307,0.90183,0.90193,0.74,1.30
2010.05.06 14:09:54.366,0.90184,0.90194,2.60,0.72
2010.05.06 14:09:54.472,0.90183,0.90194,2.00,0.91
2010.05.06 14:09:54.588,0.90185,0.90194,2.80,1.00
2010.05.06 14:09:54.668,0.90186,0.90194,0.88,1.10
2010.05.06 14:09:54.793,0.90185,0.90198,1.30,1.30
2010.05.06 14:09:54.873,0.90186,0.90198,2.00,2.40
2010.05.06 14:09:54.932,0.90182,0.90198,1.90,0.60
2010.05.06 14:09:55.847,0.90183,0.90198,1.20,1.40
2010.05.06 14:09:56.141,0.90184,0.90198,3.20,1.40
2010.05.06 14:09:56.579,0.90189,0.90199,1.30,1.40
2010.05.06 14:09:56.724,0.9019,0.90199,1.50,0.74
2010.05.06 14:09:57.104,0.90191,0.90199,1.00,1.30
2010.05.06 14:09:57.350,0.90192,0.90208,1.80,1.70
2010.05.06 14:09:57.928,0.90193,0.90208,0.63,1.40
2010.05.06 14:09:58.080,0.90194,0.90208,1.40,2.00
2010.05.06 14:09:58.337,0.90196,0.90209,1.00,0.93
2010.05.06 14:09:58.402,0.902,0.90212,0.99,2.10
2010.05.06 14:09:58.746,0.90204,0.90214,0.63,1.80
2010.05.06 14:09:58.833,0.90206,0.90214,0.85,0.91
2010.05.06 14:10:01.161,0.90209,0.90223,1.20,1.30
2010.05.06 14:10:01.618,0.9021,0.90223,1.30,1.70
2010.05.06 14:10:02.236,0.90211,0.90223,1.40,1.40
2010.05.06 14:10:02.429,0.90214,0.90228,0.90,2.30
2010.05.06 14:10:02.572,0.90216,0.90229,1.20,3.70
2010.05.06 14:10:02.811,0.90217,0.9023,3.60,2.30
2010.05.06 14:10:03.345,0.90218,0.90229,1.50,0.94
2010.05.06 14:10:04.458,0.90215,0.90228,1.80,0.94
2010.05.06 14:10:04.977,0.90214,0.90228,0.92,2.20
2010.05.06 14:10:06.415,0.90215,0.90228,2.00,1.60
2010.05.06 14:10:06.736,0.90216,0.90228,1.40,1.30
2010.05.06 14:10:07.570,0.90215,0.90228,0.95,2.20
2010.05.06 14:10:08.081,0.90212,0.90228,1.40,1.00
2010.05.06 14:10:08.856,0.90211,0.90228,1.20,1.10
2010.05.06 14:10:11.710,0.90212,0.90228,0.79,1.60
2010.05.06 14:10:13.450,0.90214,0.90228,1.10,1.80
2010.05.06 14:10:16.418,0.90215,0.90228,1.40,1.60
2010.05.06 14:10:17.628,0.90213,0.90228,1.10,1.20
2010.05.06 14:10:19.468,0.90215,0.90228,1.10,2.10
2010.05.06 14:10:19.935,0.90216,0.90229,1.10,2.10
2010.05.06 14:10:20.051,0.90217,0.9023,2.40,1.90
2010.05.06 14:10:21.006,0.90215,0.90228,1.80,1.40
2010.05.06 14:10:26.243,0.90217,0.90229,2.10,1.90
2010.05.06 14:10:27.120,0.9022,0.90233,0.91,1.20
2010.05.06 14:10:27.466,0.90222,0.90234,1.10,1.70
2010.05.06 14:10:27.656,0.90223,0.90238,1.40,1.20
2010.05.06 14:10:27.930,0.90224,0.90238,1.20,1.60
2010.05.06 14:10:28.282,0.90225,0.90238,1.20,1.10
2010.05.06 14:10:28.766,0.90226,0.90239,1.70,1.10
2010.05.06 14:10:32.091,0.90229,0.90238,2.80,0.85
2010.05.06 14:10:33.196,0.90235,0.90238,1.80,1.30
2010.05.06 14:10:33.375,0.90236,0.90249,2.90,1.20
2010.05.06 14:10:33.528,0.90233,0.90244,0.80,1.50
2010.05.06 14:10:33.899,0.90227,0.90238,1.20,1.60
2010.05.06 14:10:34.148,0.90225,0.90238,0.67,1.00
2010.05.06 14:10:34.598,0.90226,0.90239,1.10,1.90
2010.05.06 14:10:34.871,0.90227,0.90242,2.00,1.40
2010.05.06 14:10:38.668,0.9023,0.90244,0.89,0.83
2010.05.06 14:10:41.448,0.90232,0.90244,1.70,1.90
2010.05.06 14:10:42.367,0.90235,0.90244,0.44,2.40
2010.05.06 14:10:44.629,0.90233,0.90244,1.70,2.40
2010.05.06 14:10:47.129,0.90231,0.90244,1.10,1.50
2010.05.06 14:10:47.482,0.90233,0.90244,2.70,2.70
2010.05.06 14:10:47.911,0.90235,0.90244,3.30,1.10
2010.05.06 14:10:48.157,0.90233,0.90244,1.20,1.40
2010.05.06 14:10:48.426,0.90235,0.90244,1.30,2.40
2010.05.06 14:10:48.789,0.90236,0.90244,2.30,1.20
2010.05.06 14:10:51.085,0.90233,0.90249,1.50,1.40
2010.05.06 14:10:52.009,0.90234,0.90249,1.30,1.00
2010.05.06 14:10:52.305,0.90235,0.90249,0.73,1.30
2010.05.06 14:10:52.377,0.90236,0.90249,2.20,1.10
2010.05.06 14:10:52.507,0.90239,0.90249,2.00,1.60
2010.05.06 14:10:52.682,0.90236,0.90252,0.87,1.80
2010.05.06 14:10:52.913,0.90239,0.90252,2.40,1.40
2010.05.06 14:10:53.333,0.90231,0.90239,0.75,2.50
2010.05.06 14:10:53.757,0.90229,0.90239,0.97,2.10
2010.05.06 14:10:55.432,0.90235,0.90244,0.91,1.90
2010.05.06 14:10:56.862,0.90239,0.90244,1.40,1.60
2010.05.06 14:10:57.159,0.90249,0.90254,1.80,1.60
2010.05.06 14:10:57.564,0.90246,0.9026,3.00,1.30
2010.05.06 14:10:58.075,0.9025,0.9026,2.40,1.50
2010.05.06 14:10:58.309,0.90251,0.90264,2.10,1.80
2010.05.06 14:10:58.455,0.90247,0.90264,1.10,1.50
2010.05.06 14:10:58.553,0.9025,0.90264,1.60,1.20
2010.05.06 14:10:58.821,0.90255,0.90264,1.80,2.40
2010.05.06 14:10:58.917,0.90256,0.90264,2.20,1.60
2010.05.06 14:10:59.146,0.90252,0.90269,1.70,2.00
2010.05.06 14:10:59.869,0.90254,0.90269,1.10,2.60
2010.05.06 14:11:00.248,0.90255,0.90269,1.00,0.89
2010.05.06 14:11:00.932,0.90256,0.90269,1.50,1.10
2010.05.06 14:11:01.665,0.9026,0.90274,2.40,1.80
2010.05.06 14:11:02.211,0.90259,0.90274,2.00,2.00
2010.05.06 14:11:02.268,0.90258,0.90274,2.00,1.80
2010.05.06 14:11:02.568,0.90256,0.90274,1.50,0.59
2010.05.06 14:11:02.877,0.90261,0.90274,1.40,1.10
2010.05.06 14:11:03.267,0.9026,0.90274,2.30,0.75
2010.05.06 14:11:03.618,0.90259,0.90274,0.58,1.70
2010.05.06 14:11:04.271,0.90257,0.90274,2.60,0.62
2010.05.06 14:11:04.982,0.90256,0.90274,1.00,1.80
2010.05.06 14:11:05.344,0.9025,0.90264,1.10,2.30
2010.05.06 14:11:05.801,0.90251,0.90264,1.40,1.40
2010.05.06 14:11:07.149,0.90252,0.90264,0.99,0.79
2010.05.06 14:11:07.325,0.90255,0.90264,1.70,1.40
2010.05.06 14:11:07.580,0.90256,0.90269,2.60,0.88
2010.05.06 14:11:07.739,0.90247,0.90264,4.50,1.40
2010.05.06 14:11:07.983,0.90246,0.90264,1.20,1.30
2010.05.06 14:11:08.037,0.90245,0.90259,0.95,1.30
2010.05.06 14:11:08.223,0.90246,0.90259,0.64,1.70
2010.05.06 14:11:08.576,0.90244,0.90259,1.60,0.94
2010.05.06 14:11:08.721,0.90245,0.90259,1.60,0.89
2010.05.06 14:11:08.859,0.90247,0.90259,1.40,1.70
2010.05.06 14:11:09.210,0.90251,0.90264,1.20,1.40
2010.05.06 14:11:09.596,0.90253,0.90264,0.94,1.30
2010.05.06 14:11:09.951,0.90255,0.90268,2.50,0.75
2010.05.06 14:11:10.145,0.90265,0.90275,0.81,2.40
2010.05.06 14:11:10.277,0.90256,0.90268,1.10,1.50
2010.05.06 14:11:10.365,0.90258,0.90268,2.70,2.00
2010.05.06 14:11:10.543,0.90257,0.90269,2.40,2.40
2010.05.06 14:11:10.674,0.90265,0.90269,1.70,3.20
2010.05.06 14:11:10.962,0.90266,0.90269,2.90,0.60
2010.05.06 14:11:11.210,0.90265,0.90279,1.40,1.70
2010.05.06 14:11:11.279,0.90266,0.90279,2.30,1.40
2010.05.06 14:11:11.681,0.90264,0.90279,2.10,1.80
2010.05.06 14:11:11.898,0.90261,0.90279,0.61,1.50
2010.05.06 14:11:13.165,0.90263,0.90279,1.30,1.80
2010.05.06 14:11:14.204,0.90262,0.90279,1.10,1.40
2010.05.06 14:11:14.746,0.90263,0.90279,0.89,3.00
2010.05.06 14:11:16.256,0.90262,0.90274,1.10,1.80
2010.05.06 14:11:16.517,0.90263,0.90274,2.40,0.81
2010.05.06 14:11:16.717,0.90261,0.90274,1.80,1.40
2010.05.06 14:11:17.230,0.9026,0.90274,1.40,1.10
2010.05.06 14:11:17.604,0.90261,0.90274,1.50,1.00
2010.05.06 14:11:17.907,0.90262,0.90279,1.90,1.70
2010.05.06 14:11:18.017,0.90265,0.90279,1.70,2.80
2010.05.06 14:11:18.272,0.90267,0.90279,1.40,1.40
2010.05.06 14:11:18.747,0.90266,0.90279,0.85,1.90
2010.05.06 14:11:18.912,0.90262,0.90279,0.94,0.67
2010.05.06 14:11:19.003,0.90265,0.90279,0.88,1.00
2010.05.06 14:11:19.189,0.9027,0.90279,1.10,0.75
2010.05.06 14:11:19.278,0.90271,0.90279,0.62,1.40
2010.05.06 14:11:19.370,0.90272,0.90279,1.50,1.70
2010.05.06 14:11:19.463,0.90271,0.90285,1.50,0.93
2010.05.06 14:11:19.529,0.90272,0.90285,0.93,1.20
2010.05.06 14:11:19.699,0.90268,0.90284,2.30,1.70
2010.05.06 14:11:19.749,0.90267,0.90279,1.40,0.96
2010.05.06 14:11:19.864,0.90266,0.90279,1.30,1.10
2010.05.06 14:11:19.994,0.90262,0.90279,1.20,1.20
2010.05.06 14:11:20.272,0.90265,0.90279,2.10,2.10
2010.05.06 14:11:20.389,0.90261,0.90274,1.70,1.00
2010.05.06 14:11:20.780,0.90259,0.90274,1.40,1.50
2010.05.06 14:11:21.911,0.90258,0.90274,1.00,1.90
2010.05.06 14:11:22.112,0.90257,0.90274,2.00,1.10
2010.05.06 14:11:26.145,0.90253,0.90269,0.67,1.30
2010.05.06 14:11:27.138,0.90252,0.90269,3.20,1.50
2010.05.06 14:11:27.381,0.90251,0.90264,0.73,0.72
2010.05.06 14:11:27.451,0.9025,0.90264,1.20,1.20
2010.05.06 14:11:27.617,0.90251,0.90264,1.20,0.61
2010.05.06 14:11:27.930,0.90252,0.90264,0.97,2.20
2010.05.06 14:11:28.452,0.90253,0.90269,1.50,1.80
2010.05.06 14:11:29.462,0.90255,0.90269,1.20,1.40
2010.05.06 14:11:29.901,0.90257,0.90269,1.50,1.40
2010.05.06 14:11:30.306,0.90256,0.90274,1.90,3.10
2010.05.06 14:11:30.694,0.90255,0.90269,1.70,1.30
2010.05.06 14:11:31.102,0.90252,0.90265,1.70,1.20
2010.05.06 14:11:31.416,0.90247,0.90264,1.70,1.40
2010.05.06 14:11:31.606,0.90245,0.90259,1.60,1.60
2010.05.06 14:11:31.955,0.90247,0.90259,2.70,0.56
2010.05.06 14:11:32.443,0.90246,0.90255,1.60,1.50
2010.05.06 14:11:32.681,0.90244,0.90254,1.30,2.00
2010.05.06 14:11:33.224,0.90247,0.90254,2.20,1.20
2010.05.06 14:11:33.495,0.90245,0.90254,1.10,0.91
2010.05.06 14:11:33.784,0.90246,0.90254,0.97,1.00
2010.05.06 14:11:34.252,0.90245,0.90259,0.91,1.80
2010.05.06 14:11:34.567,0.90246,0.90259,1.50,1.80
2010.05.06 14:11:35.075,0.90244,0.90259,1.30,2.00
2010.05.06 14:11:35.300,0.90241,0.90259,1.60,1.30
2010.05.06 14:11:35.544,0.90245,0.90259,0.95,1.00
2010.05.06 14:11:35.909,0.90246,0.90259,1.80,1.20
2010.05.06 14:11:36.013,0.90245,0.90259,0.95,2.10
2010.05.06 14:11:36.360,0.90241,0.90259,1.30,1.80
2010.05.06 14:11:36.686,0.90246,0.90259,1.70,2.60
2010.05.06 14:11:36.915,0.90241,0.90259,1.10,1.30
2010.05.06 14:11:37.029,0.90239,0.90254,1.30,0.83
2010.05.06 14:11:37.458,0.90238,0.90254,1.50,0.81
2010.05.06 14:11:37.962,0.90237,0.90254,1.60,2.40
2010.05.06 14:11:39.064,0.90236,0.90253,2.50,1.10
2010.05.06 14:11:39.607,0.90234,0.90249,2.00,1.40
2010.05.06 14:11:39.898,0.90233,0.90249,1.60,1.30
2010.05.06 14:11:40.224,0.90237,0.90249,2.10,1.70
2010.05.06 14:11:40.351,0.90236,0.9025,1.30,2.20
2010.05.06 14:11:40.822,0.90232,0.90249,1.70,0.95
2010.05.06 14:11:41.086,0.90235,0.90249,2.10,0.89
2010.05.06 14:11:41.920,0.90237,0.90249,1.20,1.80
2010.05.06 14:11:43.279,0.90236,0.9025,2.20,1.60
2010.05.06 14:11:43.641,0.90234,0.90249,1.30,1.10
2010.05.06 14:11:44.461,0.90233,0.90249,1.20,1.40
2010.05.06 14:11:45.980,0.90234,0.90249,1.50,1.00
2010.05.06 14:11:47.023,0.90235,0.90249,1.30,1.80
2010.05.06 14:11:47.596,0.90249,0.90249,1.10,1.20
2010.05.06 14:11:47.684,0.90246,0.90255,3.30,1.10
2010.05.06 14:11:48.711,0.90249,0.90259,1.20,0.88
2010.05.06 14:11:49.255,0.90246,0.9026,1.30,2.30
2010.05.06 14:11:49.459,0.90245,0.90259,0.84,2.00
2010.05.06 14:11:49.753,0.90249,0.90259,0.36,2.50
2010.05.06 14:11:50.449,0.9025,0.90264,1.10,1.80
2010.05.06 14:11:50.704,0.90254,0.90264,1.30,1.30
2010.05.06 14:11:51.316,0.90251,0.90265,0.67,2.40
2010.05.06 14:11:51.412,0.9025,0.90264,3.00,1.30
2010.05.06 14:11:51.994,0.90249,0.90264,1.20,1.70
2010.05.06 14:11:54.127,0.90246,0.9026,2.40,1.30
2010.05.06 14:11:54.979,0.90244,0.90259,1.30,0.75
2010.05.06 14:11:55.083,0.90245,0.90259,1.80,1.20
2010.05.06 14:11:55.758,0.90249,0.90259,1.10,1.30
2010.05.06 14:11:56.339,0.90246,0.9026,1.60,1.60
2010.05.06 14:11:56.622,0.90244,0.90259,1.60,1.30
2010.05.06 14:11:57.156,0.90241,0.90255,1.20,1.30
2010.05.06 14:11:57.428,0.9024,0.90254,1.70,1.40
2010.05.06 14:11:57.895,0.90244,0.90254,0.76,1.00
2010.05.06 14:11:58.152,0.90241,0.9025,1.10,1.50
2010.05.06 14:11:58.486,0.90239,0.90249,1.60,1.10
2010.05.06 14:11:58.505,0.90235,0.90249,2.00,1.70
2010.05.06 14:11:58.877,0.90234,0.90249,2.00,1.70
2010.05.06 14:12:03.015,0.90231,0.90245,1.20,2.20
2010.05.06 14:12:03.346,0.90229,0.90244,1.60,2.90
2010.05.06 14:12:03.577,0.90228,0.9024,2.10,2.10
2010.05.06 14:12:03.922,0.90225,0.90239,1.00,0.66
2010.05.06 14:12:04.164,0.90224,0.90239,1.50,1.40
2010.05.06 14:12:04.835,0.90221,0.90239,1.60,1.70
2010.05.06 14:12:08.706,0.90219,0.90233,1.70,1.10
2010.05.06 14:12:10.201,0.9022,0.90234,1.80,3.50
2010.05.06 14:12:10.623,0.90224,0.90234,1.60,2.00
2010.05.06 14:12:10.705,0.90229,0.90238,1.90,1.20
2010.05.06 14:12:11.311,0.90226,0.90238,1.20,0.97
2010.05.06 14:12:11.394,0.90224,0.90238,2.80,1.90
2010.05.06 14:12:11.941,0.90229,0.90238,2.10,0.95
2010.05.06 14:12:13.415,0.90226,0.90239,0.89,1.50
2010.05.06 14:12:13.510,0.90224,0.90238,0.90,1.30
2010.05.06 14:12:16.017,0.90221,0.90235,1.70,1.90
2010.05.06 14:12:16.559,0.90219,0.90231,1.30,2.20
2010.05.06 14:12:20.421,0.90216,0.9023,1.60,1.20
2010.05.06 14:12:20.927,0.90215,0.90229,1.30,2.50
2010.05.06 14:12:21.089,0.90214,0.90228,1.10,1.20
2010.05.06 14:12:21.421,0.90215,0.90228,1.80,1.70
2010.05.06 14:12:21.908,0.90219,0.90228,1.30,1.30
2010.05.06 14:12:26.138,0.90216,0.90227,2.10,1.80
2010.05.06 14:12:27.550,0.90214,0.90227,1.40,1.60
2010.05.06 14:12:28.465,0.90215,0.90225,1.20,0.66
2010.05.06 14:12:28.824,0.90219,0.90225,1.20,2.30
2010.05.06 14:12:29.158,0.9022,0.90234,2.00,1.90
2010.05.06 14:12:29.843,0.90224,0.90234,1.10,0.87
2010.05.06 14:12:33.100,0.90221,0.90235,0.77,2.40
2010.05.06 14:12:33.511,0.90219,0.90234,2.20,1.60
2010.05.06 14:12:34.115,0.90217,0.90229,1.70,1.00
2010.05.06 14:12:34.183,0.90215,0.90229,1.70,1.10
2010.05.06 14:12:34.295,0.90213,0.90229,0.81,1.40
2010.05.06 14:12:34.539,0.90214,0.90228,0.92,1.80
2010.05.06 14:12:34.675,0.90213,0.90228,1.00,1.60
2010.05.06 14:12:34.847,0.90212,0.90228,1.80,1.20
2010.05.06 14:12:34.895,0.90211,0.90228,1.50,1.30
2010.05.06 14:12:40.572,0.90213,0.90227,0.67,2.80
2010.05.06 14:12:41.056,0.90215,0.90229,1.00,1.50
2010.05.06 14:12:41.392,0.90216,0.90229,1.50,1.20
2010.05.06 14:12:41.527,0.9022,0.90233,1.70,1.70
2010.05.06 14:12:41.680,0.90225,0.90233,1.90,1.50
2010.05.06 14:12:41.997,0.90226,0.90233,1.10,0.83
2010.05.06 14:12:42.023,0.90216,0.90233,2.30,0.93
2010.05.06 14:12:42.518,0.90214,0.90228,0.92,1.40
2010.05.06 14:12:43.096,0.90215,0.90224,2.50,5.10
2010.05.06 14:12:43.635,0.90216,0.90224,3.20,1.60
2010.05.06 14:12:44.340,0.9022,0.90233,2.40,1.30
2010.05.06 14:12:45.042,0.90221,0.90234,1.20,1.50
2010.05.06 14:12:45.909,0.90216,0.90234,1.80,2.10
2010.05.06 14:12:46.094,0.9022,0.90234,1.40,1.10
2010.05.06 14:12:46.271,0.90221,0.90234,1.30,1.30
2010.05.06 14:12:46.350,0.90219,0.90234,2.10,1.10
2010.05.06 14:12:46.434,0.9022,0.90234,2.00,2.30
2010.05.06 14:12:46.634,0.90221,0.90234,1.50,1.60
2010.05.06 14:12:46.777,0.90216,0.90234,1.90,2.40
2010.05.06 14:12:46.857,0.90222,0.90234,1.40,1.50
2010.05.06 14:12:47.332,0.90221,0.90234,2.10,1.10
2010.05.06 14:12:47.378,0.9022,0.90232,1.50,1.30
2010.05.06 14:12:47.963,0.90216,0.90232,2.60,1.60
2010.05.06 14:12:48.105,0.90215,0.90229,0.67,2.00
2010.05.06 14:12:48.573,0.90218,0.90229,1.00,1.10
2010.05.06 14:12:49.376,0.90217,0.90229,1.80,1.80
2010.05.06 14:12:49.843,0.90214,0.90229,1.40,1.00
2010.05.06 14:12:50.268,0.90212,0.90229,1.30,2.30
2010.05.06 14:12:51.822,0.90211,0.90228,0.89,1.80
2010.05.06 14:12:54.639,0.90213,0.90229,1.10,2.00
2010.05.06 14:12:56.095,0.90212,0.90229,1.50,1.70
2010.05.06 14:12:56.295,0.90211,0.90223,3.40,1.20
2010.05.06 14:12:56.434,0.90209,0.90223,0.74,1.10
2010.05.06 14:12:56.636,0.9021,0.90223,1.10,2.20
2010.05.06 14:12:56.936,0.90211,0.90223,0.89,1.20
2010.05.06 14:13:00.191,0.90209,0.90224,1.90,0.95
2010.05.06 14:13:01.063,0.9021,0.90224,0.92,1.70
2010.05.06 14:13:01.209,0.90211,0.90224,2.00,1.80
2010.05.06 14:13:01.476,0.90215,0.90224,1.70,1.50
2010.05.06 14:13:01.663,0.90216,0.90224,1.40,1.50
2010.05.06 14:13:01.823,0.90213,0.90229,2.10,1.60
2010.05.06 14:13:01.908,0.90214,0.90229,1.70,1.00
2010.05.06 14:13:02.296,0.90217,0.90229,1.10,1.20
2010.05.06 14:13:02.598,0.90216,0.90229,1.40,1.80
2010.05.06 14:13:03.190,0.90218,0.90229,1.80,1.00
2010.05.06 14:13:04.112,0.90217,0.90229,2.70,1.20
2010.05.06 14:13:04.395,0.90218,0.90232,1.30,1.50
2010.05.06 14:13:04.493,0.90219,0.90232,0.77,2.20
2010.05.06 14:13:04.697,0.90218,0.90234,1.10,1.00
2010.05.06 14:13:04.890,0.9022,0.90234,1.40,0.81
2010.05.06 14:13:06.319,0.90222,0.90234,1.30,1.40
2010.05.06 14:13:06.865,0.90225,0.90239,0.87,3.10
2010.05.06 14:13:07.066,0.90226,0.90239,1.70,1.80
2010.05.06 14:13:07.634,0.90225,0.90239,1.30,1.30
2010.05.06 14:13:08.039,0.90226,0.90239,1.10,1.90
2010.05.06 14:13:08.644,0.90227,0.90239,1.80,1.00
2010.05.06 14:13:08.686,0.90225,0.90239,2.00,1.80
2010.05.06 14:13:11.997,0.90224,0.90239,1.50,1.00
2010.05.06 14:13:12.087,0.90222,0.90239,1.70,1.50
2010.05.06 14:13:13.124,0.90221,0.90235,1.60,1.10
2010.05.06 14:13:13.587,0.90218,0.90234,2.30,1.20
2010.05.06 14:13:13.726,0.90217,0.90234,0.77,1.70
2010.05.06 14:13:14.108,0.90216,0.90234,1.40,1.60
2010.05.06 14:13:14.564,0.90213,0.90229,2.90,0.76
2010.05.06 14:13:14.716,0.90214,0.90229,3.10,2.00
2010.05.06 14:13:17.668,0.90211,0.90229,2.20,2.10
2010.05.06 14:13:18.054,0.90214,0.90229,2.00,1.30
2010.05.06 14:13:18.594,0.90216,0.90229,1.50,1.20
2010.05.06 14:13:19.245,0.90215,0.90229,0.89,1.90
2010.05.06 14:13:19.471,0.90213,0.90229,0.74,3.10
2010.05.06 14:13:19.560,0.90215,0.90229,3.10,1.80
2010.05.06 14:13:19.875,0.90216,0.90229,1.70,1.30
2010.05.06 14:13:20.155,0.90213,0.90229,1.50,1.70
2010.05.06 14:13:20.392,0.90214,0.90229,1.20,2.40
2010.05.06 14:13:20.883,0.90213,0.90229,1.60,1.20
2010.05.06 14:13:21.242,0.90211,0.90229,1.60,1.20
2010.05.06 14:13:21.569,0.90209,0.90224,1.10,2.00
2010.05.06 14:13:21.714,0.9021,0.90224,0.96,1.50
2010.05.06 14:13:22.419,0.90211,0.90224,0.97,1.30
2010.05.06 14:13:23.094,0.90208,0.90223,1.10,2.00
2010.05.06 14:13:23.575,0.90207,0.9022,1.30,1.10
2010.05.06 14:13:23.692,0.90206,0.9022,1.40,2.30
2010.05.06 14:13:24.327,0.902,0.90209,1.40,2.20
2010.05.06 14:13:24.636,0.90196,0.90209,1.60,2.40
2010.05.06 14:13:25.113,0.90194,0.90209,1.50,1.90
2010.05.06 14:13:25.391,0.90193,0.90209,4.20,0.52
2010.05.06 14:13:25.598,0.90191,0.90209,1.70,1.90
2010.05.06 14:13:25.733,0.90195,0.90209,2.20,1.10
2010.05.06 14:13:25.834,0.90196,0.90209,3.30,0.87
2010.05.06 14:13:26.146,0.90192,0.90204,0.98,2.10
2010.05.06 14:13:26.356,0.90191,0.90204,1.40,1.80
2010.05.06 14:13:26.551,0.9019,0.90204,2.00,1.30
2010.05.06 14:13:26.961,0.90191,0.90204,1.90,1.60
2010.05.06 14:13:27.223,0.90192,0.90209,2.60,1.10
2010.05.06 14:13:27.407,0.90194,0.90209,1.00,0.85
2010.05.06 14:13:27.992,0.90197,0.90209,1.40,0.79
2010.05.06 14:13:28.007,0.90199,0.90212,0.68,2.20
2010.05.06 14:13:28.303,0.902,0.90212,1.30,1.20
2010.05.06 14:13:28.474,0.90203,0.90212,1.30,1.30
2010.05.06 14:13:28.686,0.90205,0.90219,2.00,0.94
2010.05.06 14:13:28.969,0.90206,0.90219,2.90,1.50
2010.05.06 14:13:29.023,0.90202,0.90218,1.10,1.20
2010.05.06 14:13:29.893,0.90205,0.90219,1.60,1.10
2010.05.06 14:13:30.112,0.9021,0.90219,1.80,0.80
2010.05.06 14:13:30.418,0.90211,0.9022,1.20,1.00
2010.05.06 14:13:30.940,0.90214,0.90224,1.20,2.20
2010.05.06 14:13:31.258,0.90215,0.90224,1.50,2.90
2010.05.06 14:13:31.576,0.90217,0.90229,2.60,1.30
2010.05.06 14:13:31.885,0.90218,0.90229,2.30,2.10
2010.05.06 14:13:32.052,0.90217,0.90229,1.10,2.00
2010.05.06 14:13:32.549,0.90215,0.90229,1.80,2.50
2010.05.06 14:13:33.442,0.90216,0.90229,1.50,0.91
2010.05.06 14:13:33.603,0.90218,0.9023,1.50,1.80
2010.05.06 14:13:34.496,0.90212,0.90227,1.20,3.00
2010.05.06 14:13:34.718,0.90211,0.90227,1.20,1.30
2010.05.06 14:13:39.007,0.90215,0.90226,1.10,0.50
2010.05.06 14:13:39.435,0.90216,0.90229,1.30,2.90
2010.05.06 14:13:39.604,0.90215,0.90229,1.60,0.61
2010.05.06 14:13:39.892,0.90216,0.90229,1.10,2.90
2010.05.06 14:13:40.099,0.90217,0.90233,1.20,2.30
2010.05.06 14:13:40.797,0.90216,0.90229,1.30,1.20
2010.05.06 14:13:41.801,0.90213,0.90229,1.70,1.80
2010.05.06 14:13:42.082,0.90211,0.90223,1.00,1.30
2010.05.06 14:13:43.378,0.90206,0.90219,0.59,1.10
2010.05.06 14:13:44.290,0.90199,0.90214,2.50,1.10
2010.05.06 14:13:44.419,0.90198,0.90212,1.90,1.50
2010.05.06 14:13:44.758,0.90197,0.90212,1.50,2.30
2010.05.06 14:13:45.103,0.90195,0.90209,1.40,1.40
2010.05.06 14:13:45.368,0.90193,0.90209,1.30,0.90
2010.05.06 14:13:45.480,0.90192,0.90209,0.38,1.50
2010.05.06 14:13:45.792,0.90191,0.902,3.00,1.40
2010.05.06 14:13:45.902,0.90189,0.90199,1.50,1.60
2010.05.06 14:13:46.295,0.90185,0.90199,2.60,1.40
2010.05.06 14:13:47.239,0.90187,0.90199,2.40,1.70
2010.05.06 14:13:47.339,0.90191,0.90199,1.90,1.40
2010.05.06 14:13:47.808,0.90195,0.90199,2.10,1.60
2010.05.06 14:13:48.057,0.90196,0.90208,1.90,2.20
2010.05.06 14:13:48.605,0.90194,0.90209,1.30,1.80
2010.05.06 14:13:48.812,0.90193,0.90209,1.50,1.30
2010.05.06 14:13:49.827,0.90191,0.90209,1.30,1.00
2010.05.06 14:13:50.048,0.9019,0.90204,1.40,1.20
2010.05.06 14:13:50.275,0.90189,0.90204,1.30,1.40
2010.05.06 14:13:50.590,0.90188,0.90204,1.10,1.50
2010.05.06 14:13:50.989,0.9019,0.90204,1.00,1.50
2010.05.06 14:13:52.421,0.90192,0.90204,1.80,1.90
2010.05.06 14:13:52.619,0.90191,0.90209,0.87,2.60
2010.05.06 14:13:53.031,0.90193,0.90209,1.00,0.59
2010.05.06 14:13:53.328,0.90196,0.90209,2.00,2.20
2010.05.06 14:13:53.508,0.90197,0.90209,1.90,1.30
2010.05.06 14:13:53.779,0.902,0.90209,1.30,2.20
2010.05.06 14:13:53.897,0.90201,0.90209,1.60,0.77
2010.05.06 14:13:54.225,0.90203,0.90215,2.40,1.70
2010.05.06 14:13:54.403,0.90206,0.90215,2.80,1.20
2010.05.06 14:13:54.529,0.90207,0.90223,1.80,1.50
2010.05.06 14:13:54.905,0.90206,0.9022,2.40,1.10
2010.05.06 14:13:56.135,0.90207,0.90222,2.80,0.80
2010.05.06 14:13:56.371,0.90209,0.90224,1.10,1.90
2010.05.06 14:13:56.637,0.90207,0.90224,0.82,1.50
2010.05.06 14:13:56.887,0.90206,0.90222,2.90,1.90
2010.05.06 14:13:57.210,0.90208,0.90222,1.70,1.20
2010.05.06 14:13:57.521,0.90206,0.90222,1.60,2.20
2010.05.06 14:13:57.942,0.90208,0.90222,0.62,1.60
2010.05.06 14:13:58.568,0.90206,0.9022,1.30,2.20
2010.05.06 14:14:03.205,0.90205,0.90219,2.20,2.00
2010.05.06 14:14:03.417,0.90207,0.90219,2.50,1.10
2010.05.06 14:14:03.852,0.90204,0.90219,1.90,1.70
2010.05.06 14:14:04.439,0.90205,0.90219,1.40,2.60
2010.05.06 14:14:04.898,0.90204,0.90219,1.40,1.80
2010.05.06 14:14:06.305,0.90203,0.90219,1.20,2.80
2010.05.06 14:14:07.588,0.90201,0.90219,0.98,0.95
2010.05.06 14:14:08.076,0.90204,0.90216,1.30,1.60
2010.05.06 14:14:08.841,0.90205,0.90219,0.75,0.96
2010.05.06 14:14:09.063,0.90201,0.90217,2.00,0.73
2010.05.06 14:14:09.492,0.902,0.90209,1.20,0.65
2010.05.06 14:14:09.520,0.90194,0.90209,0.99,1.20
2010.05.06 14:14:09.844,0.90193,0.90209,1.80,1.80
2010.05.06 14:14:10.441,0.90192,0.90209,2.80,1.40
2010.05.06 14:14:10.559,0.90191,0.90206,1.30,2.10
2010.05.06 14:14:12.059,0.90189,0.90204,1.50,0.69
2010.05.06 14:14:12.428,0.90188,0.90204,1.40,0.71
2010.05.06 14:14:12.805,0.90186,0.90203,1.50,1.00
2010.05.06 14:14:15.745,0.90183,0.90198,2.50,1.80
2010.05.06 14:14:17.188,0.90181,0.90195,2.70,1.70
2010.05.06 14:14:17.477,0.90178,0.90194,2.00,1.70
2010.05.06 14:14:17.541,0.9018,0.90194,1.80,1.90
2010.05.06 14:14:17.835,0.90181,0.90194,2.00,1.70
2010.05.06 14:14:21.144,0.9018,0.90194,3.70,1.20
2010.05.06 14:14:21.318,0.90185,0.90194,0.84,1.30
2010.05.06 14:14:21.417,0.90186,0.90194,1.30,1.60
2010.05.06 14:14:21.725,0.90185,0.90194,3.70,1.80
2010.05.06 14:14:21.945,0.90184,0.90194,1.60,1.20
2010.05.06 14:14:22.373,0.90183,0.90194,1.70,0.77
2010.05.06 14:14:22.892,0.90182,0.90194,0.91,1.20
2010.05.06 14:14:23.081,0.9018,0.90194,1.40,1.20
2010.05.06 14:14:23.332,0.90178,0.9019,2.10,2.40
2010.05.06 14:14:23.506,0.90175,0.90182,2.50,1.50
2010.05.06 14:14:23.754,0.90178,0.90182,1.50,1.40
2010.05.06 14:14:23.968,0.90174,0.90182,1.00,3.00
2010.05.06 14:14:24.044,0.90175,0.90186,1.00,1.70
2010.05.06 14:14:24.597,0.90176,0.90186,1.60,0.68
2010.05.06 14:14:24.866,0.90174,0.90187,1.10,1.90
2010.05.06 14:14:25.131,0.90173,0.90188,1.00,1.20
2010.05.06 14:14:25.217,0.90171,0.90179,1.00,2.60
2010.05.06 14:14:25.356,0.90159,0.90173,1.70,2.90
2010.05.06 14:14:25.640,0.90156,0.90173,1.60,1.00
2010.05.06 14:14:25.809,0.90161,0.90174,1.10,1.50
2010.05.06 14:14:25.995,0.90156,0.90173,3.30,2.10
2010.05.06 14:14:26.171,0.90154,0.90168,1.90,1.20
2010.05.06 14:14:26.343,0.90155,0.90168,3.10,1.60
2010.05.06 14:14:26.808,0.90156,0.90168,1.30,1.30
2010.05.06 14:14:27.173,0.90154,0.90169,1.80,1.70
2010.05.06 14:14:27.276,0.90155,0.90168,1.80,2.00
2010.05.06 14:14:27.550,0.90156,0.90169,1.40,1.20
2010.05.06 14:14:27.792,0.90157,0.9017,1.40,1.40
2010.05.06 14:14:27.960,0.90156,0.9017,1.90,1.30
2010.05.06 14:14:28.018,0.90157,0.90171,1.40,2.10
2010.05.06 14:14:28.286,0.90158,0.90171,1.70,1.20
2010.05.06 14:14:28.569,0.90155,0.90164,1.30,2.00
2010.05.06 14:14:28.869,0.90161,0.90163,1.70,0.84
2010.05.06 14:14:29.045,0.90154,0.90169,0.95,1.90
2010.05.06 14:14:29.406,0.90155,0.90169,0.92,1.40
2010.05.06 14:14:29.744,0.90156,0.90169,1.40,1.40
2010.05.06 14:14:30.267,0.90151,0.90164,0.88,1.20
2010.05.06 14:14:30.495,0.90153,0.90167,1.60,2.60
2010.05.06 14:14:30.831,0.90151,0.90167,1.60,0.95
2010.05.06 14:14:32.048,0.90149,0.90163,1.60,1.10
2010.05.06 14:14:32.322,0.90148,0.90163,1.70,1.30
2010.05.06 14:14:32.727,0.90146,0.90159,1.30,1.70
2010.05.06 14:14:32.998,0.90135,0.90149,1.90,2.00
2010.05.06 14:14:33.118,0.90141,0.90149,0.81,0.90
2010.05.06 14:14:33.356,0.90135,0.90149,2.00,1.30
2010.05.06 14:14:33.595,0.90134,0.90149,1.10,1.60
2010.05.06 14:14:33.613,0.90132,0.90149,1.30,0.95
2010.05.06 14:14:33.977,0.90131,0.90149,2.60,1.60
2010.05.06 14:14:34.835,0.90129,0.90144,0.81,1.10
2010.05.06 14:14:35.129,0.9013,0.90144,1.20,1.00
2010.05.06 14:14:35.427,0.90129,0.90144,2.00,2.50
2010.05.06 14:14:35.804,0.90131,0.90143,1.20,1.70
2010.05.06 14:14:36.499,0.90129,0.90143,0.96,1.70
2010.05.06 14:14:37.407,0.9013,0.90143,0.82,0.88
2010.05.06 14:14:37.903,0.90131,0.90143,2.20,0.68
2010.05.06 14:14:38.023,0.90129,0.90144,2.20,1.30
2010.05.06 14:14:38.634,0.9013,0.90144,0.84,1.30
2010.05.06 14:14:38.928,0.90131,0.90144,0.91,1.40
2010.05.06 14:14:39.244,0.90132,0.90149,1.40,1.10
2010.05.06 14:14:40.198,0.90133,0.90149,1.20,1.30
2010.05.06 14:14:40.273,0.90131,0.90141,2.00,1.90
2010.05.06 14:14:40.680,0.90125,0.90139,1.40,1.30
2010.05.06 14:14:40.860,0.90121,0.90135,2.20,2.50
2010.05.06 14:14:41.052,0.90119,0.90134,1.70,0.99
2010.05.06 14:14:41.172,0.90115,0.90129,0.67,0.97
2010.05.06 14:14:41.274,0.90116,0.90129,2.00,0.92
2010.05.06 14:14:41.412,0.90117,0.90134,1.30,0.96
2010.05.06 14:14:41.465,0.90122,0.90134,1.40,1.80
2010.05.06 14:14:41.656,0.90121,0.90132,1.80,2.00
2010.05.06 14:14:41.736,0.90125,0.90132,1.70,1.10
2010.05.06 14:14:41.804,0.90126,0.90132,1.00,2.20
2010.05.06 14:14:41.897,0.90121,0.90132,1.10,1.70
2010.05.06 14:14:42.095,0.9012,0.90134,1.90,0.86
2010.05.06 14:14:42.331,0.90123,0.90134,1.20,3.00
2010.05.06 14:14:42.446,0.90121,0.90135,1.20,3.20
2010.05.06 14:14:42.580,0.9012,0.90134,2.30,2.10
2010.05.06 14:14:42.760,0.90121,0.90134,1.40,0.98
2010.05.06 14:14:42.855,0.90118,0.90134,1.80,1.30
2010.05.06 14:14:43.456,0.90116,0.90134,1.70,1.80
2010.05.06 14:14:43.828,0.90119,0.90132,0.76,1.40
2010.05.06 14:14:44.018,0.90121,0.90134,1.50,0.99
2010.05.06 14:14:44.235,0.90125,0.90134,1.40,0.90
2010.05.06 14:14:44.538,0.90126,0.90134,1.30,1.20
2010.05.06 14:14:44.777,0.90129,0.9014,3.00,3.30
2010.05.06 14:14:44.880,0.9013,0.9014,2.00,2.70
2010.05.06 14:14:45.019,0.90131,0.90144,1.30,1.50
2010.05.06 14:14:45.276,0.90124,0.90134,0.81,2.10
2010.05.06 14:14:45.345,0.90121,0.90134,0.73,1.40
2010.05.06 14:14:45.535,0.90125,0.90134,1.10,3.60
2010.05.06 14:14:45.629,0.90126,0.90134,1.70,1.50
2010.05.06 14:14:45.786,0.9013,0.90139,1.30,0.88
2010.05.06 14:14:45.917,0.90125,0.90139,1.80,1.20
2010.05.06 14:14:46.142,0.9013,0.90139,2.00,2.10
2010.05.06 14:14:46.245,0.90134,0.90139,1.80,2.10
2010.05.06 14:14:46.473,0.90135,0.90139,2.00,3.00
2010.05.06 14:14:46.686,0.90136,0.90154,1.20,0.86
2010.05.06 14:14:46.847,0.90138,0.90149,1.80,1.10
2010.05.06 14:14:47.445,0.90137,0.90149,1.20,1.10
2010.05.06 14:14:48.165,0.90139,0.90149,1.00,2.00
2010.05.06 14:14:48.284,0.90137,0.9015,4.00,1.60
2010.05.06 14:14:48.604,0.90135,0.90149,0.94,1.40
2010.05.06 14:14:48.854,0.90134,0.90145,3.60,2.10
2010.05.06 14:14:49.258,0.90135,0.90144,1.60,2.60
2010.05.06 14:14:49.454,0.90136,0.90144,1.10,2.70
2010.05.06 14:14:49.692,0.90135,0.90149,2.90,1.30
2010.05.06 14:14:50.026,0.90134,0.90149,2.30,1.90
2010.05.06 14:14:50.299,0.90135,0.90149,1.10,1.70
2010.05.06 14:14:50.506,0.90136,0.90149,1.20,2.10
2010.05.06 14:14:50.668,0.90132,0.90149,1.10,1.80
2010.05.06 14:14:50.913,0.90131,0.90148,3.10,1.50
2010.05.06 14:14:51.007,0.9013,0.90144,0.85,1.60
2010.05.06 14:14:51.793,0.90128,0.90144,1.60,1.60
2010.05.06 14:14:52.072,0.9013,0.90144,0.85,1.80
2010.05.06 14:14:52.163,0.90131,0.90144,1.70,1.80
2010.05.06 14:14:52.368,0.90135,0.90141,2.20,1.80
2010.05.06 14:14:52.433,0.90136,0.90141,1.60,2.30
2010.05.06 14:14:52.701,0.90126,0.90139,1.20,0.94
2010.05.06 14:14:52.841,0.90123,0.90133,0.79,1.10
2010.05.06 14:14:52.898,0.90116,0.90133,2.10,2.10
2010.05.06 14:14:53.111,0.9012,0.90131,1.10,2.20
2010.05.06 14:14:53.240,0.90125,0.90131,1.10,2.60
2010.05.06 14:14:53.310,0.90122,0.90134,1.40,0.95
2010.05.06 14:14:53.472,0.90126,0.90134,1.10,1.20
2010.05.06 14:14:53.559,0.90122,0.90135,1.00,1.40
2010.05.06 14:14:53.627,0.90124,0.90135,0.93,1.10
2010.05.06 14:14:53.822,0.90122,0.90137,1.60,1.70
2010.05.06 14:14:53.924,0.90121,0.90131,1.30,1.30
2010.05.06 14:14:56.165,0.90122,0.90138,1.90,1.50
2010.05.06 14:14:56.779,0.9013,0.90139,1.20,1.80
2010.05.06 14:14:57.166,0.90133,0.90139,1.20,1.10
2010.05.06 14:14:57.779,0.90136,0.90149,2.10,3.30
2010.05.06 14:14:58.162,0.90137,0.90153,1.20,2.10
2010.05.06 14:14:58.394,0.90139,0.90154,1.80,1.60
2010.05.06 14:14:58.482,0.9014,0.90154,1.20,1.40
2010.05.06 14:14:58.757,0.90145,0.90154,1.60,1.70
2010.05.06 14:14:58.925,0.90146,0.90154,2.10,1.70
2010.05.06 14:14:59.176,0.90147,0.90162,2.20,2.80
2010.05.06 14:14:59.357,0.9015,0.90162,1.20,1.30
2010.05.06 14:14:59.734,0.90151,0.90164,0.87,2.60
2010.05.06 14:15:00.213,0.90148,0.90164,1.80,1.30
2010.05.06 14:15:00.424,0.90149,0.90163,1.80,0.94
2010.05.06 14:15:00.645,0.9015,0.90164,2.70,0.76
2010.05.06 14:15:00.814,0.90151,0.90164,2.30,0.91
2010.05.06 14:15:01.217,0.90148,0.90164,0.83,1.90
2010.05.06 14:15:01.281,0.90149,0.90164,2.40,1.10
2010.05.06 14:15:01.501,0.9015,0.90164,0.61,2.40
2010.05.06 14:15:01.884,0.90151,0.90164,2.90,1.40
2010.05.06 14:15:02.449,0.90152,0.90168,1.10,1.40
2010.05.06 14:15:02.582,0.90155,0.90169,2.20,1.60
2010.05.06 14:15:03.104,0.90156,0.90169,1.20,0.84
2010.05.06 14:15:03.362,0.90159,0.90169,1.90,0.76
2010.05.06 14:15:03.651,0.90165,0.90174,1.10,3.70
2010.05.06 14:15:03.856,0.90166,0.90174,1.10,1.70
2010.05.06 14:15:04.188,0.90162,0.90173,1.90,0.63
2010.05.06 14:15:04.290,0.90161,0.90173,1.70,1.60
2010.05.06 14:15:04.410,0.90162,0.90174,1.10,1.50
2010.05.06 14:15:04.741,0.90164,0.90174,1.00,0.69
2010.05.06 14:15:04.873,0.90165,0.90174,1.00,2.10
2010.05.06 14:15:05.085,0.90166,0.90174,1.10,1.60
2010.05.06 14:15:05.607,0.90167,0.90183,1.40,2.00
2010.05.06 14:15:05.716,0.90168,0.90183,2.00,1.60
2010.05.06 14:15:07.595,0.90167,0.90184,1.10,1.10
2010.05.06 14:15:09.002,0.90166,0.90183,1.70,0.97
2010.05.06 14:15:09.309,0.90169,0.90183,0.94,1.20
2010.05.06 14:15:09.703,0.90175,0.90183,1.60,2.30
2010.05.06 14:15:09.912,0.90176,0.90183,1.80,1.80
2010.05.06 14:15:10.158,0.90168,0.90179,1.40,1.50
2010.05.06 14:15:10.603,0.90169,0.90182,1.40,1.50
2010.05.06 14:15:10.978,0.90173,0.90183,1.50,1.80
2010.05.06 14:15:11.104,0.90174,0.90187,2.40,3.40
2010.05.06 14:15:11.653,0.90175,0.90189,1.80,1.20
2010.05.06 14:15:11.702,0.90176,0.90189,1.30,1.00
2010.05.06 14:15:12.225,0.90179,0.90192,1.40,1.90
2010.05.06 14:15:12.381,0.90181,0.90194,0.85,1.40
2010.05.06 14:15:12.575,0.90185,0.90194,1.50,1.70
2010.05.06 14:15:12.828,0.90186,0.90194,1.20,0.76
2010.05.06 14:15:13.486,0.90189,0.90202,2.50,1.10
2010.05.06 14:15:13.961,0.9019,0.90203,0.61,1.20
2010.05.06 14:15:14.069,0.90193,0.90204,2.10,1.10
2010.05.06 14:15:14.228,0.90186,0.90203,1.20,2.10
2010.05.06 14:15:14.366,0.90187,0.90203,1.50,0.98
2010.05.06 14:15:14.658,0.90188,0.90199,2.40,2.10
2010.05.06 14:15:14.720,0.90184,0.90199,0.63,1.20
2010.05.06 14:15:14.955,0.90182,0.90199,1.30,1.90
2010.05.06 14:15:15.200,0.90181,0.90198,0.71,1.00
2010.05.06 14:15:17.170,0.90174,0.90179,1.80,1.50
2010.05.06 14:15:17.476,0.90171,0.90179,1.90,1.50
2010.05.06 14:15:17.910,0.90166,0.90179,2.20,0.71
2010.05.06 14:15:18.531,0.90162,0.90174,1.40,1.70
2010.05.06 14:15:19.075,0.90156,0.90172,1.20,1.90
2010.05.06 14:15:19.480,0.90157,0.90173,1.20,1.70
2010.05.06 14:15:19.551,0.90159,0.90174,1.40,1.00
2010.05.06 14:15:19.869,0.9016,0.90174,1.30,1.00
2010.05.06 14:15:20.136,0.90161,0.90174,1.90,1.50
2010.05.06 14:15:20.331,0.90159,0.90174,1.20,1.60
2010.05.06 14:15:20.429,0.90157,0.90174,0.91,2.40
2010.05.06 14:15:20.662,0.9016,0.90174,2.10,1.50
2010.05.06 14:15:20.948,0.90159,0.90174,1.20,1.90
2010.05.06 14:15:21.243,0.90156,0.90173,2.40,1.00
2010.05.06 14:15:21.252,0.90152,0.90169,1.10,2.10
2010.05.06 14:15:21.694,0.90155,0.90169,1.30,1.70
2010.05.06 14:15:21.908,0.90156,0.90169,1.90,0.71
2010.05.06 14:15:22.071,0.90149,0.90154,2.20,0.70
2010.05.06 14:15:22.257,0.90145,0.90154,0.83,1.10
2010.05.06 14:15:22.567,0.90148,0.90154,1.70,1.60
2010.05.06 14:15:22.698,0.90145,0.90154,1.50,1.70
2010.05.06 14:15:22.824,0.90146,0.90154,1.80,0.97
2010.05.06 14:15:23.618,0.90141,0.90155,0.77,1.10
2010.05.06 14:15:24.094,0.90145,0.90155,1.90,1.40
2010.05.06 14:15:24.227,0.90146,0.90156,1.90,1.60
2010.05.06 14:15:24.534,0.90143,0.90154,1.60,4.60
2010.05.06 14:15:24.671,0.90142,0.90154,1.50,0.86
2010.05.06 14:15:24.939,0.90136,0.90154,2.20,1.80
2010.05.06 14:15:27.256,0.9014,0.90153,2.40,1.80
2010.05.06 14:15:27.959,0.90141,0.90153,1.00,0.85
2010.05.06 14:15:30.120,0.90145,0.90155,1.30,2.00
2010.05.06 14:15:30.615,0.90146,0.90156,1.80,1.70
2010.05.06 14:15:31.031,0.90144,0.90157,3.00,1.40
2010.05.06 14:15:31.271,0.90145,0.90158,1.00,2.20
2010.05.06 14:15:31.721,0.90146,0.90158,2.00,0.98
2010.05.06 14:15:31.830,0.90145,0.90159,1.80,1.70
2010.05.06 14:15:32.389,0.90146,0.90156,1.60,1.60
2010.05.06 14:15:32.695,0.90141,0.90153,0.99,1.30
2010.05.06 14:15:33.092,0.90138,0.90153,1.90,2.60
2010.05.06 14:15:33.157,0.90137,0.90153,1.10,1.90
2010.05.06 14:15:33.253,0.90136,0.90149,0.96,1.40
2010.05.06 14:15:33.374,0.90137,0.90149,1.50,2.40
2010.05.06 14:15:33.439,0.90134,0.9014,2.60,1.40
2010.05.06 14:15:33.586,0.90131,0.9014,1.60,0.75
2010.05.06 14:15:33.646,0.9013,0.90139,2.40,2.50
2010.05.06 14:15:33.716,0.90123,0.90139,2.50,1.20
2010.05.06 14:15:33.805,0.90125,0.90139,0.85,1.80
2010.05.06 14:15:33.971,0.90126,0.90139,1.70,1.50
2010.05.06 14:15:34.066,0.9012,0.90134,1.60,3.00
2010.05.06 14:15:34.940,0.90116,0.90131,1.50,1.90
2010.05.06 14:15:35.071,0.90113,0.90129,1.40,1.30
2010.05.06 14:15:35.559,0.90115,0.90129,3.80,1.60
2010.05.06 14:15:35.808,0.90116,0.90129,1.80,2.00
2010.05.06 14:15:37.110,0.90112,0.90128,1.10,1.00
2010.05.06 14:15:37.378,0.90113,0.90128,0.74,1.90
2010.05.06 14:15:37.676,0.90114,0.90128,0.61,1.60
2010.05.06 14:15:38.301,0.90115,0.90129,1.30,0.95
2010.05.06 14:15:38.906,0.90116,0.90129,0.81,1.30
2010.05.06 14:15:39.009,0.90117,0.90126,1.50,1.70
2010.05.06 14:15:39.229,0.90116,0.90129,0.67,4.00
2010.05.06 14:15:39.375,0.90115,0.90129,1.60,0.86
2010.05.06 14:15:39.531,0.90112,0.90128,0.65,1.30
2010.05.06 14:15:39.777,0.90111,0.90124,1.90,2.40
2010.05.06 14:15:39.962,0.90108,0.90121,0.80,1.10
2010.05.06 14:15:40.151,0.9011,0.90121,1.70,1.50
2010.05.06 14:15:40.257,0.90111,0.90121,1.60,1.20
2010.05.06 14:15:40.400,0.90107,0.90121,2.30,2.10
2010.05.06 14:15:40.501,0.90106,0.90121,2.70,1.90
2010.05.06 14:15:40.828,0.90103,0.90119,1.40,1.20
2010.05.06 14:15:40.871,0.90107,0.90119,1.10,1.10
2010.05.06 14:15:41.315,0.90106,0.90119,2.80,0.86
2010.05.06 14:15:41.645,0.90105,0.90119,2.50,0.88
2010.05.06 14:15:41.932,0.90106,0.90119,1.60,0.79
2010.05.06 14:15:43.350,0.90111,0.90119,0.83,1.60
2010.05.06 14:15:43.546,0.90113,0.90119,2.00,1.10
2010.05.06 14:15:44.138,0.90116,0.90128,1.00,3.10
2010.05.06 14:15:44.205,0.90103,0.90119,1.40,1.50
2010.05.06 14:15:44.413,0.90112,0.90119,1.30,1.10
2010.05.06 14:15:44.736,0.9011,0.90119,4.00,1.10
2010.05.06 14:15:44.849,0.90107,0.90119,0.89,0.88
2010.05.06 14:15:45.010,0.90105,0.90119,2.90,1.30
2010.05.06 14:15:46.034,0.90101,0.90113,1.60,1.80
2010.05.06 14:15:46.263,0.90091,0.90104,1.10,2.20
2010.05.06 14:15:46.433,0.90096,0.90104,0.78,1.60
2010.05.06 14:15:46.781,0.90092,0.90101,0.78,0.86
2010.05.06 14:15:46.800,0.90095,0.90101,1.40,1.20
2010.05.06 14:15:47.932,0.90089,0.90103,3.00,1.60
2010.05.06 14:15:48.223,0.90086,0.90097,1.20,0.59
2010.05.06 14:15:48.409,0.90087,0.90098,0.84,1.20
2010.05.06 14:15:48.987,0.9009,0.90099,2.30,0.98
2010.05.06 14:15:49.063,0.90087,0.90099,0.72,0.69
2010.05.06 14:15:49.399,0.90092,0.90099,1.20,1.20
2010.05.06 14:15:49.403,0.90095,0.90104,1.30,0.96
2010.05.06 14:15:49.664,0.90092,0.90104,2.00,1.50
2010.05.06 14:15:49.800,0.90096,0.90107,1.00,1.30
2010.05.06 14:15:50.116,0.90101,0.90107,1.50,1.10
2010.05.06 14:15:50.339,0.901,0.90109,2.10,2.50
2010.05.06 14:15:50.711,0.90099,0.90113,0.71,2.60
2010.05.06 14:15:50.966,0.90098,0.90113,1.80,1.40
2010.05.06 14:15:51.102,0.90097,0.90113,1.30,0.99
2010.05.06 14:15:51.240,0.90098,0.90113,1.20,0.91
2010.05.06 14:15:51.572,0.90099,0.90112,1.30,0.97
2010.05.06 14:15:51.606,0.901,0.90112,1.80,1.10
2010.05.06 14:15:51.805,0.90101,0.90112,2.00,0.82
2010.05.06 14:15:52.148,0.90105,0.90113,3.60,2.10
2010.05.06 14:15:52.263,0.90106,0.90113,1.40,4.10
2010.05.06 14:15:52.530,0.90105,0.90114,0.32,1.10
2010.05.06 14:15:52.739,0.90104,0.90113,0.79,1.40
2010.05.06 14:15:52.916,0.90096,0.90113,1.50,2.10
2010.05.06 14:15:53.020,0.90097,0.90113,1.50,2.10
2010.05.06 14:15:53.349,0.901,0.90113,1.50,1.80
2010.05.06 14:15:53.622,0.90101,0.90113,1.40,1.70
2010.05.06 14:15:53.856,0.90096,0.90109,0.66,0.78
2010.05.06 14:15:55.087,0.90101,0.90109,2.20,2.30
2010.05.06 14:15:55.687,0.901,0.90109,3.60,1.30
2010.05.06 14:15:56.034,0.90101,0.90114,1.50,1.30
2010.05.06 14:15:56.342,0.901,0.90114,1.20,1.80
2010.05.06 14:15:56.547,0.90101,0.90114,0.89,1.50
2010.05.06 14:15:56.757,0.90096,0.90112,1.40,0.97
2010.05.06 14:15:57.431,0.90091,0.90107,2.10,1.30
2010.05.06 14:15:58.071,0.90095,0.90104,1.50,1.10
2010.05.06 14:15:58.362,0.90096,0.90104,1.10,1.00
2010.05.06 14:15:58.562,0.90098,0.9011,1.50,0.67
2010.05.06 14:15:58.835,0.90101,0.90109,1.10,1.10
2010.05.06 14:15:59.661,0.90104,0.90114,2.70,1.80
2010.05.06 14:16:00.105,0.90112,0.90119,0.79,1.10
2010.05.06 14:16:00.705,0.90113,0.90125,2.80,1.90
2010.05.06 14:16:01.216,0.90114,0.90127,0.95,1.20
2010.05.06 14:16:01.354,0.90113,0.90128,1.30,1.90
2010.05.06 14:16:01.741,0.90115,0.90128,1.80,1.00
2010.05.06 14:16:01.887,0.90116,0.90124,1.40,1.30
2010.05.06 14:16:02.113,0.90111,0.90125,1.40,2.20
2010.05.06 14:16:02.276,0.90114,0.90128,2.60,1.70
2010.05.06 14:16:02.561,0.90115,0.90124,2.00,1.80
2010.05.06 14:16:02.921,0.90116,0.90124,1.10,1.20
2010.05.06 14:16:03.165,0.90118,0.90127,2.30,1.60
2010.05.06 14:16:03.507,0.90119,0.90127,1.70,0.64
2010.05.06 14:16:03.668,0.90122,0.90132,1.20,1.80
2010.05.06 14:16:04.176,0.90121,0.9013,1.50,1.50
2010.05.06 14:16:04.227,0.90116,0.90129,1.90,1.70
2010.05.06 14:16:04.469,0.90113,0.90129,1.70,2.00
2010.05.06 14:16:04.752,0.90115,0.90129,2.60,1.30
2010.05.06 14:16:04.973,0.90116,0.90129,0.97,1.70
2010.05.06 14:16:05.043,0.90119,0.90133,0.74,1.80
2010.05.06 14:16:06.046,0.90122,0.90134,2.20,1.20
2010.05.06 14:16:06.231,0.90127,0.90134,1.20,1.70
2010.05.06 14:16:06.482,0.90126,0.90137,1.90,1.70
2010.05.06 14:16:06.780,0.90124,0.90135,1.90,4.00
2010.05.06 14:16:06.950,0.90123,0.90135,3.70,1.80
2010.05.06 14:16:07.008,0.90122,0.90136,1.50,1.70
2010.05.06 14:16:07.564,0.90121,0.90136,1.10,1.50
2010.05.06 14:16:07.899,0.9012,0.90134,1.00,2.00
2010.05.06 14:16:08.174,0.90119,0.90134,1.60,1.60
2010.05.06 14:16:08.438,0.90124,0.90133,1.10,1.50
2010.05.06 14:16:08.929,0.90126,0.90133,2.30,2.20
2010.05.06 14:16:09.049,0.90127,0.90137,1.60,1.80
2010.05.06 14:16:09.202,0.90128,0.90139,2.00,1.60
2010.05.06 14:16:09.313,0.9013,0.90139,2.20,0.82
2010.05.06 14:16:09.437,0.90134,0.90143,0.95,1.60
2010.05.06 14:16:09.523,0.90135,0.90143,2.40,1.60
2010.05.06 14:16:09.604,0.90134,0.90143,1.60,1.30
2010.05.06 14:16:09.684,0.90135,0.90144,0.84,1.10
2010.05.06 14:16:09.843,0.90136,0.90144,1.20,1.60
2010.05.06 14:16:09.900,0.90139,0.90148,0.89,1.90
2010.05.06 14:16:10.172,0.90134,0.90149,0.95,0.75
2010.05.06 14:16:10.513,0.90136,0.90149,1.30,1.90
2010.05.06 14:16:10.894,0.90143,0.90149,1.20,3.00
2010.05.06 14:16:11.185,0.90141,0.9015,1.70,1.50
2010.05.06 14:16:11.350,0.90136,0.9015,3.30,1.10
2010.05.06 14:16:11.909,0.90137,0.90148,2.70,2.50
2010.05.06 14:16:12.061,0.90138,0.90149,1.40,1.90
2010.05.06 14:16:12.177,0.90139,0.90149,1.30,1.90
2010.05.06 14:16:12.275,0.9014,0.90149,0.87,1.20
2010.05.06 14:16:12.474,0.90139,0.90149,1.10,1.60
2010.05.06 14:16:12.568,0.90143,0.90149,1.10,2.30
2010.05.06 14:16:12.655,0.90145,0.90149,2.90,1.60
2010.05.06 14:16:12.791,0.90146,0.90154,1.00,1.30
2010.05.06 14:16:12.939,0.90147,0.90161,2.10,0.68
2010.05.06 14:16:13.173,0.90149,0.90164,0.90,1.20
2010.05.06 14:16:13.370,0.9015,0.90164,1.30,1.10
2010.05.06 14:16:13.424,0.90151,0.90164,1.10,1.50
2010.05.06 14:16:13.776,0.90152,0.90164,0.92,1.30
2010.05.06 14:16:13.895,0.90154,0.90165,2.20,1.70
2010.05.06 14:16:14.197,0.90155,0.90164,2.20,1.20
2010.05.06 14:16:14.460,0.90156,0.90164,1.20,2.70
2010.05.06 14:16:14.648,0.90155,0.90169,1.40,2.90
2010.05.06 14:16:14.852,0.90157,0.90169,2.30,0.79
2010.05.06 14:16:15.109,0.90156,0.90169,1.30,1.90
2010.05.06 14:16:15.380,0.90154,0.90169,1.30,1.20
2010.05.06 14:16:15.967,0.90155,0.90169,1.30,1.80
2010.05.06 14:16:16.330,0.90154,0.90169,1.00,1.60
2010.05.06 14:16:16.889,0.90152,0.90169,1.30,2.10
2010.05.06 14:16:18.432,0.90151,0.90168,1.20,2.70
2010.05.06 14:16:20.287,0.90146,0.90163,2.40,1.00
2010.05.06 14:16:22.083,0.90147,0.90163,1.60,1.00
2010.05.06 14:16:22.267,0.9015,0.90163,0.93,1.30
2010.05.06 14:16:22.540,0.90151,0.90163,2.70,1.20
2010.05.06 14:16:22.700,0.90155,0.90166,2.10,0.89
2010.05.06 14:16:22.803,0.90156,0.90168,1.50,1.40
2010.05.06 14:16:23.085,0.90159,0.90173,1.70,1.40
2010.05.06 14:16:23.531,0.9016,0.90173,1.30,1.90
2010.05.06 14:16:23.972,0.90161,0.90173,2.00,1.70
2010.05.06 14:16:24.328,0.90162,0.90178,1.30,2.80
2010.05.06 14:16:24.849,0.90163,0.90178,1.40,2.60
2010.05.06 14:16:25.022,0.90164,0.90178,1.60,2.50
2010.05.06 14:16:25.312,0.90165,0.90178,1.40,1.10
2010.05.06 14:16:25.708,0.9017,0.90178,0.80,1.90
2010.05.06 14:16:25.773,0.90171,0.9018,0.91,1.30
2010.05.06 14:16:26.229,0.90169,0.90179,0.77,1.30
2010.05.06 14:16:26.537,0.90168,0.90179,1.60,1.30
2010.05.06 14:16:26.680,0.90167,0.90179,0.91,0.82
2010.05.06 14:16:27.003,0.90166,0.90179,1.70,2.40
2010.05.06 14:16:27.372,0.90162,0.90176,4.20,1.50
2010.05.06 14:16:27.687,0.90168,0.90176,2.70,2.30
2010.05.06 14:16:27.768,0.90166,0.90176,1.20,2.20
2010.05.06 14:16:28.406,0.90165,0.90176,2.40,1.40
2010.05.06 14:16:28.764,0.90163,0.90176,1.60,3.10
2010.05.06 14:16:29.106,0.90162,0.90176,1.90,0.88
2010.05.06 14:16:29.369,0.90163,0.90176,0.88,1.80
2010.05.06 14:16:29.817,0.90169,0.90177,1.70,2.10
2010.05.06 14:16:32.089,0.9017,0.90182,0.56,1.60
2010.05.06 14:16:32.339,0.90171,0.90184,2.20,1.20
2010.05.06 14:16:32.724,0.9017,0.90182,1.70,2.10
2010.05.06 14:16:32.810,0.90172,0.90182,1.50,1.60
2010.05.06 14:16:33.328,0.90171,0.90184,0.98,0.96
2010.05.06 14:16:35.458,0.90172,0.90186,2.00,1.40
2010.05.06 14:16:36.225,0.90173,0.90189,1.10,1.30
2010.05.06 14:16:36.303,0.90174,0.90189,1.00,1.70
2010.05.06 14:16:36.672,0.90176,0.90189,1.20,1.20
2010.05.06 14:16:36.779,0.90171,0.90188,2.40,1.90
