2010.05.02 23:00:10.172,0.92444,0.92449,1.40,0.45
2010.05.02 23:00:10.416,0.92441,0.92459,2.00,1.10
2010.05.02 23:00:10.757,0.92439,0.92458,1.20,2.30
2010.05.02 23:00:14.187,0.92432,0.92451,4.70,0.74
2010.05.02 23:00:14.503,0.92429,0.92444,1.90,1.60
2010.05.02 23:00:15.321,0.92434,0.92444,2.60,2.70
2010.05.02 23:00:17.742,0.92439,0.92444,2.40,0.48
2010.05.02 23:00:35.272,0.92436,0.92454,1.60,1.80
2010.05.02 23:00:35.709,0.92434,0.92449,0.72,1.10
2010.05.02 23:00:40.369,0.92431,0.92449,5.00,1.40
2010.05.02 23:00:40.584,0.92429,0.92444,1.30,1.30
2010.05.02 23:01:08.428,0.92426,0.92444,2.40,3.10
2010.05.02 23:01:16.733,0.92431,0.92444,1.20,4.70
2010.05.02 23:01:19.950,0.92426,0.92442,1.30,2.50
2010.05.02 23:01:23.189,0.92431,0.92444,0.81,2.10
2010.05.02 23:01:28.995,0.92426,0.92444,1.40,1.10
2010.05.02 23:01:30.080,0.92427,0.92444,1.50,1.50
2010.05.02 23:01:30.855,0.92431,0.92444,0.66,2.90
2010.05.02 23:02:14.100,0.92425,0.92455,1.40,1.50
2010.05.02 23:02:20.068,0.92426,0.92444,1.50,1.50
2010.05.02 23:02:24.595,0.92429,0.92444,0.71,2.20
2010.05.02 23:02:25.413,0.92426,0.92444,0.71,0.91
2010.05.02 23:02:25.829,0.92424,0.92439,2.20,1.70
2010.05.02 23:02:26.083,0.92429,0.92439,2.70,0.57
2010.05.02 23:02:34.460,0.92434,0.92444,1.20,1.20
2010.05.02 23:02:45.276,0.92439,0.92449,1.90,2.00
2010.05.02 23:02:45.604,0.92436,0.92449,0.42,0.72
2010.05.02 23:02:45.890,0.92434,0.92449,1.30,0.77
2010.05.02 23:03:06.322,0.92439,0.92449,1.60,2.50
2010.05.02 23:03:13.059,0.92436,0.92454,1.40,1.10
2010.05.02 23:03:13.922,0.92434,0.92449,1.00,1.20
2010.05.02 23:03:19.298,0.92431,0.92449,1.20,1.20
2010.05.02 23:03:30.180,0.92436,0.92449,1.20,3.40
2010.05.02 23:03:33.269,0.9244,0.92454,0.58,1.10
2010.05.02 23:03:41.121,0.92438,0.92454,1.50,0.47
2010.05.02 23:03:41.797,0.92436,0.92454,0.81,1.50
2010.05.02 23:03:44.354,0.92437,0.92454,1.70,1.10
2010.05.02 23:03:44.565,0.92446,0.92454,2.30,1.10
2010.05.02 23:03:45.002,0.92441,0.92454,2.20,1.60
2010.05.02 23:03:45.647,0.92435,0.92458,2.10,0.95
2010.05.02 23:03:45.829,0.92432,0.92458,1.20,0.91
2010.05.02 23:03:49.644,0.92431,0.92444,0.48,2.80
2010.05.02 23:03:56.133,0.92427,0.92444,0.89,1.10
2010.05.02 23:03:56.642,0.92426,0.92444,1.30,0.47
2010.05.02 23:03:58.257,0.92429,0.92444,0.63,1.80
2010.05.02 23:04:02.153,0.92431,0.92444,1.30,1.30
2010.05.02 23:04:02.501,0.92434,0.92449,0.62,2.80
2010.05.02 23:04:02.995,0.92431,0.92449,0.82,1.20
2010.05.02 23:04:05.483,0.92429,0.92444,0.47,0.89
2010.05.02 23:04:31.422,0.92434,0.92444,0.79,1.70
2010.05.02 23:04:55.484,0.92439,0.92449,2.20,0.79
2010.05.02 23:05:16.178,0.92436,0.92454,1.40,1.10
2010.05.02 23:05:24.552,0.92431,0.92449,1.10,1.30
2010.05.02 23:05:27.628,0.92434,0.92449,0.60,2.60
2010.05.02 23:05:53.235,0.92436,0.92449,1.60,2.10
2010.05.02 23:05:53.878,0.92439,0.92454,1.00,0.94
2010.05.02 23:06:18.479,0.92436,0.92454,1.40,0.54
2010.05.02 23:06:18.976,0.92434,0.92449,0.50,0.63
2010.05.02 23:06:32.003,0.92431,0.92449,0.52,1.40
2010.05.02 23:06:32.366,0.9243,0.92444,1.60,2.30
2010.05.02 23:06:32.663,0.92429,0.92444,1.40,2.20
2010.05.02 23:06:32.961,0.92431,0.92444,1.40,1.60
2010.05.02 23:06:52.518,0.92432,0.92449,1.40,1.40
2010.05.02 23:06:56.154,0.9243,0.92444,1.20,0.86
2010.05.02 23:06:56.652,0.92431,0.92444,1.80,0.62
2010.05.02 23:07:07.064,0.92432,0.92449,0.64,1.20
2010.05.02 23:07:07.490,0.92435,0.92449,1.60,1.30
2010.05.02 23:07:07.650,0.92441,0.92449,1.10,0.74
2010.05.02 23:07:07.830,0.92432,0.92449,2.30,2.30
2010.05.02 23:07:11.207,0.92435,0.92449,3.50,1.80
2010.05.02 23:07:11.662,0.92441,0.92449,3.20,1.60
2010.05.02 23:07:13.458,0.92431,0.92449,0.91,0.44
2010.05.02 23:07:28.105,0.92432,0.92449,3.30,1.70
2010.05.02 23:07:28.374,0.92435,0.92449,1.80,0.98
2010.05.02 23:07:28.743,0.92436,0.92449,1.40,0.92
2010.05.02 23:07:35.893,0.9244,0.92454,0.80,0.61
2010.05.02 23:07:36.307,0.92446,0.92454,1.70,1.10
2010.05.02 23:07:45.243,0.92445,0.92454,2.10,2.50
2010.05.02 23:07:45.953,0.92436,0.92454,1.40,2.50
2010.05.02 23:07:49.014,0.92438,0.92454,1.40,0.69
2010.05.02 23:07:49.221,0.9244,0.92454,1.40,2.60
2010.05.02 23:07:49.430,0.92438,0.92454,0.60,0.78
2010.05.02 23:07:49.613,0.9244,0.92454,0.30,4.00
2010.05.02 23:07:49.877,0.92446,0.92454,2.60,0.72
2010.05.02 23:07:57.677,0.92445,0.92454,2.30,1.10
2010.05.02 23:08:52.990,0.92439,0.92462,2.20,0.75
2010.05.02 23:09:17.297,0.92434,0.92455,0.79,0.69
2010.05.02 23:09:17.781,0.92439,0.92449,1.10,0.89
2010.05.02 23:10:30.470,0.92435,0.92458,0.56,0.89
2010.05.02 23:10:30.737,0.92436,0.92454,0.90,0.72
2010.05.02 23:10:34.152,0.92435,0.92444,1.50,1.20
2010.05.02 23:10:34.336,0.9243,0.92444,0.64,0.55
2010.05.02 23:10:34.570,0.92427,0.92444,1.20,1.40
2010.05.02 23:10:34.752,0.92426,0.92444,1.50,1.20
2010.05.02 23:10:34.874,0.92425,0.92439,1.40,2.90
2010.05.02 23:10:36.934,0.92429,0.92439,2.80,0.68
2010.05.02 23:10:48.907,0.92426,0.92444,1.20,2.20
2010.05.02 23:11:01.287,0.92421,0.92434,0.71,3.20
2010.05.02 23:11:01.542,0.92424,0.92434,1.90,2.70
2010.05.02 23:11:48.213,0.92415,0.92454,0.68,1.30
2010.05.02 23:11:48.564,0.92421,0.92439,1.30,1.80
2010.05.02 23:12:14.501,0.92425,0.92439,1.60,1.70
2010.05.02 23:12:45.089,0.92415,0.92455,2.10,0.60
2010.05.02 23:12:50.895,0.92418,0.92447,1.70,1.50
2010.05.02 23:12:54.593,0.92429,0.92444,1.60,2.80
2010.05.02 23:12:57.306,0.9243,0.92444,1.60,1.10
2010.05.02 23:12:58.652,0.92435,0.92444,1.40,1.20
2010.05.02 23:13:00.206,0.9244,0.92449,3.20,2.30
2010.05.02 23:13:00.787,0.92436,0.92451,1.30,1.00
2010.05.02 23:13:18.009,0.92435,0.92449,0.65,1.90
2010.05.02 23:13:18.306,0.9244,0.92449,3.30,1.10
2010.05.02 23:13:18.594,0.92435,0.92449,0.67,1.60
2010.05.02 23:13:18.754,0.9244,0.92449,0.85,2.20
2010.05.02 23:13:55.001,0.92434,0.92465,2.60,1.10
2010.05.02 23:13:55.271,0.92436,0.92449,0.76,1.10
2010.05.02 23:13:55.299,0.92429,0.92444,1.20,1.00
2010.05.02 23:13:55.435,0.92426,0.92444,1.00,0.69
2010.05.02 23:13:55.649,0.92431,0.92444,0.46,1.30
2010.05.02 23:13:55.724,0.9243,0.92444,2.40,2.30
2010.05.02 23:13:55.966,0.92426,0.92444,0.64,0.48
2010.05.02 23:14:57.080,0.92431,0.92444,0.59,1.80
2010.05.02 23:14:57.595,0.92436,0.92444,2.60,1.20
2010.05.02 23:14:58.393,0.92441,0.92454,1.20,1.60
2010.05.02 23:14:58.551,0.9244,0.92444,0.90,0.48
2010.05.02 23:15:01.066,0.92436,0.92445,1.40,2.20
2010.05.02 23:15:01.209,0.92434,0.92444,0.75,1.60
2010.05.02 23:15:01.261,0.92428,0.92444,1.80,2.70
2010.05.02 23:15:01.481,0.92434,0.92444,1.20,1.70
2010.05.02 23:15:01.545,0.92437,0.92444,2.00,0.90
2010.05.02 23:15:01.672,0.92441,0.9245,1.10,0.99
2010.05.02 23:15:01.816,0.92442,0.92459,2.30,0.91
2010.05.02 23:15:01.963,0.92446,0.92459,1.60,1.50
2010.05.02 23:15:02.284,0.9244,0.92454,0.94,1.20
2010.05.02 23:15:02.443,0.92439,0.92454,1.20,0.64
2010.05.02 23:15:02.919,0.9244,0.92454,1.20,0.58
2010.05.02 23:15:03.982,0.92437,0.92454,0.94,1.60
2010.05.02 23:15:09.199,0.92441,0.92454,4.40,1.40
2010.05.02 23:15:55.313,0.92435,0.92465,2.50,0.68
2010.05.02 23:15:58.235,0.92437,0.92463,0.93,0.99
2010.05.02 23:16:09.359,0.9244,0.9246,1.80,1.20
2010.05.02 23:16:39.043,0.92445,0.9246,1.80,0.59
2010.05.02 23:16:39.349,0.92446,0.9246,1.50,0.93
2010.05.02 23:16:39.526,0.92441,0.92459,1.10,1.90
2010.05.02 23:16:39.898,0.92445,0.92459,2.50,0.88
2010.05.02 23:16:40.950,0.92446,0.92459,1.60,1.20
2010.05.02 23:17:19.808,0.92442,0.92467,2.20,0.52
2010.05.02 23:17:47.481,0.92446,0.9246,2.20,1.30
2010.05.02 23:17:47.988,0.92441,0.92459,2.00,2.80
2010.05.02 23:18:29.782,0.92439,0.92465,2.20,0.90
2010.05.02 23:19:04.324,0.92436,0.92465,1.80,1.20
2010.05.02 23:19:04.585,0.92441,0.92456,3.10,0.85
2010.05.02 23:19:04.820,0.92436,0.92454,1.40,2.10
2010.05.02 23:19:10.608,0.92441,0.92454,1.50,1.00
2010.05.02 23:19:36.718,0.92446,0.92459,2.20,1.20
2010.05.02 23:20:07.258,0.92438,0.92464,4.00,0.83
2010.05.02 23:20:13.027,0.9244,0.92464,0.75,1.30
2010.05.02 23:20:59.897,0.92435,0.92465,1.20,0.47
2010.05.02 23:21:08.511,0.9244,0.92465,2.10,2.00
2010.05.02 23:21:23.140,0.92443,0.92465,0.84,0.31
2010.05.02 23:21:23.649,0.92446,0.92465,2.30,1.70
2010.05.02 23:21:23.987,0.92451,0.92464,1.00,0.32
2010.05.02 23:22:01.155,0.9244,0.92465,2.00,1.80
2010.05.02 23:22:16.443,0.92445,0.92465,2.80,1.00
2010.05.02 23:22:17.954,0.92447,0.92465,4.50,1.00
2010.05.02 23:22:22.135,0.9245,0.92465,1.10,1.60
2010.05.02 23:22:22.940,0.92451,0.92469,0.91,0.98
2010.05.02 23:22:36.868,0.92456,0.92469,0.49,1.10
2010.05.02 23:22:37.784,0.92451,0.92469,0.71,0.60
2010.05.02 23:23:16.241,0.92445,0.92475,2.30,0.92
2010.05.02 23:23:17.299,0.92461,0.92472,0.74,1.30
2010.05.02 23:23:17.623,0.92466,0.92469,0.73,1.20
2010.05.02 23:23:17.746,0.92462,0.92479,1.80,0.93
2010.05.02 23:23:18.123,0.92461,0.92476,2.60,1.60
2010.05.02 23:23:18.516,0.9246,0.92474,2.70,1.80
2010.05.02 23:23:18.709,0.92458,0.92474,2.10,1.50
2010.05.02 23:23:24.257,0.92456,0.92474,1.50,1.90
2010.05.02 23:23:24.887,0.92451,0.92464,1.30,1.60
2010.05.02 23:23:26.298,0.92453,0.92464,1.30,3.80
2010.05.02 23:23:26.821,0.92456,0.92464,1.30,2.90
2010.05.02 23:23:58.649,0.92459,0.92474,1.90,0.82
2010.05.02 23:25:44.636,0.92461,0.92474,1.40,0.94
2010.05.02 23:26:17.175,0.92455,0.92479,0.71,1.40
2010.05.02 23:26:39.763,0.92461,0.92483,2.40,1.40
2010.05.02 23:26:40.114,0.92464,0.92483,0.95,1.40
2010.05.02 23:27:14.415,0.92455,0.92479,0.97,1.60
2010.05.02 23:27:27.278,0.92437,0.92457,1.10,1.90
2010.05.02 23:27:27.554,0.92435,0.92453,1.80,1.10
2010.05.02 23:28:13.766,0.9243,0.92452,1.10,2.10
2010.05.02 23:28:22.886,0.92432,0.92451,1.70,1.40
2010.05.02 23:29:08.110,0.9243,0.92452,0.96,1.20
2010.05.02 23:29:15.526,0.92432,0.92452,3.30,1.20
2010.05.02 23:29:19.656,0.92436,0.92452,3.00,2.90
2010.05.02 23:30:01.107,0.92435,0.92452,2.50,0.54
2010.05.02 23:30:01.415,0.92444,0.92454,2.10,1.20
2010.05.02 23:30:01.828,0.92446,0.92454,1.50,1.40
2010.05.02 23:30:05.477,0.92447,0.92462,0.40,1.30
2010.05.02 23:30:05.639,0.92451,0.92464,2.60,1.50
2010.05.02 23:30:10.623,0.92442,0.92454,1.40,0.89
2010.05.02 23:30:11.069,0.92447,0.92454,0.95,1.20
2010.05.02 23:30:11.415,0.92449,0.92464,1.40,1.70
2010.05.02 23:30:11.549,0.9245,0.92464,1.60,3.70
2010.05.02 23:30:11.825,0.92451,0.92464,0.88,5.50
2010.05.02 23:30:13.496,0.92442,0.92454,1.40,1.10
2010.05.02 23:30:13.630,0.92446,0.92454,0.55,0.99
2010.05.02 23:30:14.137,0.92451,0.92462,0.33,2.80
2010.05.02 23:30:15.408,0.9245,0.92454,1.60,1.10
2010.05.02 23:30:15.692,0.92446,0.92454,0.99,0.68
2010.05.02 23:30:16.441,0.9245,0.92464,3.90,3.30
2010.05.02 23:30:16.725,0.92451,0.92465,3.10,1.40
2010.05.02 23:30:17.445,0.92452,0.92464,1.20,1.60
2010.05.02 23:30:18.008,0.92451,0.92465,1.70,1.20
2010.05.02 23:30:18.201,0.92445,0.92454,0.86,1.60
2010.05.02 23:30:18.474,0.92442,0.92454,1.20,0.85
2010.05.02 23:30:18.523,0.92446,0.92454,1.80,0.67
2010.05.02 23:30:18.765,0.92447,0.92455,0.56,2.20
2010.05.02 23:30:18.895,0.92451,0.92462,2.80,0.63
2010.05.02 23:30:19.454,0.92456,0.92464,1.00,0.62
2010.05.02 23:30:19.514,0.92457,0.9247,1.60,2.90
2010.05.02 23:30:20.305,0.92456,0.92472,1.80,1.20
2010.05.02 23:30:20.777,0.92452,0.92462,2.10,3.60
2010.05.02 23:30:21.354,0.92455,0.92464,0.87,1.20
2010.05.02 23:30:21.542,0.92457,0.92464,1.00,1.40
2010.05.02 23:30:29.303,0.92455,0.92464,2.70,0.95
2010.05.02 23:30:29.752,0.92451,0.92464,1.40,0.99
2010.05.02 23:30:30.996,0.92456,0.92464,2.70,0.56
2010.05.02 23:30:32.092,0.92455,0.92467,1.20,1.00
2010.05.02 23:30:32.349,0.92453,0.92467,0.62,1.20
2010.05.02 23:30:32.500,0.92451,0.92467,0.60,0.76
2010.05.02 23:30:32.679,0.9245,0.92459,4.00,1.50
2010.05.02 23:30:32.900,0.92446,0.92459,1.70,1.10
2010.05.02 23:30:37.213,0.92449,0.92457,1.60,0.68
2010.05.02 23:30:37.569,0.92451,0.92459,1.10,0.51
2010.05.02 23:30:43.240,0.9245,0.92459,0.46,2.60
2010.05.02 23:30:43.547,0.92446,0.92457,0.67,1.50
2010.05.02 23:30:52.268,0.92449,0.92462,1.60,0.83
2010.05.02 23:30:52.634,0.92452,0.92462,0.80,0.96
2010.05.02 23:30:52.848,0.92455,0.92464,0.82,1.00
2010.05.02 23:30:54.054,0.92454,0.92467,0.87,2.00
2010.05.02 23:30:56.315,0.92459,0.92467,1.10,1.10
2010.05.02 23:30:56.366,0.9246,0.92474,3.10,1.60
2010.05.02 23:30:56.868,0.92461,0.92474,1.10,1.50
2010.05.02 23:30:58.795,0.92466,0.92479,1.90,1.40
2010.05.02 23:31:01.506,0.92455,0.92467,1.00,0.71
2010.05.02 23:31:05.316,0.92456,0.92469,1.10,0.89
2010.05.02 23:31:06.121,0.92458,0.92472,1.40,0.51
2010.05.02 23:31:06.332,0.92461,0.92474,1.60,0.74
2010.05.02 23:31:06.629,0.92465,0.92479,1.90,0.41
2010.05.02 23:31:06.844,0.92466,0.92479,1.90,2.90
2010.05.02 23:31:08.263,0.9246,0.92472,0.67,0.58
2010.05.02 23:31:11.731,0.92461,0.92474,0.94,1.60
2010.05.02 23:31:15.009,0.92454,0.92464,1.00,0.80
2010.05.02 23:31:15.544,0.92455,0.92469,1.10,0.79
2010.05.02 23:31:15.916,0.92461,0.92469,2.20,0.88
2010.05.02 23:31:16.362,0.92464,0.92477,1.60,1.50
2010.05.02 23:31:16.603,0.92466,0.92477,0.74,1.00
2010.05.02 23:31:19.035,0.92464,0.92474,2.90,0.79
2010.05.02 23:31:19.620,0.92461,0.92472,0.73,1.20
2010.05.02 23:31:19.804,0.92458,0.92472,1.10,0.82
2010.05.02 23:31:28.239,0.9246,0.92474,0.32,1.50
2010.05.02 23:31:28.420,0.92466,0.92475,0.33,1.60
2010.05.02 23:31:28.939,0.92461,0.92477,0.77,4.00
2010.05.02 23:31:31.408,0.92456,0.92472,1.20,0.44
2010.05.02 23:31:37.866,0.9246,0.92472,1.40,0.72
2010.05.02 23:31:38.458,0.92465,0.92474,1.20,1.10
2010.05.02 23:31:38.924,0.92466,0.92479,3.80,1.50
2010.05.02 23:31:39.401,0.92471,0.92481,2.00,1.10
2010.05.02 23:31:39.576,0.92467,0.92481,0.61,1.10
2010.05.02 23:31:41.294,0.92463,0.92474,1.40,0.76
2010.05.02 23:31:42.219,0.92466,0.92479,0.89,0.94
2010.05.02 23:31:45.821,0.9246,0.92471,1.40,0.81
2010.05.02 23:31:46.998,0.92461,0.92474,1.10,1.30
2010.05.02 23:31:47.177,0.92462,0.92476,0.53,0.96
2010.05.02 23:31:47.328,0.92465,0.92476,0.61,2.30
2010.05.02 23:31:47.599,0.92466,0.92479,0.86,1.20
2010.05.02 23:31:47.812,0.92471,0.92479,0.99,0.84
2010.05.02 23:31:51.079,0.92466,0.92479,1.40,2.10
2010.05.02 23:31:55.838,0.92461,0.92476,3.00,1.10
2010.05.02 23:31:57.137,0.92465,0.92472,0.93,0.79
2010.05.02 23:31:57.467,0.92466,0.92479,0.43,3.50
2010.05.02 23:31:57.569,0.92468,0.92482,0.68,0.95
2010.05.02 23:31:57.978,0.92471,0.92484,1.50,1.20
2010.05.02 23:31:59.076,0.92467,0.92474,1.10,0.55
2010.05.02 23:31:59.382,0.92462,0.92474,0.58,1.60
2010.05.02 23:31:59.685,0.92466,0.92474,1.10,0.96
2010.05.02 23:31:59.869,0.92471,0.92482,2.40,0.73
2010.05.02 23:32:02.595,0.92464,0.92482,0.32,0.80
2010.05.02 23:32:15.420,0.92462,0.92482,2.70,1.60
2010.05.02 23:32:15.703,0.92457,0.92469,1.70,0.99
2010.05.02 23:32:17.210,0.92459,0.92474,0.82,3.10
2010.05.02 23:32:17.919,0.92466,0.92474,1.20,2.60
2010.05.02 23:32:18.311,0.92465,0.92479,1.30,0.50
2010.05.02 23:32:18.515,0.92461,0.92479,0.99,1.00
2010.05.02 23:32:18.927,0.92462,0.92479,1.50,1.90
2010.05.02 23:32:20.318,0.92466,0.92482,2.50,0.42
2010.05.02 23:32:20.850,0.92476,0.92482,1.60,2.00
2010.05.02 23:32:25.550,0.92472,0.92489,1.10,0.98
2010.05.02 23:32:26.393,0.92471,0.92489,0.54,0.84
2010.05.02 23:32:41.263,0.92476,0.92489,1.50,3.00
2010.05.02 23:32:42.409,0.92471,0.92489,1.70,0.45
2010.05.02 23:32:44.314,0.92473,0.92489,1.80,0.74
2010.05.02 23:32:44.341,0.92475,0.92489,3.50,2.00
2010.05.02 23:32:44.976,0.92476,0.92489,1.90,1.20
2010.05.02 23:32:46.791,0.92481,0.92494,0.57,1.90
2010.05.02 23:32:53.071,0.92486,0.92499,1.90,1.00
2010.05.02 23:32:53.674,0.92491,0.92504,1.20,1.20
2010.05.02 23:32:56.837,0.92496,0.92509,3.20,0.78
2010.05.02 23:32:57.259,0.92497,0.92514,0.80,0.97
2010.05.02 23:32:57.577,0.92501,0.92516,0.93,1.50
2010.05.02 23:32:58.021,0.92502,0.92519,2.10,0.80
2010.05.02 23:32:58.348,0.92505,0.92519,1.70,0.50
2010.05.02 23:32:58.873,0.92511,0.92524,0.84,1.80
2010.05.02 23:32:59.031,0.9251,0.92524,2.20,3.90
2010.05.02 23:32:59.397,0.92506,0.92524,0.58,0.78
2010.05.02 23:32:59.626,0.9251,0.92524,0.93,2.20
2010.05.02 23:32:59.914,0.92506,0.92524,0.66,1.20
2010.05.02 23:33:05.772,0.92511,0.92524,1.30,3.10
2010.05.02 23:33:06.071,0.92512,0.92529,1.50,0.95
2010.05.02 23:33:06.616,0.92515,0.92529,0.86,0.85
2010.05.02 23:33:06.907,0.92516,0.92529,0.84,0.72
2010.05.02 23:33:07.065,0.9251,0.92524,1.60,0.80
2010.05.02 23:33:07.983,0.92512,0.92524,2.20,0.79
2010.05.02 23:33:08.764,0.92511,0.92525,2.20,0.77
2010.05.02 23:33:09.099,0.92514,0.92529,1.00,1.80
2010.05.02 23:33:09.295,0.92515,0.92529,1.10,1.50
2010.05.02 23:33:09.358,0.9252,0.92529,0.55,0.97
2010.05.02 23:33:09.562,0.92521,0.92529,1.10,0.83
2010.05.02 23:33:09.823,0.9252,0.92534,0.48,1.30
2010.05.02 23:33:09.838,0.92516,0.92534,2.00,0.54
2010.05.02 23:33:10.059,0.92517,0.92534,1.20,1.80
2010.05.02 23:33:11.178,0.92519,0.92534,0.74,1.60
2010.05.02 23:33:11.333,0.9252,0.92534,1.60,1.20
2010.05.02 23:33:11.859,0.92521,0.92534,1.00,1.40
2010.05.02 23:33:14.202,0.92522,0.92539,1.50,0.57
2010.05.02 23:33:14.262,0.92525,0.92539,1.80,3.10
2010.05.02 23:33:14.670,0.92526,0.92539,1.60,0.97
2010.05.02 23:33:14.993,0.92531,0.92544,3.80,2.80
2010.05.02 23:33:17.946,0.92526,0.92544,0.97,1.50
2010.05.02 23:33:19.297,0.92531,0.92544,2.20,1.20
2010.05.02 23:33:19.661,0.9253,0.92543,1.80,1.20
2010.05.02 23:33:19.889,0.92526,0.92543,0.84,1.30
2010.05.02 23:33:21.995,0.92531,0.92545,1.50,0.44
2010.05.02 23:33:22.166,0.92536,0.92548,0.57,0.68
2010.05.02 23:33:27.994,0.92538,0.92554,0.58,3.00
2010.05.02 23:33:28.039,0.9254,0.92554,1.10,0.86
2010.05.02 23:33:28.590,0.92541,0.92554,1.70,1.30
2010.05.02 23:33:28.841,0.92538,0.92554,2.00,1.10
2010.05.02 23:33:30.319,0.9254,0.92554,1.40,1.40
2010.05.02 23:33:30.457,0.92541,0.92554,0.88,0.71
2010.05.02 23:33:30.842,0.92546,0.92558,1.10,1.50
2010.05.02 23:33:31.380,0.9255,0.92564,0.65,1.70
2010.05.02 23:33:31.594,0.92551,0.92564,2.60,2.20
2010.05.02 23:33:38.066,0.92555,0.92568,0.60,0.81
2010.05.02 23:33:38.368,0.92556,0.92568,0.97,0.92
2010.05.02 23:33:38.668,0.92558,0.92573,0.91,2.00
2010.05.02 23:33:38.973,0.92561,0.92573,1.80,1.60
2010.05.02 23:33:39.123,0.92562,0.92579,1.30,0.80
2010.05.02 23:33:39.545,0.92565,0.92579,1.20,1.00
2010.05.02 23:33:39.736,0.92566,0.92579,0.83,0.99
2010.05.02 23:33:45.194,0.92565,0.92579,1.10,1.40
2010.05.02 23:33:45.581,0.92562,0.92579,1.20,1.30
2010.05.02 23:33:45.953,0.92561,0.92579,2.30,1.50
2010.05.02 23:33:49.188,0.92556,0.92574,0.46,1.70
2010.05.02 23:33:54.184,0.92555,0.92569,0.48,2.10
2010.05.02 23:33:54.268,0.92552,0.92569,0.81,1.00
2010.05.02 23:33:54.592,0.92551,0.92569,1.50,0.56
2010.05.02 23:33:54.791,0.9255,0.92564,1.50,0.72
2010.05.02 23:33:56.211,0.92546,0.92555,1.00,0.71
2010.05.02 23:33:59.066,0.92545,0.92544,2.70,1.20
2010.05.02 23:33:59.504,0.92535,0.92544,1.40,4.10
2010.05.02 23:34:02.578,0.92534,0.92544,1.30,0.59
2010.05.02 23:34:04.985,0.92537,0.92544,4.50,1.80
2010.05.02 23:34:11.401,0.92536,0.92554,0.80,0.82
2010.05.02 23:34:16.064,0.92539,0.92554,0.77,1.10
2010.05.02 23:34:16.477,0.9254,0.92554,2.50,0.49
2010.05.02 23:34:16.982,0.92545,0.92554,1.20,1.10
2010.05.02 23:34:17.990,0.9255,0.92559,1.20,0.81
2010.05.02 23:34:18.012,0.92546,0.92561,2.90,1.30
2010.05.02 23:34:18.328,0.92545,0.92559,1.40,3.10
2010.05.02 23:34:18.534,0.92541,0.92559,1.50,1.70
2010.05.02 23:34:18.765,0.92545,0.92559,1.70,4.40
2010.05.02 23:34:19.421,0.92541,0.92559,0.72,2.30
2010.05.02 23:34:34.782,0.92537,0.9255,0.90,0.67
2010.05.02 23:34:35.376,0.92543,0.92554,1.70,1.00
2010.05.02 23:34:35.956,0.92546,0.9256,1.10,0.60
2010.05.02 23:34:37.233,0.9255,0.92564,2.00,0.99
2010.05.02 23:34:37.341,0.92546,0.92562,0.36,1.10
2010.05.02 23:34:37.669,0.92545,0.92559,0.38,0.70
2010.05.02 23:34:37.914,0.92541,0.92559,1.10,1.00
2010.05.02 23:34:51.138,0.9254,0.9255,0.80,2.30
2010.05.02 23:34:51.625,0.92536,0.9255,0.80,2.30
2010.05.02 23:34:52.144,0.9254,0.92554,3.00,1.40
2010.05.02 23:34:52.341,0.92545,0.92554,1.20,0.67
2010.05.02 23:34:52.896,0.92541,0.92559,0.31,1.40
2010.05.02 23:34:54.244,0.9255,0.92559,1.30,0.98
2010.05.02 23:35:01.172,0.92546,0.9256,1.40,1.70
2010.05.02 23:35:01.596,0.92545,0.92559,0.76,1.30
2010.05.02 23:35:03.788,0.9255,0.92559,1.10,0.72
2010.05.02 23:35:08.162,0.92546,0.92561,0.70,1.10
2010.05.02 23:35:08.485,0.9254,0.92554,2.20,1.80
2010.05.02 23:35:08.969,0.92538,0.92554,2.50,0.98
2010.05.02 23:35:10.216,0.9254,0.92554,0.76,1.10
2010.05.02 23:35:10.443,0.92545,0.92554,2.40,1.80
2010.05.02 23:35:10.875,0.92541,0.92554,0.84,0.74
2010.05.02 23:35:13.505,0.92536,0.9255,1.00,0.77
2010.05.02 23:35:22.833,0.92541,0.92554,0.87,1.20
2010.05.02 23:35:39.610,0.92543,0.92559,1.20,1.10
2010.05.02 23:35:42.209,0.92541,0.92558,1.70,1.40
2010.05.02 23:35:42.386,0.9254,0.92554,1.30,1.80
2010.05.02 23:35:42.708,0.92538,0.92554,2.00,0.77
2010.05.02 23:35:42.957,0.92537,0.92554,0.50,0.81
2010.05.02 23:35:43.458,0.9254,0.92554,1.30,0.72
2010.05.02 23:35:43.562,0.92541,0.92554,2.60,1.40
2010.05.02 23:35:45.286,0.9254,0.92544,2.30,0.76
2010.05.02 23:35:45.818,0.92533,0.92544,2.20,3.30
2010.05.02 23:35:46.113,0.92531,0.92549,1.40,1.10
2010.05.02 23:35:46.376,0.92535,0.92549,0.68,4.50
2010.05.02 23:35:46.774,0.92536,0.92549,2.50,1.50
2010.05.02 23:35:49.234,0.92537,0.92551,1.40,1.60
2010.05.02 23:35:49.570,0.92541,0.92554,1.40,0.55
2010.05.02 23:35:52.833,0.92537,0.92554,0.76,0.97
2010.05.02 23:35:55.103,0.92535,0.92549,1.00,0.57
2010.05.02 23:35:55.769,0.92536,0.92549,1.60,1.80
2010.05.02 23:36:05.128,0.92531,0.92544,0.71,0.44
2010.05.02 23:36:05.425,0.9253,0.92544,5.30,1.10
2010.05.02 23:36:05.896,0.92529,0.92544,1.10,1.40
2010.05.02 23:36:09.348,0.9253,0.92544,0.59,2.50
2010.05.02 23:36:09.546,0.92531,0.92544,1.30,1.30
2010.05.02 23:36:10.128,0.92535,0.92549,1.90,1.20
2010.05.02 23:36:10.587,0.92536,0.92549,2.10,1.70
2010.05.02 23:36:15.510,0.92541,0.92553,0.51,1.30
2010.05.02 23:36:20.242,0.92537,0.92554,1.80,1.40
2010.05.02 23:36:20.833,0.92536,0.92554,1.30,0.65
2010.05.02 23:36:33.319,0.92535,0.92544,0.95,1.40
2010.05.02 23:36:33.606,0.9253,0.92544,1.30,0.81
2010.05.02 23:36:33.783,0.92531,0.92544,2.30,1.90
2010.05.02 23:36:36.032,0.92532,0.92549,2.10,0.96
2010.05.02 23:36:36.348,0.92535,0.92549,1.00,2.50
2010.05.02 23:36:36.785,0.92536,0.92549,0.60,0.90
2010.05.02 23:36:43.055,0.92535,0.92549,0.81,0.76
2010.05.02 23:36:43.378,0.92532,0.92549,3.70,1.20
2010.05.02 23:36:43.661,0.92535,0.92549,2.70,1.40
2010.05.02 23:36:43.868,0.92536,0.92549,0.87,1.80
2010.05.02 23:36:45.786,0.92541,0.92552,2.20,1.70
2010.05.02 23:36:46.127,0.92538,0.92554,1.20,1.20
2010.05.02 23:36:46.341,0.92537,0.92554,1.40,1.70
2010.05.02 23:36:46.702,0.9254,0.92554,1.70,0.82
2010.05.02 23:36:46.818,0.92541,0.92554,0.77,1.00
2010.05.02 23:36:49.084,0.92538,0.92554,1.90,0.55
2010.05.02 23:36:49.425,0.92537,0.92554,1.10,2.20
2010.05.02 23:36:49.739,0.9254,0.92554,0.34,0.64
2010.05.02 23:36:49.795,0.92541,0.92554,0.64,1.10
2010.05.02 23:36:51.258,0.92536,0.9255,2.00,1.30
2010.05.02 23:36:51.524,0.9254,0.92554,0.73,1.30
2010.05.02 23:36:51.731,0.92541,0.92554,1.40,1.00
2010.05.02 23:36:52.099,0.92536,0.9255,4.50,2.20
2010.05.02 23:36:52.575,0.9254,0.92554,2.20,2.60
2010.05.02 23:36:52.723,0.92541,0.92554,1.20,1.60
2010.05.02 23:36:54.119,0.92536,0.9255,1.20,1.20
2010.05.02 23:36:56.032,0.92537,0.92554,0.65,1.60
2010.05.02 23:37:21.013,0.92539,0.92554,1.10,1.50
2010.05.02 23:37:21.624,0.9254,0.92554,0.85,1.40
2010.05.02 23:37:21.680,0.92545,0.92554,1.10,1.60
2010.05.02 23:37:55.317,0.92544,0.92574,2.00,1.20
2010.05.02 23:38:02.072,0.92522,0.92574,1.80,0.52
2010.05.02 23:38:02.297,0.92536,0.92561,1.30,2.50
2010.05.02 23:38:02.509,0.92541,0.92558,0.80,2.00
2010.05.02 23:38:02.790,0.92545,0.92558,1.60,1.30
2010.05.02 23:38:02.872,0.92536,0.92549,1.80,0.68
2010.05.02 23:38:03.399,0.92533,0.92549,0.55,1.70
2010.05.02 23:38:05.684,0.92531,0.92546,0.65,0.56
2010.05.02 23:38:07.029,0.92535,0.92544,1.30,2.40
2010.05.02 23:38:07.394,0.92536,0.92544,1.20,0.68
2010.05.02 23:38:07.509,0.92532,0.92549,1.20,1.50
2010.05.02 23:38:07.869,0.92531,0.92549,1.50,1.70
2010.05.02 23:38:12.314,0.92535,0.92544,1.40,1.40
2010.05.02 23:38:12.384,0.92536,0.92544,0.66,1.00
2010.05.02 23:38:12.999,0.9254,0.92554,1.70,0.91
2010.05.02 23:38:15.444,0.92536,0.9255,1.50,2.20
2010.05.02 23:38:15.633,0.92533,0.92549,4.20,1.30
2010.05.02 23:38:16.944,0.92531,0.92549,2.00,1.60
2010.05.02 23:38:30.320,0.92533,0.92549,0.99,1.10
2010.05.02 23:38:49.188,0.92538,0.92549,1.10,1.70
2010.05.02 23:38:49.543,0.92536,0.92549,1.20,1.40
2010.05.02 23:38:49.754,0.92543,0.9255,1.30,0.87
2010.05.02 23:38:59.145,0.92538,0.92554,1.20,0.48
2010.05.02 23:38:59.247,0.92545,0.92554,1.70,1.20
2010.05.02 23:38:59.460,0.92546,0.9256,4.50,2.20
2010.05.02 23:38:59.656,0.92553,0.9256,2.30,0.55
2010.05.02 23:38:59.958,0.92548,0.9256,0.81,1.00
2010.05.02 23:39:00.230,0.92546,0.9256,0.73,2.30
2010.05.02 23:39:00.427,0.92545,0.92559,0.85,1.00
2010.05.02 23:39:00.611,0.92543,0.92559,2.00,1.20
2010.05.02 23:39:00.859,0.92548,0.92559,1.10,1.50
2010.05.02 23:39:01.527,0.92553,0.92559,0.63,0.85
2010.05.02 23:39:02.671,0.92548,0.92562,2.00,0.79
2010.05.02 23:39:29.045,0.92553,0.92559,0.71,1.00
2010.05.02 23:39:29.832,0.92548,0.92562,1.50,0.95
2010.05.02 23:39:31.752,0.92553,0.92564,3.40,1.60
2010.05.02 23:39:34.073,0.92558,0.92569,1.40,2.20
2010.05.02 23:39:34.212,0.92553,0.92569,1.00,1.80
2010.05.02 23:39:34.511,0.92555,0.92569,1.50,2.60
2010.05.02 23:39:34.618,0.92561,0.9257,3.10,0.60
2010.05.02 23:39:34.863,0.92563,0.9257,1.20,1.40
2010.05.02 23:39:35.341,0.92561,0.92577,3.10,2.00
2010.05.02 23:39:35.802,0.92558,0.92574,0.64,1.40
2010.05.02 23:39:39.020,0.92556,0.92573,0.77,1.20
2010.05.02 23:39:39.288,0.92555,0.92569,0.42,1.10
2010.05.02 23:39:39.601,0.92553,0.92569,0.94,0.35
2010.05.02 23:39:39.986,0.92558,0.92569,0.66,1.20
2010.05.02 23:39:47.784,0.92556,0.92573,0.95,0.56
2010.05.02 23:39:48.380,0.92558,0.92569,1.00,0.52
2010.05.02 23:39:49.754,0.92556,0.92573,1.20,1.40
2010.05.02 23:39:50.410,0.92558,0.92569,1.30,0.98
2010.05.02 23:39:51.362,0.92556,0.92573,0.64,2.10
2010.05.02 23:39:51.759,0.92558,0.92573,1.30,1.20
2010.05.02 23:39:53.013,0.92555,0.92569,2.30,2.30
2010.05.02 23:39:53.963,0.92558,0.92569,1.70,1.40
2010.05.02 23:39:57.114,0.92562,0.92574,2.10,0.42
2010.05.02 23:39:57.635,0.92563,0.92574,1.20,0.65
2010.05.02 23:39:57.728,0.92568,0.92574,2.00,0.63
2010.05.02 23:40:00.295,0.92566,0.92583,0.60,3.00
2010.05.02 23:40:00.457,0.92563,0.92579,1.30,0.59
2010.05.02 23:40:00.863,0.92568,0.92579,1.50,2.20
2010.05.02 23:40:02.193,0.92566,0.92583,1.60,1.80
2010.05.02 23:40:02.834,0.92563,0.92579,2.20,2.50
2010.05.02 23:40:15.422,0.92561,0.92578,1.60,2.20
2010.05.02 23:40:15.648,0.92565,0.92574,0.85,0.56
2010.05.02 23:40:16.698,0.92568,0.92579,0.81,1.00
2010.05.02 23:40:17.128,0.92569,0.92584,1.10,0.81
2010.05.02 23:40:17.802,0.92573,0.92584,0.78,1.90
2010.05.02 23:40:35.231,0.92578,0.92585,2.30,2.50
2010.05.02 23:40:35.535,0.92576,0.92589,0.95,1.30
2010.05.02 23:40:36.108,0.9258,0.92589,1.30,0.65
2010.05.02 23:40:36.231,0.92581,0.92594,3.20,2.10
2010.05.02 23:40:36.478,0.92578,0.92594,1.50,0.92
2010.05.02 23:40:36.763,0.9258,0.92594,3.40,0.85
2010.05.02 23:40:36.842,0.92581,0.92594,0.83,2.20
2010.05.02 23:40:38.244,0.92577,0.92594,3.00,0.87
2010.05.02 23:40:38.542,0.92576,0.92594,1.10,0.80
2010.05.02 23:40:44.488,0.9258,0.92594,2.40,0.60
2010.05.02 23:40:44.521,0.92581,0.92594,0.39,0.81
2010.05.02 23:40:45.232,0.92577,0.92594,2.10,0.88
2010.05.02 23:40:45.597,0.92576,0.92594,0.63,1.20
2010.05.02 23:40:47.021,0.92578,0.92594,1.20,1.30
2010.05.02 23:40:47.551,0.9258,0.92594,1.80,1.20
2010.05.02 23:40:47.943,0.92581,0.92594,1.20,1.80
2010.05.02 23:40:57.485,0.92576,0.92594,1.40,0.79
2010.05.02 23:40:57.944,0.92578,0.92594,0.80,0.97
2010.05.02 23:40:58.594,0.92583,0.92594,0.92,1.50
2010.05.02 23:41:02.227,0.92581,0.92597,1.10,0.84
2010.05.02 23:41:02.938,0.92586,0.92597,1.20,4.20
2010.05.02 23:41:04.179,0.92576,0.92594,0.69,0.60
2010.05.02 23:41:04.384,0.92579,0.92594,1.10,2.00
2010.05.02 23:41:04.694,0.92581,0.92597,1.10,2.00
2010.05.02 23:41:13.379,0.92582,0.92597,1.10,1.90
2010.05.02 23:41:23.827,0.92583,0.92597,0.80,0.63
2010.05.02 23:41:33.194,0.92582,0.92597,1.00,0.57
2010.05.02 23:41:35.711,0.92583,0.92597,1.20,1.60
2010.05.02 23:41:45.066,0.92581,0.92597,1.60,0.80
2010.05.02 23:42:29.441,0.92575,0.92605,1.70,1.00
2010.05.02 23:42:44.680,0.92579,0.92601,0.77,1.60
2010.05.02 23:42:46.174,0.92576,0.92601,0.89,1.00
2010.05.02 23:42:46.420,0.92575,0.92598,1.30,1.80
2010.05.02 23:42:46.682,0.92574,0.92598,1.40,1.20
2010.05.02 23:42:46.905,0.92576,0.92594,1.60,1.50
2010.05.02 23:42:48.264,0.92578,0.92592,4.70,2.30
2010.05.02 23:42:48.433,0.9258,0.92592,0.68,0.81
2010.05.02 23:42:48.852,0.92582,0.92592,0.92,0.92
2010.05.02 23:42:56.131,0.92577,0.92589,1.90,0.89
2010.05.02 23:42:57.763,0.92572,0.92589,4.20,0.94
2010.05.02 23:42:59.529,0.92577,0.92584,1.10,2.20
2010.05.02 23:43:00.180,0.92582,0.92589,1.40,1.80
2010.05.02 23:43:00.661,0.92577,0.92589,2.40,0.45
2010.05.02 23:43:01.531,0.92582,0.92589,0.97,1.30
2010.05.02 23:43:03.065,0.92572,0.92589,1.10,0.57
2010.05.02 23:43:03.353,0.92575,0.92589,1.40,0.77
2010.05.02 23:43:03.692,0.92576,0.9259,0.62,0.90
2010.05.02 23:43:03.972,0.92587,0.9259,2.80,2.20
2010.05.02 23:43:06.759,0.92582,0.9259,1.30,0.63
2010.05.02 23:43:07.667,0.92577,0.92589,0.51,0.70
2010.05.02 23:43:11.462,0.92582,0.92589,0.92,1.60
2010.05.02 23:43:14.958,0.92577,0.92589,0.98,1.60
2010.05.02 23:43:16.270,0.92566,0.92583,1.10,2.60
2010.05.02 23:43:20.513,0.92577,0.92584,1.70,1.70
2010.05.02 23:43:23.057,0.92566,0.9258,1.40,0.97
2010.05.02 23:43:23.372,0.92562,0.92579,1.90,1.50
2010.05.02 23:43:23.990,0.92572,0.92579,1.20,1.10
2010.05.02 23:43:37.060,0.92562,0.92579,2.10,2.10
2010.05.02 23:43:37.382,0.92565,0.92579,2.20,1.80
2010.05.02 23:43:37.524,0.92566,0.92584,1.60,1.50
2010.05.02 23:43:37.742,0.92577,0.92584,2.00,1.30
2010.05.02 23:43:37.991,0.92572,0.92584,0.91,1.20
2010.05.02 23:43:40.050,0.92567,0.92584,0.52,0.88
2010.05.02 23:43:41.461,0.92565,0.92579,0.81,4.10
2010.05.02 23:43:41.805,0.9257,0.92579,0.48,3.20
2010.05.02 23:43:48.121,0.92566,0.92584,1.70,0.99
2010.05.02 23:43:48.175,0.92565,0.92574,1.10,1.70
2010.05.02 23:43:48.308,0.92562,0.92574,1.30,0.98
2010.05.02 23:43:48.423,0.9256,0.92574,1.40,1.30
2010.05.02 23:43:48.552,0.92565,0.92574,0.78,1.00
2010.05.02 23:43:48.695,0.92559,0.92574,1.30,1.30
2010.05.02 23:43:48.843,0.92561,0.92575,2.80,1.00
2010.05.02 23:43:48.964,0.92565,0.92579,1.60,1.50
2010.05.02 23:43:49.463,0.9257,0.92579,1.20,0.98
2010.05.02 23:43:49.700,0.92567,0.9258,0.35,1.00
2010.05.02 23:43:58.054,0.92566,0.9258,1.00,0.76
2010.05.02 23:43:58.608,0.92565,0.92579,0.58,1.30
2010.05.02 23:43:58.959,0.92562,0.92579,3.70,1.90
2010.05.02 23:44:09.066,0.92567,0.92579,1.40,1.90
2010.05.02 23:44:28.131,0.92561,0.92579,0.87,1.10
2010.05.02 23:44:29.422,0.92562,0.92574,0.92,1.70
2010.05.02 23:44:29.741,0.92567,0.92574,1.10,0.73
2010.05.02 23:44:33.845,0.92569,0.92575,0.85,1.30
2010.05.02 23:44:36.490,0.92561,0.92575,1.80,1.50
2010.05.02 23:44:38.285,0.92564,0.92575,0.49,0.97
2010.05.02 23:44:38.635,0.92561,0.92575,1.50,1.20
2010.05.02 23:44:38.691,0.92569,0.92575,0.70,1.30
2010.05.02 23:44:39.415,0.92565,0.92579,0.67,1.40
2010.05.02 23:44:40.863,0.92561,0.92579,0.51,1.00
2010.05.02 23:44:46.045,0.92565,0.92579,2.20,0.63
2010.05.02 23:44:46.637,0.92566,0.92579,1.80,0.83
2010.05.02 23:44:52.508,0.92561,0.92579,1.70,1.70
2010.05.02 23:45:12.827,0.92566,0.92579,1.10,0.61
2010.05.02 23:45:15.231,0.92565,0.92574,1.20,2.50
2010.05.02 23:45:15.601,0.92557,0.92574,1.10,1.10
2010.05.02 23:45:17.450,0.92561,0.92574,1.40,1.70
2010.05.02 23:45:24.226,0.9256,0.92574,1.70,0.56
2010.05.02 23:45:25.119,0.92561,0.92574,1.60,2.40
2010.05.02 23:46:07.402,0.9256,0.92574,0.28,1.90
2010.05.02 23:46:10.730,0.92561,0.92574,1.00,1.30
2010.05.02 23:46:24.166,0.92563,0.92575,0.90,0.95
2010.05.02 23:46:24.365,0.92565,0.92575,2.30,1.10
2010.05.02 23:46:24.813,0.92566,0.92579,0.85,1.10
2010.05.02 23:46:27.172,0.92565,0.92579,2.10,0.70
2010.05.02 23:46:27.848,0.92563,0.92579,1.10,0.71
2010.05.02 23:46:58.207,0.92565,0.92585,0.89,0.67
2010.05.02 23:46:58.945,0.92566,0.92584,0.70,1.10
2010.05.02 23:47:02.350,0.9256,0.92574,1.00,1.20
2010.05.02 23:47:02.590,0.92558,0.92574,0.62,1.20
2010.05.02 23:47:07.313,0.92561,0.92575,1.70,1.30
2010.05.02 23:47:07.774,0.92562,0.92575,1.70,1.90
2010.05.02 23:47:26.699,0.92563,0.92575,1.10,0.88
2010.05.02 23:47:30.419,0.92562,0.92575,1.60,0.95
2010.05.02 23:47:30.553,0.92561,0.92575,2.20,0.67
2010.05.02 23:47:34.817,0.92557,0.92574,1.80,1.50
2010.05.02 23:47:37.050,0.92561,0.92574,0.33,1.40
2010.05.02 23:47:37.325,0.92557,0.92574,1.70,1.30
2010.05.02 23:47:37.563,0.92564,0.92574,2.60,0.76
2010.05.02 23:47:37.609,0.92566,0.92574,0.96,1.30
2010.05.02 23:47:37.927,0.9257,0.92574,1.60,2.50
2010.05.02 23:47:39.069,0.92566,0.92574,0.55,0.86
2010.05.02 23:47:42.794,0.92567,0.92579,1.70,1.30
2010.05.02 23:47:48.562,0.92566,0.92584,2.70,0.81
2010.05.02 23:48:21.092,0.92562,0.92579,1.30,1.40
2010.05.02 23:48:22.604,0.92566,0.92579,1.70,1.60
2010.05.02 23:48:31.600,0.92571,0.92583,2.60,1.70
2010.05.02 23:48:47.103,0.92568,0.92584,2.00,1.60
2010.05.02 23:48:47.572,0.92566,0.92584,1.30,1.60
2010.05.02 23:48:48.117,0.92565,0.92579,1.30,1.40
2010.05.02 23:48:48.649,0.92563,0.92579,1.40,0.72
2010.05.02 23:48:52.974,0.92561,0.92579,2.90,1.10
2010.05.02 23:48:54.278,0.92565,0.92579,2.90,1.10
2010.05.02 23:48:54.873,0.92566,0.92579,1.40,1.90
2010.05.02 23:48:56.059,0.92571,0.92579,2.10,0.61
2010.05.02 23:49:26.033,0.92575,0.92589,0.74,1.50
2010.05.02 23:49:26.851,0.92576,0.92589,0.92,2.00
2010.05.02 23:49:38.298,0.92571,0.92589,0.67,0.88
2010.05.02 23:49:38.624,0.9257,0.92584,1.30,0.82
2010.05.02 23:49:38.712,0.92566,0.92584,1.80,2.00
2010.05.02 23:50:26.172,0.92568,0.92585,2.60,0.86
2010.05.02 23:50:26.643,0.92571,0.92585,2.30,1.00
2010.05.02 23:50:29.016,0.92572,0.92585,1.90,1.20
2010.05.02 23:50:29.524,0.92575,0.92585,1.50,0.86
2010.05.02 23:50:29.806,0.92576,0.92585,1.50,1.70
2010.05.02 23:50:31.180,0.92575,0.92589,3.10,1.20
2010.05.02 23:50:31.525,0.92571,0.92589,0.96,1.50
2010.05.02 23:50:31.752,0.92576,0.92589,1.80,1.90
2010.05.02 23:50:32.339,0.92571,0.92589,1.20,1.40
2010.05.02 23:50:38.312,0.92567,0.92584,1.40,1.10
2010.05.02 23:50:41.144,0.92571,0.92584,2.30,0.75
2010.05.02 23:50:41.614,0.92576,0.92584,0.99,1.90
2010.05.02 23:50:45.849,0.92581,0.9259,0.71,0.84
2010.05.02 23:50:46.694,0.92586,0.92597,0.78,0.85
2010.05.02 23:50:55.277,0.92585,0.92597,0.87,1.40
2010.05.02 23:50:58.077,0.92586,0.92597,0.93,0.72
2010.05.02 23:50:59.438,0.92585,0.92597,1.20,1.00
2010.05.02 23:51:02.464,0.92586,0.92597,0.73,0.96
2010.05.02 23:51:05.082,0.92581,0.92597,0.87,0.56
2010.05.02 23:51:05.738,0.92576,0.92591,2.20,2.50
2010.05.02 23:51:09.714,0.92582,0.92594,1.30,1.10
2010.05.02 23:51:11.465,0.92585,0.92594,0.68,1.00
2010.05.02 23:51:12.724,0.92586,0.92594,1.20,0.93
2010.05.02 23:51:24.422,0.9259,0.92594,1.30,1.20
2010.05.02 23:51:24.836,0.92591,0.92594,1.30,1.30
2010.05.02 23:51:50.217,0.92586,0.92604,0.86,1.60
2010.05.02 23:51:55.085,0.9259,0.92604,0.69,0.68
2010.05.02 23:51:55.317,0.92595,0.92604,0.59,1.90
2010.05.02 23:51:55.458,0.92596,0.92604,1.50,1.10
2010.05.02 23:51:55.637,0.92595,0.92608,1.10,0.62
2010.05.02 23:51:55.846,0.92592,0.92608,2.20,0.95
2010.05.02 23:51:57.374,0.92598,0.92609,2.10,0.81
2010.05.02 23:51:57.814,0.92591,0.92609,3.90,0.91
2010.05.02 23:51:58.912,0.92606,0.9261,1.20,0.76
2010.05.02 23:52:17.228,0.92605,0.92619,1.40,1.60
2010.05.02 23:52:17.679,0.92601,0.92619,0.93,0.87
2010.05.02 23:52:21.880,0.92602,0.92619,0.81,0.92
2010.05.02 23:52:27.009,0.92616,0.9262,3.20,1.10
2010.05.02 23:52:37.752,0.92611,0.92629,1.20,1.70
2010.05.02 23:52:43.054,0.9261,0.92624,5.60,0.97
2010.05.02 23:52:43.276,0.92608,0.92624,3.80,0.92
2010.05.02 23:52:43.681,0.92607,0.92624,0.40,2.20
2010.05.02 23:52:43.969,0.92606,0.92624,2.30,1.30
2010.05.02 23:53:19.558,0.92595,0.92635,1.10,0.93
2010.05.02 23:53:30.807,0.92606,0.92635,0.77,0.78
2010.05.02 23:53:48.118,0.9261,0.92624,0.89,0.60
2010.05.02 23:53:48.974,0.92611,0.92625,0.66,1.10
2010.05.02 23:53:50.092,0.9261,0.92624,0.82,0.53
2010.05.02 23:53:50.573,0.92608,0.92624,2.40,1.20
2010.05.02 23:53:52.338,0.9261,0.92624,2.60,1.10
2010.05.02 23:53:52.981,0.92611,0.92624,1.00,0.81
2010.05.02 23:53:53.063,0.92609,0.92624,0.54,0.82
2010.05.02 23:53:53.428,0.92608,0.92624,1.70,0.50
2010.05.02 23:53:53.899,0.92606,0.92624,0.84,1.30
2010.05.02 23:54:08.755,0.92611,0.92624,1.70,1.70
2010.05.02 23:54:48.232,0.9261,0.92624,0.90,0.85
2010.05.02 23:54:48.697,0.92607,0.92624,1.30,0.32
2010.05.02 23:54:50.094,0.92611,0.92624,1.10,1.80
2010.05.02 23:55:03.419,0.92608,0.92619,3.60,1.30
2010.05.02 23:55:03.510,0.92602,0.92619,5.80,1.40
2010.05.02 23:55:04.304,0.92601,0.92619,2.80,1.40
2010.05.02 23:55:14.180,0.926,0.92614,1.80,2.60
2010.05.02 23:55:14.646,0.92597,0.92614,1.20,1.50
2010.05.02 23:55:14.703,0.92596,0.92614,2.60,2.10
2010.05.02 23:55:19.801,0.92595,0.92609,1.20,1.20
2010.05.02 23:55:24.380,0.92591,0.92605,1.10,1.00
2010.05.02 23:55:24.672,0.92588,0.92604,1.10,1.10
2010.05.02 23:55:33.331,0.92586,0.92601,2.70,1.80
2010.05.02 23:55:34.495,0.92585,0.92599,0.73,1.60
2010.05.02 23:55:34.720,0.92584,0.92599,0.77,2.50
2010.05.02 23:55:47.358,0.92585,0.92599,2.80,1.10
2010.05.02 23:55:49.227,0.92586,0.92599,2.20,2.40
2010.05.02 23:55:49.437,0.92585,0.92599,2.80,2.70
2010.05.02 23:55:49.708,0.92584,0.92599,0.77,0.27
2010.05.02 23:55:49.996,0.92586,0.92599,3.40,1.20
2010.05.02 23:56:06.413,0.92585,0.92594,1.60,0.94
2010.05.02 23:56:06.877,0.92581,0.92594,2.00,1.30
2010.05.02 23:56:07.844,0.92582,0.92597,2.60,1.30
2010.05.02 23:56:22.000,0.92581,0.92597,1.60,2.00
2010.05.02 23:56:22.820,0.9258,0.92594,1.10,0.65
2010.05.02 23:56:38.743,0.92577,0.92591,2.20,0.83
2010.05.02 23:56:49.389,0.92572,0.92586,1.30,1.30
2010.05.02 23:56:49.603,0.92571,0.92586,0.61,0.93
2010.05.02 23:57:26.211,0.9257,0.92586,2.50,1.10
2010.05.02 23:57:27.170,0.92571,0.92582,0.71,1.90
2010.05.02 23:57:27.606,0.9257,0.92571,1.00,1.20
2010.05.02 23:57:27.839,0.92556,0.92571,0.47,1.20
2010.05.02 23:57:37.045,0.92555,0.92566,1.30,0.68
2010.05.02 23:57:37.650,0.92552,0.92566,0.61,1.50
2010.05.02 23:57:37.770,0.92551,0.92566,1.10,0.83
2010.05.02 23:57:52.001,0.92553,0.92566,1.20,0.88
2010.05.02 23:57:52.306,0.92555,0.92566,1.90,0.94
2010.05.02 23:57:52.551,0.92556,0.92569,1.50,1.10
2010.05.02 23:57:52.724,0.9256,0.92569,1.00,1.10
2010.05.02 23:57:52.829,0.92561,0.92571,2.10,2.40
2010.05.02 23:57:53.181,0.92565,0.92576,3.20,1.50
2010.05.02 23:57:53.760,0.92566,0.92579,3.10,1.60
2010.05.02 23:57:55.103,0.92564,0.92571,0.82,2.10
2010.05.02 23:57:55.609,0.9256,0.92571,4.60,2.80
2010.05.02 23:57:57.248,0.92561,0.92574,0.69,0.31
2010.05.02 23:57:57.533,0.92565,0.92576,2.40,0.62
2010.05.02 23:57:57.848,0.92566,0.92576,1.30,1.10
2010.05.02 23:58:05.477,0.92565,0.92581,0.83,1.90
2010.05.02 23:58:20.630,0.92564,0.92576,1.60,2.10
2010.05.02 23:58:35.895,0.92563,0.9258,1.10,0.63
2010.05.02 23:58:36.804,0.9256,0.9258,2.40,1.50
2010.05.02 23:58:59.317,0.92555,0.92565,1.30,3.10
2010.05.02 23:58:59.881,0.92556,0.92565,1.30,1.90
2010.05.02 23:59:03.034,0.9255,0.92565,0.53,2.40
2010.05.02 23:59:04.239,0.92561,0.9257,0.68,1.00
2010.05.02 23:59:05.484,0.92555,0.9257,1.60,1.10
2010.05.02 23:59:05.689,0.92566,0.92572,1.50,1.20
2010.05.02 23:59:24.133,0.92565,0.92573,1.20,1.20
2010.05.02 23:59:24.403,0.92556,0.92571,1.90,0.64
2010.05.02 23:59:24.837,0.92564,0.92571,4.70,0.70
2010.05.02 23:59:43.059,0.92559,0.92571,1.30,0.71
2010.05.02 23:59:46.345,0.92552,0.92566,0.67,1.60
2010.05.02 23:59:53.720,0.92557,0.92566,0.96,0.48
