2017.04.07 15:00:00.029,0.75128,0.75136,3.00,1.50
2017.04.07 15:00:00.366,0.7513,0.75138,1.37,1.00
2017.04.07 15:00:00.773,0.7513,0.75136,1.00,1.00
2017.04.07 15:00:01.051,0.75128,0.75136,6.00,1.00
2017.04.07 15:00:01.566,0.75128,0.75135,4.12,1.00
2017.04.07 15:00:02.077,0.75128,0.75136,3.37,1.00
2017.04.07 15:00:02.584,0.75127,0.75135,5.44,1.00
2017.04.07 15:00:02.786,0.75128,0.75137,2.62,1.87
2017.04.07 15:00:03.847,0.75128,0.75136,3.37,1.12
2017.04.07 15:00:04.359,0.75128,0.75135,2.62,1.00
2017.04.07 15:00:07.118,0.75126,0.75134,7.87,1.12
2017.04.07 15:00:07.425,0.75124,0.75132,9.94,1.00
2017.04.07 15:00:07.936,0.75126,0.75133,1.87,1.00
2017.04.07 15:00:08.258,0.75128,0.75135,1.00,1.87
2017.04.07 15:00:08.461,0.75129,0.75136,1.12,1.12
2017.04.07 15:00:08.973,0.75128,0.75135,3.00,1.12
2017.04.07 15:00:09.562,0.75128,0.75135,6.75,1.12
2017.04.07 15:00:10.097,0.75126,0.75133,5.62,1.00
2017.04.07 15:00:10.402,0.75125,0.7513,1.00,1.00
2017.04.07 15:00:10.574,0.75123,0.7513,1.50,1.00
2017.04.07 15:00:10.879,0.75123,0.75132,1.12,1.00
2017.04.07 15:00:11.046,0.75125,0.75132,1.00,1.00
2017.04.07 15:00:11.558,0.75124,0.75131,1.50,1.00
2017.04.07 15:00:12.019,0.75122,0.75131,1.12,2.62
2017.04.07 15:00:12.527,0.75121,0.75131,3.37,1.87
2017.04.07 15:00:13.039,0.75122,0.75131,1.00,4.12
2017.04.07 15:00:13.772,0.75121,0.75131,2.62,2.62
2017.04.07 15:00:14.297,0.75122,0.75131,1.00,4.12
2017.04.07 15:00:14.420,0.75122,0.75131,1.00,3.00
2017.04.07 15:00:14.945,0.75121,0.75131,1.50,2.62
2017.04.07 15:00:16.352,0.75121,0.7513,1.50,2.25
2017.04.07 15:00:17.212,0.75121,0.75129,1.12,1.00
2017.04.07 15:00:17.728,0.75122,0.75129,1.12,1.00
2017.04.07 15:00:18.233,0.75121,0.7513,1.87,3.00
2017.04.07 15:00:18.858,0.75122,0.7513,2.62,1.00
2017.04.07 15:00:19.912,0.75122,0.75129,1.87,1.00
2017.04.07 15:00:21.555,0.75123,0.75129,1.12,1.00
2017.04.07 15:00:23.276,0.75122,0.75129,1.87,1.00
2017.04.07 15:00:23.969,0.75123,0.75129,1.12,1.00
2017.04.07 15:00:25.461,0.75122,0.75131,4.12,1.50
2017.04.07 15:00:25.715,0.75124,0.75133,1.87,7.12
2017.04.07 15:00:26.088,0.75124,0.75131,1.50,1.00
2017.04.07 15:00:26.607,0.75124,0.75131,1.50,1.00
2017.04.07 15:00:27.113,0.75125,0.75131,1.12,1.00
2017.04.07 15:00:29.316,0.75123,0.75131,4.50,1.00
2017.04.07 15:00:30.175,0.75124,0.75131,1.12,1.00
2017.04.07 15:00:30.690,0.75124,0.7513,1.12,1.00
2017.04.07 15:00:32.857,0.75123,0.7513,1.50,1.00
2017.04.07 15:00:34.022,0.75124,0.75131,1.00,1.00
2017.04.07 15:00:34.529,0.75122,0.75131,6.00,1.00
2017.04.07 15:00:39.481,0.75122,0.75132,5.25,4.12
2017.04.07 15:00:42.382,0.75123,0.75132,1.50,4.12
2017.04.07 15:00:47.954,0.75124,0.7513,1.50,1.00
2017.04.07 15:00:48.586,0.75123,0.7513,1.12,1.00
2017.04.07 15:00:49.100,0.75121,0.75129,2.25,1.00
2017.04.07 15:00:49.611,0.75121,0.7513,2.25,1.12
2017.04.07 15:00:50.190,0.75121,0.75129,1.12,1.00
2017.04.07 15:00:50.241,0.7512,0.75124,1.00,1.00
2017.04.07 15:00:50.343,0.75117,0.75125,1.87,1.50
2017.04.07 15:00:50.850,0.75116,0.75123,3.00,1.00
2017.04.07 15:00:50.955,0.75118,0.75126,1.00,3.00
2017.04.07 15:00:51.026,0.75118,0.75127,1.00,3.75
2017.04.07 15:00:52.329,0.75117,0.75126,2.25,1.00
2017.04.07 15:00:52.876,0.75119,0.75127,1.00,4.50
2017.04.07 15:00:53.031,0.75119,0.75128,3.37,1.00
2017.04.07 15:00:53.538,0.7512,0.75128,2.25,1.00
2017.04.07 15:00:54.099,0.7512,0.75129,2.25,4.87
2017.04.07 15:00:55.789,0.75119,0.75127,1.87,2.06
2017.04.07 15:00:56.098,0.75119,0.75125,1.50,1.00
2017.04.07 15:00:56.251,0.7512,0.75128,1.12,2.10
2017.04.07 15:00:56.758,0.75121,0.75128,1.00,1.00
2017.04.07 15:00:57.543,0.75121,0.7513,2.25,3.75
2017.04.07 15:00:58.050,0.75122,0.75131,2.62,1.50
2017.04.07 15:00:58.763,0.75122,0.7513,4.12,1.00
2017.04.07 15:00:59.284,0.75123,0.75131,1.00,1.12
2017.04.07 15:01:00.062,0.75123,0.7513,3.00,2.25
2017.04.07 15:01:00.242,0.75121,0.75129,3.00,1.00
2017.04.07 15:01:00.752,0.75121,0.7513,3.75,2.62
2017.04.07 15:01:01.310,0.75121,0.75129,2.25,1.50
2017.04.07 15:01:01.817,0.75121,0.75128,1.00,1.00
2017.04.07 15:01:02.428,0.7512,0.75129,4.12,3.37
2017.04.07 15:01:04.208,0.7512,0.75128,3.00,1.00
2017.04.07 15:01:04.729,0.7512,0.75129,1.87,3.37
2017.04.07 15:01:05.251,0.7512,0.75128,1.37,1.00
2017.04.07 15:01:05.793,0.7512,0.75128,3.75,1.50
2017.04.07 15:01:05.946,0.7512,0.75124,3.75,1.00
2017.04.07 15:01:06.048,0.75119,0.75125,1.50,1.37
2017.04.07 15:01:06.099,0.75117,0.75125,1.87,2.25
2017.04.07 15:01:06.252,0.75119,0.75124,1.00,1.00
2017.04.07 15:01:06.455,0.75117,0.75125,1.12,1.87
2017.04.07 15:01:06.639,0.75119,0.75126,1.00,1.00
2017.04.07 15:01:06.944,0.7512,0.75128,1.12,1.50
2017.04.07 15:01:07.450,0.7512,0.75128,1.50,1.50
2017.04.07 15:01:08.008,0.7512,0.75128,1.12,1.50
2017.04.07 15:01:08.111,0.75119,0.75127,1.50,3.75
2017.04.07 15:01:08.264,0.75117,0.75126,2.62,1.50
2017.04.07 15:01:08.771,0.75118,0.75125,1.00,1.37
2017.04.07 15:01:09.294,0.75118,0.75127,1.50,5.62
2017.04.07 15:01:09.958,0.75118,0.75126,2.25,1.50
2017.04.07 15:01:10.110,0.7512,0.75126,1.00,1.37
2017.04.07 15:01:10.744,0.75119,0.75127,2.25,1.87
2017.04.07 15:01:11.252,0.7512,0.75128,1.00,2.62
2017.04.07 15:01:11.556,0.75119,0.75126,1.00,1.50
2017.04.07 15:01:11.961,0.75118,0.75128,5.77,2.81
2017.04.07 15:01:12.507,0.75119,0.75128,2.62,3.19
2017.04.07 15:01:12.558,0.75119,0.75124,1.12,1.00
2017.04.07 15:01:12.863,0.75111,0.75115,1.00,1.12
2017.04.07 15:01:13.422,0.75105,0.75113,1.00,1.12
2017.04.07 15:01:13.861,0.75103,0.75112,4.50,1.50
2017.04.07 15:01:14.693,0.75103,0.75112,1.87,7.50
2017.04.07 15:01:15.380,0.75102,0.75112,3.00,4.50
2017.04.07 15:01:15.836,0.75102,0.7511,1.87,1.35
2017.04.07 15:01:16.142,0.75096,0.75104,1.50,3.00
2017.04.07 15:01:16.385,0.75095,0.75103,1.00,3.00
2017.04.07 15:01:16.892,0.75094,0.75103,1.00,3.00
2017.04.07 15:01:17.248,0.75092,0.75102,1.87,2.25
2017.04.07 15:01:17.797,0.75092,0.75102,1.12,3.00
2017.04.07 15:01:18.303,0.75091,0.75102,2.62,3.00
2017.04.07 15:01:18.541,0.75091,0.75101,2.62,1.87
2017.04.07 15:01:19.156,0.7509,0.75097,1.37,1.31
2017.04.07 15:01:19.359,0.7509,0.75099,1.87,1.87
2017.04.07 15:01:19.538,0.75091,0.75097,1.12,1.00
2017.04.07 15:01:19.640,0.7509,0.75099,1.37,3.19
2017.04.07 15:01:19.691,0.7509,0.75098,1.00,1.87
2017.04.07 15:01:19.996,0.75092,0.75099,1.00,2.25
2017.04.07 15:01:20.047,0.75089,0.751,3.00,2.62
2017.04.07 15:01:20.148,0.7509,0.75099,1.87,5.44
2017.04.07 15:01:20.452,0.75087,0.75095,4.12,1.37
2017.04.07 15:01:20.732,0.75089,0.75097,1.31,1.00
2017.04.07 15:01:21.036,0.75087,0.75097,2.62,1.12
2017.04.07 15:01:21.138,0.75088,0.75096,1.00,3.00
2017.04.07 15:01:21.340,0.75084,0.75093,5.44,1.00
2017.04.07 15:01:21.543,0.75086,0.75095,3.34,3.37
2017.04.07 15:01:21.879,0.7509,0.75098,4.87,1.37
2017.04.07 15:01:22.208,0.75088,0.75095,1.09,1.00
2017.04.07 15:01:22.665,0.75089,0.75096,1.37,1.50
2017.04.07 15:01:22.716,0.75089,0.75099,2.06,4.12
2017.04.07 15:01:23.162,0.75089,0.75097,1.50,1.87
2017.04.07 15:01:23.669,0.75087,0.75096,2.02,1.00
2017.04.07 15:01:24.124,0.75087,0.75096,2.02,1.37
2017.04.07 15:01:24.300,0.75087,0.75096,3.37,1.00
2017.04.07 15:01:24.604,0.75088,0.75096,1.00,1.87
2017.04.07 15:01:24.908,0.75086,0.75092,1.00,1.12
2017.04.07 15:01:25.325,0.7509,0.75094,2.25,1.50
2017.04.07 15:01:25.412,0.75093,0.75097,1.12,1.00
2017.04.07 15:01:25.514,0.75091,0.75096,1.50,1.00
2017.04.07 15:01:25.767,0.7509,0.75098,3.19,1.00
2017.04.07 15:01:25.919,0.75091,0.75101,1.00,3.75
2017.04.07 15:01:26.512,0.75091,0.75101,1.00,3.00
2017.04.07 15:01:27.035,0.7509,0.751,4.31,1.87
2017.04.07 15:01:27.490,0.7509,0.75098,3.56,2.62
2017.04.07 15:01:27.852,0.75081,0.7509,2.25,4.87
2017.04.07 15:01:28.004,0.7508,0.75091,3.00,3.75
2017.04.07 15:01:28.534,0.7508,0.75091,3.75,6.00
2017.04.07 15:01:29.091,0.75083,0.75091,1.00,1.00
2017.04.07 15:01:29.602,0.75083,0.75092,1.00,4.87
2017.04.07 15:01:29.958,0.75085,0.75092,1.50,2.25
2017.04.07 15:01:30.263,0.75094,0.751,1.12,2.25
2017.04.07 15:01:30.568,0.75094,0.751,1.87,2.25
2017.04.07 15:01:30.619,0.75094,0.751,1.12,2.25
2017.04.07 15:01:31.154,0.75092,0.75101,1.50,1.87
2017.04.07 15:01:31.527,0.75091,0.75101,2.81,1.50
2017.04.07 15:01:32.033,0.75091,0.75102,2.81,3.22
2017.04.07 15:01:32.628,0.75091,0.75099,1.12,2.62
2017.04.07 15:01:32.932,0.75091,0.75096,1.00,1.87
2017.04.07 15:01:33.034,0.75088,0.75095,1.75,3.00
2017.04.07 15:01:33.136,0.75088,0.75094,1.20,1.00
2017.04.07 15:01:33.238,0.75089,0.75097,1.00,1.50
2017.04.07 15:01:33.339,0.7509,0.75099,1.00,1.69
2017.04.07 15:01:33.441,0.75089,0.75096,4.12,1.00
2017.04.07 15:01:33.668,0.7509,0.75099,1.37,2.44
2017.04.07 15:01:33.820,0.75089,0.75096,1.00,1.00
2017.04.07 15:01:34.175,0.75086,0.75094,1.62,1.00
2017.04.07 15:01:34.277,0.75085,0.75093,2.25,1.87
2017.04.07 15:01:34.781,0.75083,0.75092,2.06,1.00
2017.04.07 15:01:37.317,0.75083,0.75092,1.69,2.47
2017.04.07 15:01:37.498,0.75081,0.75089,1.12,1.54
2017.04.07 15:01:37.702,0.75078,0.75088,4.12,1.12
2017.04.07 15:01:37.854,0.75079,0.75084,1.87,1.00
2017.04.07 15:01:37.905,0.75079,0.75087,2.25,1.00
2017.04.07 15:01:38.058,0.75079,0.75085,3.00,1.00
2017.04.07 15:01:38.109,0.7508,0.75088,1.12,1.00
2017.04.07 15:01:38.262,0.7508,0.75084,1.00,1.00
2017.04.07 15:01:38.313,0.7508,0.75088,1.00,1.12
2017.04.07 15:01:38.414,0.75079,0.75086,1.12,1.00
2017.04.07 15:01:38.466,0.75079,0.75088,3.56,1.00
2017.04.07 15:01:38.517,0.75081,0.75085,1.25,1.00
2017.04.07 15:01:38.568,0.7508,0.75088,1.12,1.00
2017.04.07 15:01:38.619,0.75081,0.75088,1.50,1.50
2017.04.07 15:01:38.870,0.7508,0.75087,1.00,1.00
2017.04.07 15:01:38.922,0.7508,0.75089,1.00,1.00
2017.04.07 15:01:39.126,0.75079,0.75085,6.19,1.00
2017.04.07 15:01:39.178,0.7508,0.75088,1.37,1.87
2017.04.07 15:01:39.330,0.75078,0.75085,7.12,1.00
2017.04.07 15:01:39.584,0.75078,0.75088,4.12,1.00
2017.04.07 15:01:39.636,0.75079,0.75084,1.50,1.00
2017.04.07 15:01:39.687,0.75079,0.75087,1.00,3.37
2017.04.07 15:01:39.738,0.75078,0.75087,1.00,3.00
2017.04.07 15:01:39.841,0.75079,0.75087,1.31,1.12
2017.04.07 15:01:39.943,0.75079,0.75085,1.00,1.00
2017.04.07 15:01:40.105,0.75081,0.75088,1.00,3.75
2017.04.07 15:01:40.258,0.75079,0.75087,1.00,1.12
2017.04.07 15:01:40.323,0.75081,0.75087,1.00,1.00
2017.04.07 15:01:40.827,0.75081,0.75088,1.12,1.00
2017.04.07 15:01:41.132,0.75078,0.75083,1.12,1.00
2017.04.07 15:01:41.511,0.75074,0.75084,1.31,4.12
2017.04.07 15:01:42.132,0.75074,0.75082,1.25,1.00
2017.04.07 15:01:42.183,0.75076,0.75082,1.50,1.00
2017.04.07 15:01:42.234,0.75075,0.75083,1.12,1.00
2017.04.07 15:01:42.336,0.75075,0.75085,3.37,1.50
2017.04.07 15:01:42.838,0.75075,0.75085,1.50,1.87
2017.04.07 15:01:43.684,0.75077,0.75085,3.00,1.00
2017.04.07 15:01:43.736,0.75076,0.75085,4.69,1.00
2017.04.07 15:01:43.854,0.75078,0.75085,1.12,1.00
2017.04.07 15:01:44.081,0.75076,0.75085,1.69,1.87
2017.04.07 15:01:44.233,0.75076,0.75083,1.25,1.00
2017.04.07 15:01:44.537,0.75073,0.75082,2.44,2.25
2017.04.07 15:01:45.044,0.75074,0.75082,2.25,1.50
2017.04.07 15:01:45.550,0.75075,0.75082,1.00,1.00
2017.04.07 15:01:46.449,0.75074,0.75082,2.25,1.12
2017.04.07 15:01:46.697,0.75074,0.75078,3.00,1.00
2017.04.07 15:01:46.749,0.75072,0.75079,2.25,1.50
2017.04.07 15:01:46.851,0.75072,0.75077,2.25,1.00
2017.04.07 15:01:46.952,0.75068,0.75077,1.12,1.50
2017.04.07 15:01:47.104,0.7507,0.75077,1.25,1.00
2017.04.07 15:01:47.741,0.75068,0.75076,2.44,1.00
2017.04.07 15:01:48.077,0.75071,0.75078,1.25,1.50
2017.04.07 15:01:48.280,0.75068,0.75077,1.50,1.87
2017.04.07 15:01:48.384,0.75068,0.75078,6.19,3.00
2017.04.07 15:01:48.588,0.75069,0.75076,1.12,1.12
2017.04.07 15:01:48.690,0.75071,0.75079,1.25,1.00
2017.04.07 15:01:48.946,0.75069,0.75077,3.00,1.50
2017.04.07 15:01:48.997,0.75069,0.75077,1.12,1.12
2017.04.07 15:01:49.227,0.7507,0.7508,1.12,1.00
2017.04.07 15:01:49.379,0.75073,0.75081,1.00,2.62
2017.04.07 15:01:49.885,0.75074,0.75081,1.69,1.50
2017.04.07 15:01:50.118,0.75074,0.75083,1.69,1.12
2017.04.07 15:01:51.024,0.75074,0.75083,3.94,1.87
2017.04.07 15:01:51.853,0.75078,0.75084,1.25,1.00
2017.04.07 15:01:52.056,0.75083,0.75091,1.69,1.50
2017.04.07 15:01:52.158,0.75085,0.75092,1.31,1.50
2017.04.07 15:01:52.260,0.75084,0.75094,3.94,3.37
2017.04.07 15:01:52.895,0.75085,0.75093,1.25,1.00
2017.04.07 15:01:53.402,0.75084,0.75094,1.69,3.75
2017.04.07 15:01:53.936,0.75084,0.75093,1.19,1.87
2017.04.07 15:01:54.443,0.75084,0.75094,1.19,2.62
2017.04.07 15:01:54.945,0.75084,0.75094,1.19,1.50
2017.04.07 15:01:56.153,0.75084,0.75092,1.19,1.50
2017.04.07 15:01:56.255,0.75082,0.75089,4.50,1.25
2017.04.07 15:01:56.711,0.75081,0.75087,2.25,1.00
2017.04.07 15:01:56.813,0.75081,0.7509,1.50,1.00
2017.04.07 15:01:56.864,0.75081,0.75089,1.50,3.56
2017.04.07 15:01:56.915,0.75081,0.75089,1.50,1.31
2017.04.07 15:01:56.967,0.75081,0.75086,1.00,1.00
2017.04.07 15:01:57.170,0.7508,0.75089,1.87,1.00
2017.04.07 15:01:57.272,0.7508,0.75087,3.00,1.50
2017.04.07 15:01:57.374,0.75081,0.75089,2.06,1.00
2017.04.07 15:01:57.723,0.75081,0.75087,1.50,1.00
2017.04.07 15:01:57.825,0.75082,0.75089,1.87,1.00
2017.04.07 15:01:57.877,0.75083,0.75087,1.00,1.00
2017.04.07 15:01:57.930,0.7508,0.75087,1.87,1.00
2017.04.07 15:01:58.032,0.75081,0.75089,1.12,1.00
2017.04.07 15:01:58.086,0.75081,0.75087,1.50,1.00
2017.04.07 15:01:58.289,0.75081,0.75089,3.00,1.00
2017.04.07 15:01:58.392,0.75083,0.75087,1.00,1.00
2017.04.07 15:01:58.493,0.75083,0.75091,1.00,1.00
2017.04.07 15:01:58.544,0.75083,0.75089,1.00,2.25
2017.04.07 15:01:58.801,0.75081,0.75088,1.87,1.00
2017.04.07 15:01:58.902,0.75081,0.75086,1.50,1.00
2017.04.07 15:01:59.105,0.75079,0.75086,1.00,1.00
2017.04.07 15:01:59.156,0.75079,0.75088,2.44,1.00
2017.04.07 15:01:59.462,0.75082,0.75089,1.69,1.00
2017.04.07 15:01:59.563,0.75082,0.75091,1.69,2.25
2017.04.07 15:02:00.109,0.75083,0.75093,1.00,5.25
2017.04.07 15:02:01.659,0.75083,0.75088,1.00,1.00
2017.04.07 15:02:01.762,0.75081,0.75089,1.50,2.62
2017.04.07 15:02:02.018,0.75082,0.7509,1.00,1.50
2017.04.07 15:02:02.262,0.75084,0.75091,3.37,2.25
2017.04.07 15:02:02.601,0.75093,0.751,1.00,1.00
2017.04.07 15:02:02.703,0.75095,0.751,1.00,3.00
2017.04.07 15:02:02.754,0.75094,0.75102,2.44,1.50
2017.04.07 15:02:02.857,0.75095,0.75104,1.37,2.62
2017.04.07 15:02:03.111,0.75098,0.75105,1.00,1.50
2017.04.07 15:02:03.497,0.75096,0.75104,1.37,1.37
2017.04.07 15:02:03.599,0.75095,0.75104,1.50,3.37
2017.04.07 15:02:04.638,0.75095,0.75104,1.00,2.25
2017.04.07 15:02:04.869,0.75097,0.75105,1.50,3.75
2017.04.07 15:02:05.021,0.75096,0.75105,1.31,3.37
2017.04.07 15:02:05.530,0.75095,0.75105,6.37,1.00
2017.04.07 15:02:05.684,0.75098,0.75106,1.00,1.12
2017.04.07 15:02:06.233,0.75096,0.75106,2.62,3.00
2017.04.07 15:02:06.537,0.75097,0.75105,1.50,1.37
2017.04.07 15:02:06.892,0.75098,0.75107,2.62,3.75
2017.04.07 15:02:06.943,0.751,0.75107,1.00,1.87
2017.04.07 15:02:07.085,0.75101,0.7511,1.25,2.25
2017.04.07 15:02:07.367,0.75101,0.75107,3.94,1.00
2017.04.07 15:02:07.470,0.75101,0.7511,1.69,4.87
2017.04.07 15:02:07.521,0.75101,0.75109,2.06,1.50
2017.04.07 15:02:07.624,0.75101,0.75109,2.00,1.00
2017.04.07 15:02:07.981,0.75103,0.75111,2.06,1.87
2017.04.07 15:02:08.467,0.75104,0.75113,2.81,1.00
2017.04.07 15:02:08.974,0.75105,0.75114,1.87,1.12
2017.04.07 15:02:09.576,0.75105,0.75113,1.12,3.00
2017.04.07 15:02:09.906,0.75107,0.75113,1.00,1.00
2017.04.07 15:02:10.413,0.75106,0.75114,1.00,1.00
2017.04.07 15:02:10.615,0.75107,0.75116,1.00,3.37
2017.04.07 15:02:11.128,0.75108,0.75116,1.00,4.87
2017.04.07 15:02:11.331,0.7511,0.75116,1.00,1.00
2017.04.07 15:02:11.636,0.75114,0.75118,1.00,1.00
2017.04.07 15:02:11.738,0.75114,0.75121,1.00,1.50
2017.04.07 15:02:12.258,0.75114,0.75122,1.00,1.50
2017.04.07 15:02:12.781,0.75114,0.75123,1.00,3.00
2017.04.07 15:02:14.458,0.75114,0.75123,2.25,1.87
2017.04.07 15:02:14.981,0.75115,0.75124,1.00,1.37
2017.04.07 15:02:15.338,0.75116,0.75124,1.69,1.37
2017.04.07 15:02:16.198,0.75116,0.75124,1.00,3.37
2017.04.07 15:02:16.726,0.75116,0.75124,1.00,4.12
2017.04.07 15:02:17.232,0.75115,0.75123,1.87,1.37
2017.04.07 15:02:21.053,0.75114,0.75122,5.25,1.12
2017.04.07 15:02:21.566,0.75115,0.75122,2.25,1.00
2017.04.07 15:02:22.073,0.75115,0.75121,2.25,1.00
2017.04.07 15:02:22.532,0.75113,0.75121,3.94,1.00
2017.04.07 15:02:23.045,0.75114,0.75122,2.25,1.00
2017.04.07 15:02:23.552,0.75115,0.75123,1.12,1.00
2017.04.07 15:02:24.093,0.75114,0.75123,1.87,1.00
2017.04.07 15:02:24.245,0.75117,0.75124,1.00,2.62
2017.04.07 15:02:25.417,0.75121,0.75125,1.00,3.37
2017.04.07 15:02:25.621,0.75126,0.75133,1.00,3.00
2017.04.07 15:02:26.027,0.75124,0.75131,2.81,1.00
2017.04.07 15:02:26.534,0.75124,0.75131,1.31,1.00
2017.04.07 15:02:29.936,0.75122,0.7513,4.12,1.00
2017.04.07 15:02:30.454,0.75122,0.75131,2.25,3.00
2017.04.07 15:02:30.984,0.75122,0.7513,1.00,1.50
2017.04.07 15:02:31.288,0.7512,0.75125,1.25,1.00
2017.04.07 15:02:31.693,0.75118,0.75124,4.50,1.00
2017.04.07 15:02:32.009,0.75111,0.75115,2.25,1.12
2017.04.07 15:02:32.061,0.75108,0.75114,2.10,1.50
2017.04.07 15:02:32.112,0.75106,0.75111,5.06,1.12
2017.04.07 15:02:32.670,0.75105,0.75111,1.00,1.00
2017.04.07 15:02:33.279,0.75104,0.75111,1.00,1.00
2017.04.07 15:02:34.343,0.75104,0.75112,1.50,1.00
2017.04.07 15:02:35.282,0.75106,0.75113,1.00,1.00
2017.04.07 15:02:35.858,0.75106,0.75114,2.62,1.00
2017.04.07 15:02:36.415,0.75105,0.75112,2.62,1.00
2017.04.07 15:02:36.999,0.75105,0.75111,2.25,1.00
2017.04.07 15:02:37.101,0.75105,0.75113,1.50,1.00
2017.04.07 15:02:37.507,0.75108,0.75115,2.25,1.50
2017.04.07 15:02:37.761,0.75113,0.7512,2.06,2.25
2017.04.07 15:02:38.000,0.75112,0.75118,3.75,1.00
2017.04.07 15:02:38.152,0.75113,0.7512,1.69,1.00
2017.04.07 15:02:39.263,0.75114,0.75123,2.25,1.00
2017.04.07 15:02:39.773,0.75114,0.75124,2.25,3.75
2017.04.07 15:02:40.279,0.75115,0.75123,1.00,2.25
2017.04.07 15:02:41.141,0.75115,0.75122,1.00,1.50
2017.04.07 15:02:41.192,0.75113,0.75123,2.81,2.62
2017.04.07 15:02:41.547,0.75113,0.75122,2.44,3.75
2017.04.07 15:02:41.851,0.75112,0.75116,3.37,1.00
2017.04.07 15:02:41.903,0.75112,0.75118,3.37,1.00
2017.04.07 15:02:41.954,0.75113,0.75119,1.00,6.00
2017.04.07 15:02:42.006,0.75111,0.75119,1.50,1.87
2017.04.07 15:02:42.057,0.75111,0.75116,1.00,1.00
2017.04.07 15:02:42.108,0.7511,0.75118,1.87,1.00
2017.04.07 15:02:42.660,0.75111,0.75117,1.00,1.12
2017.04.07 15:02:42.774,0.7511,0.75119,3.19,1.00
2017.04.07 15:02:44.939,0.75111,0.7512,6.00,1.00
2017.04.07 15:02:45.484,0.75112,0.75121,6.19,1.00
2017.04.07 15:02:45.687,0.75113,0.75122,2.10,1.00
2017.04.07 15:02:45.991,0.75116,0.75123,1.25,1.00
2017.04.07 15:02:46.972,0.75115,0.75123,1.50,1.00
2017.04.07 15:02:47.500,0.75115,0.75122,1.50,1.00
2017.04.07 15:02:48.042,0.75115,0.75123,1.50,1.12
2017.04.07 15:02:50.156,0.75115,0.75124,1.00,1.12
2017.04.07 15:02:53.968,0.75114,0.75123,1.50,1.00
2017.04.07 15:02:54.351,0.75114,0.75121,1.00,1.00
2017.04.07 15:02:54.975,0.75114,0.7512,1.00,1.00
2017.04.07 15:02:55.494,0.75113,0.7512,3.56,1.00
2017.04.07 15:02:56.219,0.75112,0.7512,1.87,1.50
2017.04.07 15:02:56.725,0.75112,0.75119,1.50,1.00
2017.04.07 15:02:57.231,0.75111,0.75118,3.75,1.00
2017.04.07 15:02:57.841,0.75112,0.75118,1.00,1.00
2017.04.07 15:02:58.543,0.75111,0.75118,6.00,1.00
2017.04.07 15:03:02.780,0.75112,0.75118,1.00,1.50
2017.04.07 15:03:03.357,0.75111,0.75118,1.12,1.00
2017.04.07 15:03:03.878,0.75111,0.75117,1.00,1.00
2017.04.07 15:03:04.208,0.75113,0.7512,1.00,1.00
2017.04.07 15:03:04.309,0.75113,0.75122,1.69,2.25
2017.04.07 15:03:04.512,0.75115,0.75123,1.00,3.00
2017.04.07 15:03:05.025,0.75116,0.75123,1.00,1.00
2017.04.07 15:03:05.076,0.75116,0.75125,1.00,2.62
2017.04.07 15:03:05.480,0.75118,0.75125,1.00,1.87
2017.04.07 15:03:05.798,0.75125,0.75129,1.00,1.87
2017.04.07 15:03:05.849,0.75125,0.7513,1.00,1.50
2017.04.07 15:03:06.355,0.75125,0.75131,1.00,1.87
2017.04.07 15:03:06.861,0.75125,0.7513,1.00,1.50
2017.04.07 15:03:07.420,0.75125,0.75131,1.00,1.50
2017.04.07 15:03:08.379,0.75125,0.75132,1.00,1.87
2017.04.07 15:03:09.139,0.75124,0.75132,1.00,1.87
2017.04.07 15:03:09.645,0.75125,0.75132,1.00,4.12
2017.04.07 15:03:10.581,0.75125,0.75131,1.00,1.50
2017.04.07 15:03:12.831,0.75125,0.7513,1.00,1.00
2017.04.07 15:03:13.281,0.75123,0.7513,1.31,2.25
2017.04.07 15:03:13.777,0.75124,0.75132,1.00,3.00
2017.04.07 15:03:14.738,0.75124,0.75134,1.00,5.25
2017.04.07 15:03:15.839,0.75124,0.75133,1.50,1.50
2017.04.07 15:03:16.728,0.75124,0.75134,1.50,3.37
2017.04.07 15:03:16.780,0.75126,0.75134,1.00,1.87
2017.04.07 15:03:20.561,0.75126,0.75133,1.00,1.00
2017.04.07 15:03:20.865,0.75121,0.75127,1.00,2.25
2017.04.07 15:03:21.119,0.75117,0.75125,1.50,3.00
2017.04.07 15:03:21.169,0.75116,0.75125,1.37,5.25
2017.04.07 15:03:21.221,0.75116,0.75124,1.00,1.87
2017.04.07 15:03:21.382,0.75116,0.75124,1.00,1.00
2017.04.07 15:03:21.899,0.7512,0.75125,1.00,1.50
2017.04.07 15:03:22.001,0.7512,0.75126,2.62,1.12
2017.04.07 15:03:22.052,0.75122,0.75129,1.00,4.87
2017.04.07 15:03:22.103,0.75122,0.75128,1.00,1.00
2017.04.07 15:03:22.154,0.7512,0.75127,1.50,1.00
2017.04.07 15:03:22.742,0.75122,0.75128,1.00,1.87
2017.04.07 15:03:23.250,0.7512,0.75129,2.62,2.62
2017.04.07 15:03:23.816,0.75121,0.7513,1.50,3.00
2017.04.07 15:03:24.998,0.75121,0.75129,1.00,1.50
2017.04.07 15:03:25.511,0.75121,0.7513,1.00,2.25
2017.04.07 15:03:26.352,0.7512,0.7513,2.25,4.87
2017.04.07 15:03:26.613,0.75122,0.7513,1.00,5.25
2017.04.07 15:03:27.143,0.75123,0.7513,1.00,1.00
2017.04.07 15:03:27.750,0.75123,0.75131,1.00,3.00
2017.04.07 15:03:28.306,0.75123,0.7513,1.00,1.00
2017.04.07 15:03:28.831,0.75123,0.75131,1.00,4.12
2017.04.07 15:03:29.139,0.75121,0.75129,3.00,1.50
2017.04.07 15:03:29.646,0.75121,0.75128,1.00,1.00
2017.04.07 15:03:30.259,0.7512,0.75129,1.87,1.00
2017.04.07 15:03:30.890,0.7512,0.75128,2.25,1.00
2017.04.07 15:03:31.295,0.7512,0.75126,1.00,1.00
2017.04.07 15:03:31.666,0.75118,0.75127,2.25,1.00
2017.04.07 15:03:31.768,0.75116,0.75125,6.56,1.00
2017.04.07 15:03:32.075,0.75115,0.75123,1.12,1.00
2017.04.07 15:03:32.430,0.75113,0.75123,5.81,1.50
2017.04.07 15:03:32.980,0.75114,0.75123,1.00,1.50
2017.04.07 15:03:33.506,0.75114,0.75124,2.62,2.62
2017.04.07 15:03:33.759,0.75116,0.75125,1.12,1.87
2017.04.07 15:03:34.264,0.75116,0.75124,2.25,1.00
2017.04.07 15:03:34.666,0.75115,0.75122,2.62,1.00
2017.04.07 15:03:34.717,0.75116,0.75124,1.00,1.12
2017.04.07 15:03:37.340,0.75115,0.75123,1.69,1.00
2017.04.07 15:03:37.695,0.75113,0.75123,4.31,3.75
2017.04.07 15:03:38.116,0.75114,0.75121,1.00,1.00
2017.04.07 15:03:38.470,0.75116,0.75121,1.00,1.00
2017.04.07 15:03:38.973,0.75115,0.75121,1.00,1.00
2017.04.07 15:03:39.613,0.75114,0.75121,1.00,1.00
2017.04.07 15:03:44.640,0.75114,0.75122,1.00,1.50
2017.04.07 15:03:45.754,0.75115,0.75122,1.00,1.00
2017.04.07 15:03:48.873,0.75115,0.75123,1.00,2.62
2017.04.07 15:03:55.781,0.75114,0.75123,3.56,1.12
2017.04.07 15:03:57.322,0.75117,0.75124,4.12,4.50
2017.04.07 15:03:57.475,0.7512,0.75128,3.94,1.50
2017.04.07 15:03:57.577,0.7512,0.75126,2.81,1.00
2017.04.07 15:03:57.678,0.75118,0.75124,2.62,1.00
2017.04.07 15:03:57.931,0.75116,0.75124,1.69,1.87
2017.04.07 15:03:58.828,0.75115,0.75122,2.25,1.00
2017.04.07 15:03:59.334,0.75116,0.75123,1.00,1.00
2017.04.07 15:03:59.841,0.75115,0.75123,3.00,1.00
2017.04.07 15:04:00.470,0.75116,0.75123,1.00,1.00
2017.04.07 15:04:00.974,0.75115,0.75122,1.50,1.00
2017.04.07 15:04:01.489,0.75114,0.75121,3.56,1.00
2017.04.07 15:04:02.178,0.75112,0.7512,4.69,1.00
2017.04.07 15:04:02.484,0.75108,0.75112,5.25,1.12
2017.04.07 15:04:02.790,0.75104,0.75108,14.62,1.00
2017.04.07 15:04:03.042,0.75104,0.75108,3.00,1.00
2017.04.07 15:04:03.295,0.75101,0.75108,3.19,1.00
2017.04.07 15:04:03.802,0.75101,0.75109,1.69,1.00
2017.04.07 15:04:04.339,0.75101,0.7511,2.06,1.00
2017.04.07 15:04:04.845,0.75101,0.75109,2.06,1.00
2017.04.07 15:04:05.626,0.75101,0.7511,1.69,1.00
2017.04.07 15:04:06.537,0.75102,0.7511,1.00,1.00
2017.04.07 15:04:06.856,0.75104,0.75111,1.00,1.00
2017.04.07 15:04:07.944,0.75104,0.75113,1.00,1.12
2017.04.07 15:04:08.480,0.75105,0.75113,1.00,1.12
2017.04.07 15:04:08.632,0.75105,0.75115,2.44,3.75
2017.04.07 15:04:09.142,0.75106,0.75116,2.25,1.00
2017.04.07 15:04:09.330,0.75109,0.75118,1.50,1.12
2017.04.07 15:04:09.633,0.75109,0.75116,1.50,1.12
2017.04.07 15:04:09.684,0.75107,0.75116,1.12,1.87
2017.04.07 15:04:10.196,0.75106,0.75116,3.19,3.00
2017.04.07 15:04:10.602,0.75108,0.75115,1.00,1.00
2017.04.07 15:04:10.862,0.75109,0.75118,1.00,1.00
2017.04.07 15:04:11.225,0.75111,0.75119,1.00,2.62
2017.04.07 15:04:11.529,0.75111,0.75117,1.00,1.00
2017.04.07 15:04:12.186,0.75111,0.75118,1.00,1.00
2017.04.07 15:04:12.978,0.7511,0.75119,5.81,1.00
2017.04.07 15:04:13.745,0.75113,0.75119,1.25,1.00
2017.04.07 15:04:14.921,0.75113,0.75121,1.25,1.00
2017.04.07 15:04:25.399,0.75113,0.7512,1.69,1.00
2017.04.07 15:04:32.105,0.75112,0.7512,3.19,1.00
2017.04.07 15:04:33.356,0.75112,0.75119,3.19,1.00
2017.04.07 15:04:35.750,0.75111,0.75119,6.00,1.00
2017.04.07 15:04:36.316,0.75112,0.75119,1.50,1.00
2017.04.07 15:04:36.823,0.75112,0.75118,1.00,1.00
2017.04.07 15:04:36.952,0.7511,0.75117,1.00,1.12
2017.04.07 15:04:37.304,0.75109,0.75114,1.00,1.00
2017.04.07 15:04:37.405,0.75106,0.75114,1.00,1.00
2017.04.07 15:04:37.911,0.75106,0.75114,1.50,1.37
2017.04.07 15:04:38.428,0.75105,0.75114,1.50,1.00
2017.04.07 15:04:38.529,0.75107,0.75114,1.50,1.00
2017.04.07 15:04:38.581,0.75108,0.75116,3.00,1.50
2017.04.07 15:04:38.682,0.7511,0.75118,1.00,2.25
2017.04.07 15:04:39.186,0.7511,0.75118,1.00,1.00
2017.04.07 15:04:40.977,0.7511,0.75116,1.50,1.00
2017.04.07 15:04:41.954,0.75109,0.75116,3.00,1.00
2017.04.07 15:04:42.993,0.7511,0.75116,1.00,1.00
2017.04.07 15:04:44.258,0.75109,0.75116,4.87,1.00
2017.04.07 15:04:44.866,0.7511,0.75117,1.00,1.00
2017.04.07 15:04:45.848,0.75111,0.75117,1.50,1.00
2017.04.07 15:04:46.253,0.75111,0.75119,1.50,1.00
2017.04.07 15:04:47.282,0.75111,0.7512,1.50,1.87
2017.04.07 15:04:48.245,0.75112,0.75121,1.00,1.50
2017.04.07 15:04:48.469,0.75113,0.75122,1.87,2.25
2017.04.07 15:04:48.976,0.75115,0.75123,2.25,1.12
2017.04.07 15:04:49.749,0.75116,0.75123,1.00,1.12
2017.04.07 15:04:50.807,0.75116,0.75124,1.00,1.12
2017.04.07 15:04:51.117,0.75119,0.75125,1.50,1.37
2017.04.07 15:04:51.321,0.7512,0.75127,1.00,1.00
2017.04.07 15:04:51.707,0.7512,0.75125,1.00,1.00
2017.04.07 15:04:51.759,0.75117,0.75124,1.87,1.00
2017.04.07 15:04:51.861,0.75115,0.75122,1.87,1.00
2017.04.07 15:04:52.375,0.75116,0.75122,1.00,1.00
2017.04.07 15:04:52.426,0.75114,0.75122,3.75,1.00
2017.04.07 15:04:52.964,0.75113,0.75122,1.69,1.00
2017.04.07 15:04:53.487,0.75114,0.75122,1.00,1.00
2017.04.07 15:04:54.033,0.75113,0.75122,1.69,1.00
2017.04.07 15:04:55.114,0.75114,0.75122,1.00,1.00
2017.04.07 15:04:55.689,0.75113,0.75122,1.69,1.00
2017.04.07 15:04:56.395,0.75114,0.75122,1.00,1.00
2017.04.07 15:04:57.678,0.75113,0.75122,3.19,1.00
2017.04.07 15:04:58.207,0.75114,0.75121,1.00,1.00
2017.04.07 15:04:58.714,0.75114,0.75122,1.12,1.50
2017.04.07 15:04:59.243,0.75113,0.75122,3.75,1.50
2017.04.07 15:04:59.838,0.75114,0.75122,1.00,1.50
2017.04.07 15:05:00.358,0.75113,0.75122,3.75,1.50
2017.04.07 15:05:00.874,0.75114,0.75122,1.00,1.50
2017.04.07 15:05:01.445,0.75113,0.75122,3.75,1.50
2017.04.07 15:05:01.992,0.75114,0.75122,1.00,3.75
2017.04.07 15:05:02.530,0.75113,0.75121,1.50,1.00
2017.04.07 15:05:03.133,0.75112,0.75121,4.87,1.00
2017.04.07 15:05:04.459,0.75113,0.75121,1.00,1.50
2017.04.07 15:05:05.005,0.75112,0.75121,4.87,1.50
2017.04.07 15:05:05.675,0.75113,0.75121,1.00,2.25
2017.04.07 15:05:10.142,0.75111,0.75121,7.12,1.87
2017.04.07 15:05:10.684,0.75113,0.75121,1.00,2.62
2017.04.07 15:05:12.282,0.75112,0.75121,2.62,1.87
2017.04.07 15:05:15.372,0.75111,0.75121,4.87,1.12
2017.04.07 15:05:15.934,0.75112,0.75121,1.00,1.12
2017.04.07 15:05:16.482,0.75111,0.75121,5.62,1.12
2017.04.07 15:05:18.480,0.75113,0.75121,1.00,1.12
2017.04.07 15:05:19.178,0.75112,0.75121,1.00,1.00
2017.04.07 15:05:19.381,0.7511,0.7512,4.12,2.25
2017.04.07 15:05:19.635,0.75109,0.75117,3.75,1.00
2017.04.07 15:05:20.142,0.75108,0.75117,1.00,1.12
2017.04.07 15:05:21.417,0.75109,0.75117,1.00,1.00
2017.04.07 15:05:21.772,0.75107,0.75114,4.50,1.00
2017.04.07 15:05:21.925,0.75105,0.75113,1.12,1.00
2017.04.07 15:05:22.534,0.75104,0.75113,3.75,1.00
2017.04.07 15:05:23.043,0.75103,0.75112,5.81,1.00
2017.04.07 15:05:23.860,0.75103,0.7511,3.56,1.00
2017.04.07 15:05:24.211,0.75102,0.75111,1.12,1.00
2017.04.07 15:05:24.313,0.75101,0.75109,9.00,1.00
2017.04.07 15:05:25.593,0.75101,0.75109,4.50,1.00
2017.04.07 15:05:26.156,0.75102,0.75109,1.50,1.00
2017.04.07 15:05:26.585,0.751,0.75109,7.31,1.00
2017.04.07 15:05:27.091,0.75101,0.75109,2.25,1.00
2017.04.07 15:05:31.437,0.75101,0.7511,4.50,1.00
2017.04.07 15:05:32.045,0.75101,0.7511,4.87,1.00
2017.04.07 15:05:37.458,0.75101,0.75109,3.37,1.00
2017.04.07 15:05:38.694,0.75101,0.75109,2.25,1.00
2017.04.07 15:05:40.131,0.751,0.75109,3.19,1.00
2017.04.07 15:05:40.642,0.75101,0.75109,2.25,1.00
2017.04.07 15:05:40.829,0.75101,0.75107,2.25,1.00
2017.04.07 15:05:42.973,0.751,0.75107,1.50,1.00
2017.04.07 15:05:43.530,0.75099,0.75107,1.00,1.00
2017.04.07 15:05:44.052,0.75098,0.75106,1.50,2.25
2017.04.07 15:05:44.376,0.75097,0.75104,1.87,1.00
2017.04.07 15:05:44.884,0.75096,0.75104,1.87,1.00
2017.04.07 15:05:45.586,0.75094,0.75103,3.00,1.00
2017.04.07 15:05:45.925,0.75093,0.75101,5.81,1.00
2017.04.07 15:05:46.430,0.75093,0.75102,1.50,1.12
2017.04.07 15:05:46.749,0.75093,0.751,1.00,1.00
2017.04.07 15:05:49.024,0.75097,0.75102,1.80,1.12
2017.04.07 15:05:49.176,0.75099,0.75104,1.00,2.25
2017.04.07 15:05:49.228,0.75099,0.75107,1.37,3.19
2017.04.07 15:05:49.280,0.75099,0.75104,1.00,1.00
2017.04.07 15:05:49.382,0.751,0.75108,1.00,3.94
2017.04.07 15:05:49.923,0.75098,0.75108,6.37,1.00
2017.04.07 15:05:50.430,0.75099,0.75109,3.00,1.00
2017.04.07 15:05:51.594,0.75099,0.75109,4.87,1.00
2017.04.07 15:05:51.696,0.75099,0.75109,2.25,1.50
2017.04.07 15:05:52.000,0.75099,0.75109,2.25,1.50
2017.04.07 15:05:52.738,0.75099,0.75109,4.12,1.50
2017.04.07 15:05:53.244,0.751,0.75109,1.50,1.00
2017.04.07 15:05:55.341,0.75102,0.75109,1.50,1.00
2017.04.07 15:05:55.543,0.75103,0.75111,1.50,1.50
2017.04.07 15:05:58.637,0.75102,0.75111,1.00,1.00
2017.04.07 15:05:59.160,0.75101,0.75111,3.00,1.50
2017.04.07 15:05:59.666,0.75101,0.7511,2.25,1.00
2017.04.07 15:06:00.500,0.75099,0.75107,3.37,1.00
2017.04.07 15:06:01.010,0.75099,0.75107,2.25,1.00
2017.04.07 15:06:01.517,0.751,0.75108,1.87,1.00
2017.04.07 15:06:02.051,0.75101,0.75108,1.50,1.00
2017.04.07 15:06:03.413,0.75103,0.75111,1.00,4.50
2017.04.07 15:06:04.164,0.75104,0.75111,1.00,1.00
2017.04.07 15:06:04.710,0.75105,0.75112,1.00,2.44
2017.04.07 15:06:05.814,0.75107,0.75112,1.00,2.25
2017.04.07 15:06:06.150,0.75107,0.75114,1.00,3.00
2017.04.07 15:06:06.708,0.75108,0.75114,1.00,1.00
2017.04.07 15:06:06.911,0.7511,0.75115,1.00,1.00
2017.04.07 15:06:06.962,0.7511,0.75117,1.00,5.62
2017.04.07 15:06:07.013,0.75112,0.75117,1.00,1.87
2017.04.07 15:06:07.064,0.75112,0.75119,1.00,2.62
2017.04.07 15:06:07.612,0.75111,0.75119,1.00,1.12
2017.04.07 15:06:09.910,0.75113,0.75119,1.00,1.00
2017.04.07 15:06:10.812,0.75113,0.75121,1.00,1.50
2017.04.07 15:06:12.010,0.75114,0.75122,1.00,2.62
2017.04.07 15:06:12.959,0.75116,0.75122,1.00,1.37
2017.04.07 15:06:13.111,0.75114,0.75122,1.00,2.62
2017.04.07 15:06:13.718,0.75113,0.75122,1.00,1.37
2017.04.07 15:06:13.769,0.75116,0.75122,1.00,1.37
2017.04.07 15:06:16.168,0.75116,0.75122,1.00,1.00
2017.04.07 15:06:16.515,0.75117,0.75124,2.25,4.50
2017.04.07 15:06:16.719,0.75119,0.75127,1.87,4.50
2017.04.07 15:06:16.820,0.75121,0.75128,1.00,1.50
2017.04.07 15:06:17.492,0.75122,0.75128,1.00,1.00
2017.04.07 15:06:17.768,0.75124,0.75131,1.00,1.87
2017.04.07 15:06:19.875,0.75124,0.75132,1.00,3.75
2017.04.07 15:06:20.484,0.75125,0.75132,1.00,1.00
2017.04.07 15:06:20.780,0.75122,0.75126,2.62,1.00
2017.04.07 15:06:20.889,0.75115,0.75121,4.12,1.37
2017.04.07 15:06:21.143,0.75113,0.75121,1.31,1.37
2017.04.07 15:06:21.650,0.75112,0.75119,1.50,1.00
2017.04.07 15:06:22.256,0.75112,0.75119,2.25,1.00
2017.04.07 15:06:23.272,0.75112,0.75119,1.50,1.00
2017.04.07 15:06:25.249,0.75112,0.75119,2.25,1.00
2017.04.07 15:06:25.797,0.75112,0.75119,1.50,1.00
2017.04.07 15:06:28.349,0.75112,0.75119,2.25,1.00
2017.04.07 15:06:29.344,0.75112,0.7512,3.00,1.00
2017.04.07 15:06:29.395,0.75112,0.75122,2.25,3.37
2017.04.07 15:06:29.901,0.75112,0.75121,2.25,1.00
2017.04.07 15:06:31.207,0.75113,0.75122,1.50,1.50
2017.04.07 15:06:31.308,0.75115,0.75124,1.50,4.87
2017.04.07 15:06:31.842,0.75114,0.75123,1.87,1.00
2017.04.07 15:06:32.449,0.75114,0.75123,1.37,1.00
2017.04.07 15:06:32.982,0.75113,0.75123,5.62,1.00
2017.04.07 15:06:33.829,0.75114,0.75123,1.37,1.00
2017.04.07 15:06:34.404,0.75113,0.75123,5.62,1.00
2017.04.07 15:06:34.951,0.75114,0.75123,1.37,1.50
2017.04.07 15:06:36.372,0.75113,0.75123,5.62,1.00
2017.04.07 15:06:37.390,0.75115,0.75123,1.50,1.00
2017.04.07 15:06:37.709,0.7512,0.75127,1.37,1.50
2017.04.07 15:06:38.014,0.75117,0.75122,1.87,1.00
2017.04.07 15:06:38.065,0.75115,0.75122,2.25,1.00
2017.04.07 15:06:38.605,0.75115,0.75123,1.12,1.50
2017.04.07 15:06:39.141,0.75114,0.75121,1.87,1.00
2017.04.07 15:06:39.242,0.75113,0.75121,1.12,1.00
2017.04.07 15:06:40.405,0.75113,0.75122,1.00,1.50
2017.04.07 15:06:41.232,0.75113,0.75121,1.00,1.00
2017.04.07 15:06:41.804,0.75113,0.7512,1.00,1.00
2017.04.07 15:06:42.216,0.75111,0.7512,7.87,1.00
2017.04.07 15:06:42.728,0.75112,0.7512,1.12,1.00
2017.04.07 15:06:43.738,0.75111,0.7512,5.62,1.00
2017.04.07 15:06:44.376,0.75111,0.7512,7.12,1.00
2017.04.07 15:06:46.247,0.75112,0.7512,1.37,1.00
2017.04.07 15:06:51.377,0.75113,0.75121,2.62,1.00
2017.04.07 15:06:53.069,0.75113,0.75122,2.25,1.50
2017.04.07 15:06:53.651,0.75114,0.75122,1.00,1.00
2017.04.07 15:06:54.157,0.75113,0.75122,6.37,1.00
2017.04.07 15:06:54.710,0.75113,0.75122,4.12,1.00
2017.04.07 15:06:58.233,0.75113,0.75121,4.87,1.00
2017.04.07 15:06:58.805,0.75114,0.75122,1.12,1.00
2017.04.07 15:07:00.247,0.75113,0.7512,2.25,1.00
2017.04.07 15:07:00.750,0.75112,0.75121,6.37,1.69
2017.04.07 15:07:03.319,0.75112,0.75121,3.37,1.69
2017.04.07 15:07:05.302,0.75111,0.7512,3.37,1.00
2017.04.07 15:07:05.625,0.75109,0.75116,4.12,1.00
2017.04.07 15:07:05.929,0.75106,0.75112,3.00,2.62
2017.04.07 15:07:05.980,0.75105,0.7511,4.12,1.00
2017.04.07 15:07:06.031,0.75103,0.7511,3.00,1.00
2017.04.07 15:07:06.744,0.75102,0.75112,9.00,1.00
2017.04.07 15:07:07.251,0.75104,0.75112,1.50,1.00
2017.04.07 15:07:07.788,0.75107,0.75112,1.50,1.00
2017.04.07 15:07:07.839,0.75109,0.75116,1.00,1.69
2017.04.07 15:07:08.042,0.75107,0.75115,1.87,1.00
2017.04.07 15:07:08.093,0.75108,0.75113,1.00,1.00
2017.04.07 15:07:08.195,0.75105,0.75114,1.50,1.69
2017.04.07 15:07:08.702,0.75104,0.75113,3.00,1.12
2017.04.07 15:07:09.218,0.75104,0.75113,1.12,1.12
2017.04.07 15:07:09.573,0.75103,0.7511,2.62,1.00
2017.04.07 15:07:09.776,0.75102,0.7511,5.25,1.00
2017.04.07 15:07:10.770,0.75102,0.7511,4.12,1.00
2017.04.07 15:07:17.123,0.75102,0.75108,1.87,1.00
2017.04.07 15:07:20.086,0.75101,0.75108,2.62,1.00
2017.04.07 15:07:23.695,0.75101,0.75111,1.12,1.12
2017.04.07 15:07:24.887,0.75101,0.7511,1.12,1.00
2017.04.07 15:07:26.790,0.75101,0.75111,1.87,3.37
2017.04.07 15:07:28.092,0.75102,0.75111,1.00,1.87
2017.04.07 15:07:39.985,0.75102,0.75109,1.00,3.00
2017.04.07 15:07:40.289,0.75098,0.75105,1.00,1.12
2017.04.07 15:07:40.796,0.75099,0.75105,1.12,1.00
2017.04.07 15:07:41.051,0.75099,0.75108,1.12,1.69
2017.04.07 15:07:41.255,0.75101,0.75108,1.00,1.25
2017.04.07 15:07:41.968,0.75099,0.75108,1.12,3.94
2017.04.07 15:07:42.587,0.751,0.75108,1.00,2.06
2017.04.07 15:07:43.129,0.751,0.75108,1.00,1.25
2017.04.07 15:07:43.850,0.75099,0.75108,1.12,1.69
2017.04.07 15:07:44.391,0.751,0.75108,1.00,1.69
2017.04.07 15:07:45.574,0.75101,0.7511,1.00,1.25
2017.04.07 15:07:49.455,0.75103,0.7511,1.00,1.69
2017.04.07 15:07:49.897,0.75105,0.75111,1.50,3.19
2017.04.07 15:07:50.304,0.75105,0.75113,1.50,1.50
2017.04.07 15:07:50.845,0.75105,0.75114,2.25,2.81
2017.04.07 15:07:51.099,0.75104,0.75112,1.12,2.44
2017.04.07 15:07:51.733,0.75104,0.75112,1.00,2.06
2017.04.07 15:07:52.168,0.75102,0.75111,1.00,1.12
2017.04.07 15:07:52.707,0.75101,0.75111,3.37,1.00
2017.04.07 15:07:53.213,0.75101,0.75112,4.87,3.94
2017.04.07 15:07:53.744,0.75101,0.75111,2.62,1.00
2017.04.07 15:07:54.951,0.75102,0.75111,1.00,1.12
2017.04.07 15:07:55.255,0.75103,0.75113,7.87,1.00
2017.04.07 15:07:55.786,0.75105,0.75114,1.00,6.94
2017.04.07 15:07:56.092,0.75105,0.75111,1.00,1.25
2017.04.07 15:08:00.284,0.75104,0.75111,1.00,1.25
2017.04.07 15:08:00.976,0.75103,0.75111,1.87,1.69
2017.04.07 15:08:03.051,0.75103,0.7511,1.12,1.00
2017.04.07 15:08:03.678,0.75101,0.75109,3.75,1.12
2017.04.07 15:08:04.185,0.75099,0.75108,3.37,1.12
2017.04.07 15:08:05.323,0.75099,0.75108,7.50,1.00
2017.04.07 15:08:05.631,0.75099,0.75108,6.75,1.35
2017.04.07 15:08:05.834,0.75101,0.7511,1.50,2.06
2017.04.07 15:08:06.373,0.75101,0.75108,2.62,1.00
2017.04.07 15:08:08.573,0.75101,0.7511,2.62,3.19
2017.04.07 15:08:09.088,0.75102,0.7511,1.00,1.25
2017.04.07 15:08:09.963,0.75101,0.7511,1.87,1.25
2017.04.07 15:08:10.493,0.75102,0.7511,1.00,1.25
2017.04.07 15:08:11.031,0.75101,0.7511,2.25,1.25
2017.04.07 15:08:11.688,0.75101,0.75108,2.25,1.00
2017.04.07 15:08:13.341,0.75101,0.75108,2.62,1.00
2017.04.07 15:08:13.959,0.75101,0.75107,1.87,1.00
2017.04.07 15:08:15.988,0.75101,0.75109,1.12,1.00
2017.04.07 15:08:19.473,0.75101,0.75108,1.00,1.00
2017.04.07 15:08:19.980,0.751,0.75108,1.00,1.00
2017.04.07 15:08:20.031,0.751,0.75106,1.00,1.00
2017.04.07 15:08:20.577,0.751,0.75107,1.00,1.00
2017.04.07 15:08:21.553,0.75099,0.75107,2.62,1.00
2017.04.07 15:08:22.198,0.751,0.75107,1.00,1.00
2017.04.07 15:08:22.710,0.75099,0.75107,2.62,1.00
2017.04.07 15:08:23.226,0.751,0.75107,1.00,1.00
2017.04.07 15:08:23.763,0.75099,0.75107,3.37,1.00
2017.04.07 15:08:24.396,0.751,0.75108,2.25,1.00
2017.04.07 15:08:24.728,0.751,0.7511,3.37,1.69
2017.04.07 15:08:25.235,0.75101,0.7511,1.50,2.44
2017.04.07 15:08:25.754,0.751,0.7511,5.25,2.44
2017.04.07 15:08:26.296,0.751,0.7511,5.25,2.44
2017.04.07 15:08:29.133,0.75102,0.7511,1.00,1.69
2017.04.07 15:08:29.657,0.75103,0.7511,1.00,1.25
2017.04.07 15:08:30.197,0.75103,0.75112,1.00,6.79
2017.04.07 15:08:35.651,0.75103,0.7511,1.00,1.00
2017.04.07 15:08:36.256,0.75103,0.75111,1.00,2.62
2017.04.07 15:08:38.991,0.75107,0.75113,2.62,3.00
2017.04.07 15:08:39.128,0.7511,0.75114,1.00,9.37
2017.04.07 15:08:39.181,0.75112,0.75116,1.50,1.87
2017.04.07 15:08:39.232,0.75115,0.75119,1.00,1.00
2017.04.07 15:08:39.334,0.75113,0.75119,1.87,1.00
2017.04.07 15:08:39.587,0.75113,0.75123,2.25,6.41
2017.04.07 15:08:39.790,0.75113,0.75122,1.00,1.50
2017.04.07 15:08:40.320,0.75113,0.75122,1.00,4.31
2017.04.07 15:08:40.845,0.75112,0.75122,2.62,3.19
2017.04.07 15:08:41.387,0.75112,0.75121,1.12,1.00
2017.04.07 15:08:42.351,0.75112,0.7512,1.00,1.00
2017.04.07 15:08:42.869,0.75111,0.7512,3.75,1.00
2017.04.07 15:08:43.552,0.75111,0.75118,3.00,1.00
2017.04.07 15:08:44.262,0.75112,0.75118,1.00,1.00
2017.04.07 15:08:44.787,0.75111,0.75118,1.00,1.00
2017.04.07 15:08:45.744,0.75111,0.75119,1.50,1.12
2017.04.07 15:08:46.048,0.7511,0.75114,1.00,1.00
2017.04.07 15:08:46.425,0.75108,0.75113,1.00,1.00
2017.04.07 15:08:46.476,0.75105,0.75112,1.00,1.69
2017.04.07 15:08:46.983,0.75104,0.75112,1.00,1.69
2017.04.07 15:08:48.355,0.75102,0.75112,4.50,4.69
2017.04.07 15:08:48.558,0.75102,0.7511,1.50,1.00
2017.04.07 15:08:49.225,0.75101,0.7511,3.37,1.00
2017.04.07 15:08:50.288,0.75101,0.75108,1.12,1.00
2017.04.07 15:08:50.696,0.75099,0.75108,3.00,1.00
2017.04.07 15:08:51.202,0.75099,0.75109,4.50,3.75
2017.04.07 15:08:51.708,0.751,0.75109,1.50,1.50
2017.04.07 15:08:53.070,0.751,0.7511,2.25,1.50
2017.04.07 15:08:53.611,0.75101,0.75111,2.25,3.56
2017.04.07 15:09:00.971,0.75101,0.75105,1.00,1.00
2017.04.07 15:09:01.124,0.75096,0.75102,4.12,1.50
2017.04.07 15:09:01.302,0.75094,0.75101,1.50,1.50
2017.04.07 15:09:01.759,0.75091,0.751,2.25,1.69
2017.04.07 15:09:02.417,0.7509,0.751,5.62,1.31
2017.04.07 15:09:03.004,0.75091,0.751,1.00,1.31
2017.04.07 15:09:03.628,0.7509,0.751,7.12,1.69
2017.04.07 15:09:04.144,0.75091,0.751,1.00,1.69
2017.04.07 15:09:04.979,0.7509,0.751,7.12,3.19
2017.04.07 15:09:05.388,0.75092,0.751,1.00,3.19
2017.04.07 15:09:06.495,0.75091,0.751,3.00,1.25
2017.04.07 15:09:07.083,0.75092,0.751,1.50,1.25
2017.04.07 15:09:07.624,0.75091,0.751,3.00,1.31
2017.04.07 15:09:09.872,0.75092,0.751,1.50,1.31
2017.04.07 15:09:11.203,0.75093,0.75102,1.50,4.69
2017.04.07 15:09:12.012,0.75093,0.751,1.50,1.00
2017.04.07 15:09:12.548,0.75092,0.751,1.50,1.00
2017.04.07 15:09:15.933,0.75091,0.75099,2.25,1.00
2017.04.07 15:09:24.236,0.75088,0.75093,7.87,1.37
2017.04.07 15:09:24.447,0.75086,0.75094,1.87,1.00
2017.04.07 15:09:24.549,0.75086,0.75092,1.00,1.37
2017.04.07 15:09:24.802,0.75083,0.7509,1.50,1.00
2017.04.07 15:09:26.140,0.75082,0.7509,2.25,1.00
2017.04.07 15:09:26.646,0.75082,0.75089,1.50,1.00
2017.04.07 15:09:27.311,0.75082,0.75092,3.75,2.62
2017.04.07 15:09:28.173,0.75084,0.75092,2.25,1.00
2017.04.07 15:09:28.274,0.75084,0.75094,1.87,4.69
2017.04.07 15:09:28.483,0.75085,0.75094,2.62,1.25
2017.04.07 15:09:29.563,0.75088,0.75096,4.87,2.06
2017.04.07 15:09:29.665,0.75089,0.75098,4.12,2.06
2017.04.07 15:09:29.766,0.75092,0.75098,1.00,1.69
2017.04.07 15:09:30.303,0.75091,0.75098,1.00,1.25
2017.04.07 15:09:30.507,0.75091,0.751,1.12,1.50
2017.04.07 15:09:31.013,0.75092,0.75101,1.00,1.12
2017.04.07 15:09:32.452,0.75092,0.751,1.00,1.00
2017.04.07 15:09:34.061,0.75091,0.751,3.75,1.50
2017.04.07 15:09:35.975,0.75092,0.751,1.00,1.50
2017.04.07 15:09:36.504,0.75091,0.751,3.75,1.50
2017.04.07 15:09:37.544,0.75091,0.751,5.62,1.00
2017.04.07 15:09:38.113,0.75091,0.751,6.37,1.00
2017.04.07 15:09:39.275,0.75091,0.75098,3.00,1.00
2017.04.07 15:09:43.122,0.7509,0.75096,1.50,1.37
2017.04.07 15:09:43.341,0.75083,0.75091,4.12,1.00
2017.04.07 15:09:44.131,0.75083,0.75092,2.25,3.19
2017.04.07 15:09:44.735,0.75083,0.75091,1.50,1.00
2017.04.07 15:09:45.662,0.75082,0.75091,1.87,1.00
2017.04.07 15:09:49.746,0.75084,0.75091,1.50,1.00
2017.04.07 15:09:49.965,0.75085,0.75093,3.00,1.00
2017.04.07 15:09:50.471,0.75084,0.75092,3.75,1.00
2017.04.07 15:09:52.609,0.75084,0.75091,1.00,1.00
2017.04.07 15:09:53.187,0.75083,0.75091,1.00,1.00
2017.04.07 15:09:53.716,0.75082,0.7509,3.75,1.00
2017.04.07 15:09:55.410,0.75083,0.7509,1.00,1.00
2017.04.07 15:09:56.701,0.75083,0.75093,1.87,5.06
2017.04.07 15:09:57.265,0.75082,0.75093,8.25,3.56
2017.04.07 15:09:58.265,0.75084,0.75093,1.50,4.16
2017.04.07 15:09:58.569,0.75083,0.75091,1.00,1.00
2017.04.07 15:10:00.306,0.75084,0.75091,1.00,1.00
2017.04.07 15:10:00.611,0.75093,0.75098,5.25,1.00
2017.04.07 15:10:00.662,0.75094,0.751,1.00,1.00
2017.04.07 15:10:00.831,0.75094,0.75101,1.37,1.00
2017.04.07 15:10:00.983,0.75093,0.75102,3.37,1.00
2017.04.07 15:10:01.490,0.75093,0.75102,3.75,1.50
2017.04.07 15:10:01.996,0.75093,0.75101,1.00,1.00
2017.04.07 15:10:02.910,0.75092,0.75101,2.62,1.50
2017.04.07 15:10:03.712,0.75092,0.75097,1.12,1.00
2017.04.07 15:10:03.814,0.75089,0.75097,1.00,1.50
2017.04.07 15:10:03.966,0.75087,0.75095,3.37,1.00
2017.04.07 15:10:04.017,0.75086,0.75095,1.12,3.00
2017.04.07 15:10:06.767,0.75087,0.75095,1.00,3.37
2017.04.07 15:10:07.325,0.75085,0.75095,2.62,2.62
2017.04.07 15:10:07.376,0.75085,0.75093,1.87,1.00
2017.04.07 15:10:07.633,0.75084,0.75093,1.50,3.37
2017.04.07 15:10:10.336,0.75082,0.75093,5.62,4.69
2017.04.07 15:10:10.844,0.75082,0.75092,3.75,3.00
2017.04.07 15:10:14.095,0.75082,0.75091,3.00,1.00
2017.04.07 15:10:16.402,0.75082,0.75092,2.25,4.12
2017.04.07 15:10:18.204,0.75083,0.75092,1.00,1.87
2017.04.07 15:10:19.322,0.75083,0.75093,3.37,7.31
2017.04.07 15:10:19.829,0.75084,0.75093,1.50,2.81
2017.04.07 15:10:21.120,0.75085,0.75093,1.00,1.31
2017.04.07 15:10:27.305,0.75083,0.75092,4.31,1.00
2017.04.07 15:10:28.520,0.75085,0.75093,2.06,1.00
2017.04.07 15:10:29.066,0.75085,0.75094,2.06,1.00
2017.04.07 15:10:29.320,0.75089,0.75098,1.87,4.87
2017.04.07 15:10:29.422,0.75092,0.75098,1.00,3.00
2017.04.07 15:10:29.945,0.75093,0.751,1.00,1.37
2017.04.07 15:10:30.053,0.75093,0.75101,1.00,3.37
2017.04.07 15:10:32.479,0.75091,0.75101,4.31,3.75
2017.04.07 15:10:32.950,0.75092,0.751,1.25,1.37
2017.04.07 15:10:37.091,0.75093,0.751,1.00,1.37
2017.04.07 15:10:39.187,0.75092,0.751,1.25,1.37
2017.04.07 15:10:39.643,0.7509,0.75099,1.25,1.00
2017.04.07 15:10:40.105,0.75092,0.751,1.00,2.62
2017.04.07 15:10:40.419,0.75094,0.751,1.00,1.50
2017.04.07 15:10:40.974,0.75094,0.75101,1.00,1.12
2017.04.07 15:10:43.748,0.75094,0.75102,1.00,4.12
2017.04.07 15:10:47.610,0.75094,0.75103,2.06,1.50
2017.04.07 15:10:48.116,0.75094,0.75104,2.06,4.12
2017.04.07 15:11:05.130,0.75094,0.75103,1.25,1.87
2017.04.07 15:11:07.574,0.75093,0.75102,1.69,1.00
2017.04.07 15:11:08.338,0.75093,0.75101,1.69,1.00
2017.04.07 15:11:10.092,0.75094,0.75101,1.19,1.00
2017.04.07 15:11:16.952,0.75098,0.75102,1.00,1.00
2017.04.07 15:11:17.104,0.75099,0.75106,2.25,1.87
2017.04.07 15:11:17.206,0.75101,0.75106,1.25,1.00
2017.04.07 15:11:17.308,0.75101,0.75108,1.62,1.00
2017.04.07 15:11:18.252,0.75101,0.75107,3.19,1.00
2017.04.07 15:11:18.303,0.75101,0.75106,1.50,1.00
2017.04.07 15:11:18.354,0.75099,0.75104,4.12,1.00
2017.04.07 15:11:18.709,0.75098,0.75102,1.00,1.00
2017.04.07 15:11:18.913,0.75098,0.75104,1.00,1.00
2017.04.07 15:11:19.116,0.75096,0.75104,3.56,1.00
2017.04.07 15:11:19.387,0.75098,0.75104,1.50,1.00
2017.04.07 15:11:19.519,0.75098,0.75107,2.25,3.00
2017.04.07 15:11:19.570,0.75099,0.75107,4.12,1.00
2017.04.07 15:11:20.351,0.751,0.75109,1.12,3.00
2017.04.07 15:11:22.367,0.751,0.75108,1.12,1.50
2017.04.07 15:11:22.943,0.75101,0.75109,2.81,1.50
2017.04.07 15:11:24.548,0.75101,0.75108,1.31,1.00
2017.04.07 15:11:24.852,0.75101,0.75106,1.31,1.00
2017.04.07 15:11:24.953,0.75101,0.75109,2.06,1.95
2017.04.07 15:11:25.496,0.75102,0.7511,1.00,3.00
2017.04.07 15:11:26.744,0.75101,0.7511,1.31,2.25
2017.04.07 15:11:26.795,0.75099,0.75108,9.37,1.12
2017.04.07 15:11:27.032,0.75099,0.75107,1.00,2.25
2017.04.07 15:11:27.708,0.75099,0.75107,1.00,1.17
2017.04.07 15:11:28.223,0.75099,0.75107,1.00,1.57
2017.04.07 15:11:28.652,0.75097,0.75105,2.06,1.87
2017.04.07 15:11:29.158,0.75097,0.75104,1.69,1.00
2017.04.07 15:11:31.461,0.75097,0.75103,1.69,1.00
2017.04.07 15:11:38.481,0.75094,0.75103,3.19,1.00
2017.04.07 15:11:40.263,0.75095,0.75103,4.69,1.00
2017.04.07 15:11:40.365,0.75096,0.75105,2.06,4.87
2017.04.07 15:11:40.881,0.75095,0.75104,5.06,1.50
2017.04.07 15:11:43.974,0.75095,0.75104,1.31,3.82
2017.04.07 15:11:44.845,0.75095,0.75104,1.00,3.75
2017.04.07 15:11:45.350,0.75094,0.75104,2.81,3.75
2017.04.07 15:11:48.731,0.75094,0.75104,4.31,6.00
2017.04.07 15:11:50.557,0.75094,0.75103,2.25,1.50
2017.04.07 15:11:50.799,0.75094,0.75101,2.25,1.00
2017.04.07 15:11:52.105,0.75093,0.75101,5.44,1.00
2017.04.07 15:11:52.409,0.75092,0.75099,1.25,1.00
2017.04.07 15:11:55.255,0.75092,0.751,1.25,1.00
2017.04.07 15:11:55.801,0.75093,0.751,1.50,1.00
2017.04.07 15:11:59.400,0.75093,0.75101,1.50,1.00
2017.04.07 15:12:00.624,0.75092,0.751,3.19,1.00
2017.04.07 15:12:04.157,0.75092,0.75099,1.31,1.00
2017.04.07 15:12:04.208,0.7509,0.75099,7.87,1.50
2017.04.07 15:12:04.821,0.7509,0.75098,1.50,1.00
2017.04.07 15:12:05.425,0.7509,0.75098,2.25,1.00
2017.04.07 15:12:06.247,0.75089,0.75098,1.69,1.00
2017.04.07 15:12:06.753,0.75089,0.75097,2.81,1.00
2017.04.07 15:12:07.163,0.75089,0.75095,1.50,1.00
2017.04.07 15:12:07.316,0.75085,0.75095,9.19,1.50
2017.04.07 15:12:07.645,0.75088,0.75097,2.25,1.00
2017.04.07 15:12:07.696,0.7509,0.75097,1.25,1.50
2017.04.07 15:12:08.204,0.7509,0.75096,1.25,1.00
2017.04.07 15:12:08.407,0.7509,0.75098,1.25,1.00
2017.04.07 15:12:08.595,0.75092,0.751,1.00,3.75
2017.04.07 15:12:09.607,0.75092,0.751,1.00,1.50
2017.04.07 15:12:10.109,0.75092,0.75101,1.00,3.37
2017.04.07 15:12:11.715,0.75092,0.75101,1.00,4.12
2017.04.07 15:12:12.766,0.75092,0.75101,1.00,6.75
2017.04.07 15:12:15.419,0.75094,0.75101,1.00,4.50
2017.04.07 15:12:17.691,0.75094,0.75102,1.00,2.25
2017.04.07 15:12:18.350,0.75094,0.75103,1.00,7.87
2017.04.07 15:12:18.914,0.75094,0.75102,1.00,1.00
2017.04.07 15:12:19.453,0.75094,0.75103,1.00,6.37
2017.04.07 15:12:20.398,0.75094,0.75102,1.00,1.50
2017.04.07 15:12:20.958,0.75094,0.75103,1.00,5.62
2017.04.07 15:12:21.846,0.75094,0.75102,1.00,1.00
2017.04.07 15:12:22.371,0.75094,0.75103,1.00,7.87
2017.04.07 15:12:22.921,0.75094,0.75102,1.00,2.25
2017.04.07 15:12:23.433,0.75094,0.75103,1.00,8.25
2017.04.07 15:12:24.015,0.75093,0.75102,1.00,1.50
2017.04.07 15:12:24.782,0.75093,0.75101,1.00,1.00
2017.04.07 15:12:25.412,0.75093,0.75102,1.00,1.50
2017.04.07 15:12:25.943,0.75093,0.75103,1.00,7.87
2017.04.07 15:12:26.446,0.75093,0.75102,1.00,1.50
2017.04.07 15:12:26.966,0.75093,0.75103,1.00,9.75
2017.04.07 15:12:27.488,0.75093,0.75102,1.00,2.25
2017.04.07 15:12:28.447,0.75093,0.75103,1.00,8.25
2017.04.07 15:12:29.037,0.75093,0.75102,1.00,1.50
2017.04.07 15:12:30.064,0.75093,0.75103,1.00,5.25
2017.04.07 15:12:31.117,0.75093,0.75102,1.00,1.50
2017.04.07 15:12:31.669,0.75093,0.75103,1.00,5.25
2017.04.07 15:12:32.208,0.75093,0.75102,1.00,1.50
2017.04.07 15:12:32.722,0.75093,0.75103,1.00,6.75
2017.04.07 15:12:33.280,0.75093,0.75102,2.25,1.50
2017.04.07 15:12:33.830,0.75093,0.75103,2.25,8.25
2017.04.07 15:12:34.336,0.75094,0.75103,1.00,6.00
2017.04.07 15:12:36.320,0.75094,0.75102,1.00,1.50
2017.04.07 15:12:37.047,0.75094,0.75103,1.00,4.50
2017.04.07 15:12:37.588,0.75094,0.75102,1.00,1.50
2017.04.07 15:12:38.139,0.75094,0.75103,1.00,3.75
2017.04.07 15:12:40.553,0.75094,0.75103,1.00,2.25
2017.04.07 15:12:41.127,0.75095,0.75103,1.00,2.62
2017.04.07 15:12:45.532,0.75095,0.75101,1.00,1.50
2017.04.07 15:12:46.434,0.75095,0.75102,1.00,2.62
2017.04.07 15:12:51.497,0.75094,0.75102,1.00,3.75
2017.04.07 15:12:51.917,0.75092,0.75102,2.62,3.37
2017.04.07 15:12:52.692,0.75092,0.75101,1.00,4.35
2017.04.07 15:12:53.309,0.75092,0.751,1.00,1.00
2017.04.07 15:12:54.340,0.75093,0.75101,1.00,5.10
2017.04.07 15:12:55.147,0.75093,0.751,1.00,1.00
2017.04.07 15:12:55.697,0.75093,0.75101,1.00,3.75
2017.04.07 15:12:56.471,0.75093,0.751,1.00,1.00
2017.04.07 15:12:56.998,0.75093,0.75101,1.00,3.75
2017.04.07 15:12:57.517,0.75093,0.751,1.00,1.12
2017.04.07 15:13:13.032,0.75093,0.75101,1.00,2.62
2017.04.07 15:13:13.929,0.75092,0.75101,2.06,1.00
2017.04.07 15:13:24.133,0.75092,0.75101,3.94,1.12
2017.04.07 15:13:24.682,0.75094,0.75102,1.87,2.25
2017.04.07 15:13:24.986,0.75101,0.75106,1.37,6.00
2017.04.07 15:13:25.037,0.75101,0.75107,1.37,1.00
2017.04.07 15:13:25.088,0.751,0.75107,1.12,1.00
2017.04.07 15:13:25.140,0.751,0.75109,1.12,1.00
2017.04.07 15:13:25.687,0.75099,0.75106,1.87,1.12
2017.04.07 15:13:25.993,0.75093,0.75101,1.69,1.00
2017.04.07 15:13:26.550,0.75092,0.75101,1.00,1.00
2017.04.07 15:13:27.077,0.75093,0.75102,1.00,2.62
2017.04.07 15:13:29.941,0.75094,0.75102,1.00,2.62
2017.04.07 15:13:30.789,0.75094,0.75102,1.00,3.37
2017.04.07 15:13:31.204,0.75091,0.75101,6.56,5.62
2017.04.07 15:13:31.713,0.75092,0.751,1.00,1.50
2017.04.07 15:13:33.230,0.75093,0.75101,1.00,3.37
2017.04.07 15:13:35.220,0.75092,0.751,1.00,2.62
2017.04.07 15:13:35.271,0.7509,0.751,2.62,4.50
2017.04.07 15:13:35.424,0.7509,0.75098,1.00,2.62
2017.04.07 15:13:35.953,0.7509,0.75098,1.00,1.50
2017.04.07 15:13:36.358,0.7509,0.751,5.81,1.00
2017.04.07 15:13:36.902,0.75092,0.751,1.12,1.37
2017.04.07 15:13:38.386,0.75091,0.75099,1.00,1.50
2017.04.07 15:13:41.523,0.75091,0.75099,1.00,4.12
2017.04.07 15:13:41.882,0.75091,0.75095,1.00,1.50
2017.04.07 15:13:41.970,0.75085,0.75095,3.94,4.12
2017.04.07 15:13:43.115,0.75086,0.75094,1.00,2.25
2017.04.07 15:13:43.166,0.75088,0.75095,2.25,2.25
2017.04.07 15:13:43.426,0.75092,0.751,1.12,1.00
2017.04.07 15:13:44.656,0.75093,0.751,1.00,1.00
2017.04.07 15:13:46.284,0.75093,0.75101,1.00,3.37
2017.04.07 15:13:52.156,0.75092,0.75101,1.00,2.62
2017.04.07 15:13:53.889,0.75092,0.75101,1.00,1.87
2017.04.07 15:13:53.990,0.75092,0.75101,1.00,1.87
2017.04.07 15:13:54.563,0.75091,0.75101,5.44,1.87
2017.04.07 15:13:57.888,0.75093,0.75101,1.00,1.00
2017.04.07 15:14:02.292,0.75093,0.75101,1.00,3.37
2017.04.07 15:14:02.812,0.75093,0.75101,1.00,2.25
2017.04.07 15:14:04.763,0.75092,0.75102,1.00,3.37
2017.04.07 15:14:05.356,0.75093,0.75102,2.25,1.50
2017.04.07 15:14:07.494,0.75092,0.75102,1.00,2.62
2017.04.07 15:14:08.022,0.75093,0.75102,1.50,1.12
2017.04.07 15:14:13.048,0.75094,0.75103,1.00,6.00
2017.04.07 15:14:13.570,0.75094,0.75103,1.69,1.12
2017.04.07 15:14:14.026,0.75096,0.75103,1.25,1.12
2017.04.07 15:14:14.229,0.75096,0.75105,1.69,5.25
2017.04.07 15:14:16.582,0.75097,0.75105,2.40,1.87
2017.04.07 15:14:16.735,0.75099,0.75108,1.00,2.25
2017.04.07 15:14:17.040,0.75102,0.75109,1.00,1.50
2017.04.07 15:14:18.124,0.75102,0.7511,1.00,2.25
2017.04.07 15:14:18.630,0.75102,0.75111,1.00,5.25
2017.04.07 15:14:19.632,0.75103,0.75111,1.25,1.50
2017.04.07 15:14:20.137,0.75104,0.75112,1.00,3.00
2017.04.07 15:14:21.982,0.75104,0.75113,1.00,2.62
2017.04.07 15:14:22.328,0.75105,0.75115,1.12,7.12
2017.04.07 15:14:24.316,0.75105,0.75114,1.50,1.00
2017.04.07 15:14:24.826,0.75105,0.75115,1.50,4.12
2017.04.07 15:14:25.347,0.75105,0.75114,1.50,1.00
2017.04.07 15:14:25.906,0.75105,0.75115,1.50,4.87
2017.04.07 15:14:28.775,0.75105,0.75114,1.50,1.00
2017.04.07 15:14:29.308,0.75106,0.75115,3.19,4.12
2017.04.07 15:14:29.511,0.75109,0.75115,1.69,1.00
2017.04.07 15:14:29.663,0.7511,0.75119,1.50,3.37
2017.04.07 15:14:30.210,0.7511,0.75119,1.00,2.25
2017.04.07 15:14:30.570,0.75112,0.75119,1.00,1.00
2017.04.07 15:14:32.295,0.75113,0.75119,1.69,1.00
2017.04.07 15:14:32.397,0.75113,0.75121,1.69,1.50
2017.04.07 15:14:32.903,0.75114,0.75121,1.00,1.50
2017.04.07 15:14:33.873,0.75114,0.75122,1.00,2.25
2017.04.07 15:14:35.868,0.75115,0.75122,1.00,2.25
2017.04.07 15:14:37.908,0.75114,0.75123,1.00,1.37
2017.04.07 15:14:38.458,0.75115,0.75123,1.00,1.37
2017.04.07 15:14:38.812,0.75115,0.75124,1.00,5.62
2017.04.07 15:14:39.341,0.75116,0.75123,1.00,1.50
2017.04.07 15:14:39.858,0.75116,0.75124,1.00,3.75
2017.04.07 15:14:40.953,0.75114,0.75124,1.50,1.50
2017.04.07 15:14:47.230,0.75115,0.75125,3.19,6.00
2017.04.07 15:14:49.790,0.75115,0.75123,1.25,1.00
2017.04.07 15:14:56.195,0.75116,0.75123,1.00,1.12
2017.04.07 15:14:56.711,0.75115,0.75123,1.25,1.12
2017.04.07 15:14:59.578,0.75116,0.75124,1.00,1.37
2017.04.07 15:14:59.680,0.75117,0.75125,1.00,1.87
2017.04.07 15:15:00.186,0.75117,0.75126,1.25,2.25
2017.04.07 15:15:00.389,0.75117,0.75125,1.00,1.87
2017.04.07 15:15:00.592,0.75115,0.75125,1.25,3.75
2017.04.07 15:15:02.174,0.75115,0.75123,1.25,1.50
2017.04.07 15:15:04.736,0.75114,0.75122,1.69,1.00
2017.04.07 15:15:05.251,0.75114,0.75123,2.44,2.25
2017.04.07 15:15:05.879,0.75114,0.75122,2.44,1.50
2017.04.07 15:15:07.556,0.75115,0.75122,1.00,1.50
2017.04.07 15:15:08.062,0.75115,0.75123,1.00,1.50
2017.04.07 15:15:08.569,0.75116,0.75124,1.50,2.25
2017.04.07 15:15:11.051,0.75116,0.75124,1.50,1.00
2017.04.07 15:15:11.598,0.75116,0.75125,1.50,3.75
2017.04.07 15:15:12.106,0.75116,0.75125,1.00,4.50
2017.04.07 15:15:15.585,0.7512,0.75125,1.00,1.00
2017.04.07 15:15:15.738,0.7512,0.75128,1.69,1.87
2017.04.07 15:15:15.840,0.75122,0.75129,1.00,1.00
2017.04.07 15:15:16.382,0.75122,0.7513,1.50,1.50
2017.04.07 15:15:16.678,0.75122,0.75132,2.25,5.25
2017.04.07 15:15:17.185,0.75122,0.75131,3.37,1.50
2017.04.07 15:15:17.728,0.75122,0.75131,3.37,1.50
2017.04.07 15:15:20.330,0.75122,0.75129,2.62,1.00
2017.04.07 15:15:23.617,0.75121,0.75129,1.69,2.25
2017.04.07 15:15:23.668,0.7512,0.75124,1.00,1.00
2017.04.07 15:15:23.719,0.75118,0.75124,1.00,1.12
2017.04.07 15:15:23.922,0.75116,0.75125,1.00,1.75
2017.04.07 15:15:24.023,0.75116,0.75125,1.00,1.00
2017.04.07 15:15:24.176,0.75118,0.75126,2.06,3.37
2017.04.07 15:15:24.481,0.7512,0.75129,1.69,4.50
2017.04.07 15:15:25.012,0.75119,0.75126,1.12,1.00
2017.04.07 15:15:25.519,0.75118,0.75125,1.25,1.00
2017.04.07 15:15:25.823,0.75118,0.75127,3.56,1.00
2017.04.07 15:15:25.874,0.75118,0.75129,4.31,7.12
2017.04.07 15:15:25.985,0.75118,0.75126,2.62,1.50
2017.04.07 15:15:26.269,0.75116,0.75125,1.25,2.62
2017.04.07 15:15:34.149,0.75116,0.75123,1.25,1.50
2017.04.07 15:15:34.683,0.75116,0.75124,1.25,4.12
2017.04.07 15:15:38.820,0.75116,0.75122,1.25,1.50
2017.04.07 15:15:38.871,0.75114,0.75122,1.31,1.50
2017.04.07 15:15:39.569,0.75114,0.75122,1.25,3.37
2017.04.07 15:15:40.075,0.75114,0.75122,1.25,6.00
2017.04.07 15:15:52.359,0.75113,0.75123,3.75,2.62
2017.04.07 15:15:52.461,0.75112,0.75121,4.87,1.87
2017.04.07 15:15:52.995,0.75113,0.75121,1.00,1.50
2017.04.07 15:15:53.533,0.75113,0.75122,1.00,1.50
2017.04.07 15:15:55.092,0.75114,0.75122,1.00,1.50
2017.04.07 15:15:55.763,0.75115,0.75122,1.00,1.50
2017.04.07 15:15:56.192,0.75114,0.75124,2.25,1.87
2017.04.07 15:15:56.547,0.75116,0.75124,1.00,1.87
2017.04.07 15:15:56.852,0.7512,0.75124,1.00,1.50
2017.04.07 15:15:57.298,0.7512,0.75129,2.25,1.87
2017.04.07 15:15:58.001,0.75119,0.75129,1.12,2.62
2017.04.07 15:15:58.507,0.75119,0.75129,1.87,3.00
2017.04.07 15:15:59.604,0.75121,0.75129,1.00,2.25
2017.04.07 15:16:00.541,0.7512,0.7513,1.00,5.06
2017.04.07 15:16:01.047,0.75121,0.75129,1.00,1.50
2017.04.07 15:16:01.556,0.75121,0.75127,1.00,2.25
2017.04.07 15:16:01.774,0.75118,0.75126,1.00,3.00
2017.04.07 15:16:01.825,0.75116,0.75125,1.00,1.12
2017.04.07 15:16:02.331,0.75115,0.75125,5.25,2.25
2017.04.07 15:16:02.636,0.75117,0.75126,1.87,1.00
2017.04.07 15:16:03.142,0.75117,0.75127,3.00,4.12
2017.04.07 15:16:03.566,0.75121,0.75127,1.00,1.50
2017.04.07 15:16:03.617,0.75119,0.75128,1.50,1.00
2017.04.07 15:16:04.123,0.7512,0.75128,1.00,1.50
2017.04.07 15:16:04.695,0.75121,0.75128,1.00,1.00
2017.04.07 15:16:05.228,0.7512,0.75128,1.00,1.00
2017.04.07 15:16:05.381,0.75123,0.75128,1.00,1.00
2017.04.07 15:16:05.533,0.75121,0.7513,1.50,1.87
2017.04.07 15:16:05.837,0.75123,0.75131,1.00,1.87
2017.04.07 15:16:06.141,0.75129,0.75136,1.50,1.67
2017.04.07 15:16:06.323,0.75129,0.75138,1.87,3.37
2017.04.07 15:16:06.526,0.75128,0.75136,2.25,2.62
2017.04.07 15:16:07.084,0.75128,0.75135,2.62,1.50
2017.04.07 15:16:07.187,0.75128,0.75137,3.37,2.62
2017.04.07 15:16:08.329,0.75128,0.75136,2.25,1.50
2017.04.07 15:16:08.619,0.75127,0.75134,1.50,1.87
2017.04.07 15:16:08.924,0.75126,0.75134,1.00,5.25
2017.04.07 15:16:09.210,0.75123,0.75133,1.50,2.25
2017.04.07 15:16:12.016,0.75124,0.75132,1.00,1.87
2017.04.07 15:16:13.742,0.75125,0.75133,1.00,3.00
2017.04.07 15:16:14.260,0.75123,0.75132,1.00,1.00
2017.04.07 15:16:14.463,0.75123,0.75132,1.50,2.62
2017.04.07 15:16:14.564,0.75123,0.75132,1.50,1.00
2017.04.07 15:16:15.070,0.75123,0.75133,1.50,2.81
2017.04.07 15:16:15.851,0.75123,0.75132,1.50,2.25
2017.04.07 15:16:16.371,0.75123,0.75132,1.50,1.87
2017.04.07 15:16:17.465,0.75122,0.75131,2.25,1.12
2017.04.07 15:16:18.696,0.75125,0.75132,1.50,1.87
2017.04.07 15:16:18.899,0.75128,0.75136,1.00,3.75
2017.04.07 15:16:21.687,0.75127,0.75135,1.87,1.50
2017.04.07 15:16:22.193,0.75128,0.75136,1.00,1.00
2017.04.07 15:16:22.707,0.75129,0.75137,1.00,4.12
2017.04.07 15:16:22.937,0.75131,0.75137,1.00,3.00
2017.04.07 15:16:23.453,0.75129,0.75137,1.50,3.37
2017.04.07 15:16:23.960,0.75128,0.75136,1.50,1.12
2017.04.07 15:16:24.574,0.75128,0.75137,1.50,1.87
2017.04.07 15:16:25.088,0.75129,0.75137,1.00,1.12
2017.04.07 15:16:25.901,0.75131,0.75138,1.00,1.87
2017.04.07 15:16:26.053,0.75131,0.7514,1.00,8.81
2017.04.07 15:16:26.588,0.75131,0.7514,1.12,3.37
2017.04.07 15:16:27.108,0.75131,0.75139,1.12,1.50
2017.04.07 15:16:27.489,0.75131,0.75137,1.12,1.00
2017.04.07 15:16:27.540,0.75131,0.75139,1.12,1.00
2017.04.07 15:16:28.148,0.75131,0.7514,1.12,2.62
2017.04.07 15:16:29.411,0.75131,0.75139,1.12,1.00
2017.04.07 15:16:30.033,0.75131,0.7514,1.12,2.62
2017.04.07 15:16:31.799,0.75131,0.75139,1.12,2.25
2017.04.07 15:16:32.329,0.75131,0.75138,1.12,1.00
2017.04.07 15:16:33.861,0.7513,0.75138,1.50,3.75
2017.04.07 15:16:33.963,0.75128,0.75136,1.00,1.50
2017.04.07 15:16:34.065,0.75126,0.75134,3.37,1.00
2017.04.07 15:16:34.603,0.75126,0.75134,1.12,1.00
2017.04.07 15:16:35.195,0.75126,0.75135,3.37,3.75
2017.04.07 15:16:37.444,0.75128,0.75135,1.00,3.00
2017.04.07 15:16:37.767,0.7513,0.75137,1.12,1.00
2017.04.07 15:16:38.273,0.75131,0.75138,1.00,2.25
2017.04.07 15:16:38.899,0.75129,0.75137,5.25,1.00
2017.04.07 15:16:39.204,0.75127,0.75132,1.50,1.00
2017.04.07 15:16:39.787,0.75126,0.75132,3.75,1.00
2017.04.07 15:16:40.194,0.75127,0.75133,1.37,1.50
2017.04.07 15:16:40.296,0.75127,0.75134,4.12,1.00
2017.04.07 15:16:40.759,0.75127,0.75132,2.62,1.00
2017.04.07 15:16:41.265,0.75126,0.75132,6.19,1.00
2017.04.07 15:16:41.536,0.75125,0.75134,4.87,1.50
2017.04.07 15:16:41.587,0.75127,0.75133,1.00,1.12
2017.04.07 15:16:41.689,0.75128,0.75135,1.50,1.00
2017.04.07 15:16:42.225,0.75127,0.75132,1.00,1.00
2017.04.07 15:16:42.872,0.75127,0.75134,1.00,1.00
2017.04.07 15:16:42.974,0.75129,0.75135,1.00,1.00
2017.04.07 15:16:43.509,0.75128,0.75135,5.25,1.00
2017.04.07 15:16:43.561,0.75128,0.75137,3.75,1.00
2017.04.07 15:16:43.876,0.75128,0.75134,2.62,1.00
2017.04.07 15:16:44.179,0.75126,0.75132,1.12,1.00
2017.04.07 15:16:44.706,0.75126,0.75133,1.00,1.50
2017.04.07 15:16:45.293,0.75126,0.75132,1.00,1.00
2017.04.07 15:16:46.104,0.75126,0.75131,1.00,1.00
2017.04.07 15:16:46.307,0.75123,0.75131,6.37,1.00
2017.04.07 15:16:47.076,0.75124,0.75131,1.00,1.00
2017.04.07 15:16:47.582,0.75125,0.75132,1.00,1.00
2017.04.07 15:16:49.584,0.75124,0.75132,1.00,1.00
2017.04.07 15:16:50.658,0.75124,0.75131,1.00,1.00
2017.04.07 15:16:51.166,0.75123,0.75131,3.75,1.00
2017.04.07 15:16:51.721,0.75123,0.7513,1.12,1.00
2017.04.07 15:16:56.469,0.75123,0.75128,1.87,1.00
2017.04.07 15:17:01.696,0.75122,0.7513,3.75,1.50
2017.04.07 15:17:09.955,0.75123,0.75132,2.25,3.00
2017.04.07 15:17:10.006,0.75127,0.75132,1.00,1.50
2017.04.07 15:17:10.304,0.75128,0.75135,1.87,1.00
2017.04.07 15:17:10.355,0.75128,0.75137,10.87,3.00
2017.04.07 15:17:10.457,0.75129,0.75133,1.12,1.00
2017.04.07 15:17:10.559,0.75128,0.75135,1.50,1.00
2017.04.07 15:17:10.661,0.75128,0.75133,1.00,1.00
2017.04.07 15:17:11.167,0.75125,0.75133,3.37,1.00
2017.04.07 15:17:11.421,0.75125,0.75133,2.25,1.00
2017.04.07 15:17:11.961,0.75126,0.75133,1.50,1.00
2017.04.07 15:17:12.491,0.75125,0.75133,1.50,1.00
2017.04.07 15:17:14.657,0.75124,0.75131,2.25,1.00
2017.04.07 15:17:14.861,0.75125,0.75133,1.50,1.50
2017.04.07 15:17:15.494,0.75128,0.75135,1.50,1.87
2017.04.07 15:17:15.800,0.75129,0.75137,2.25,1.50
2017.04.07 15:17:16.324,0.75131,0.75137,1.00,1.00
2017.04.07 15:17:16.678,0.7513,0.75139,2.62,1.50
2017.04.07 15:17:17.885,0.7513,0.75139,4.12,1.50
2017.04.07 15:17:18.392,0.75132,0.75139,1.00,1.00
2017.04.07 15:17:18.909,0.75131,0.75139,1.50,1.00
2017.04.07 15:17:21.510,0.75132,0.75139,1.00,1.00
2017.04.07 15:17:21.860,0.75132,0.75141,1.50,1.50
2017.04.07 15:17:24.696,0.75132,0.75141,3.75,1.00
2017.04.07 15:17:31.885,0.75132,0.7514,2.25,1.00
2017.04.07 15:17:32.392,0.75132,0.7514,1.87,1.00
2017.04.07 15:17:34.532,0.75133,0.75141,1.00,1.00
2017.04.07 15:17:34.735,0.75134,0.75143,3.37,1.00
2017.04.07 15:17:35.288,0.75134,0.75142,3.37,1.50
2017.04.07 15:17:36.137,0.75134,0.75143,1.50,2.25
2017.04.07 15:17:36.657,0.75134,0.75142,1.50,1.50
2017.04.07 15:17:38.143,0.75134,0.75142,1.50,3.00
2017.04.07 15:17:44.816,0.75135,0.75143,1.87,1.00
2017.04.07 15:17:46.601,0.75135,0.75142,1.00,1.87
2017.04.07 15:17:47.107,0.75135,0.75143,1.00,4.50
2017.04.07 15:17:47.614,0.75136,0.75143,1.00,2.25
2017.04.07 15:17:48.172,0.75135,0.75143,1.00,1.50
2017.04.07 15:17:48.711,0.75134,0.75142,3.75,1.00
2017.04.07 15:17:49.218,0.75135,0.75142,1.00,1.00
2017.04.07 15:17:49.804,0.75136,0.75142,1.00,1.00
2017.04.07 15:17:49.858,0.75134,0.75142,2.25,1.00
2017.04.07 15:17:50.517,0.75135,0.75142,1.00,1.00
2017.04.07 15:17:51.038,0.75134,0.75143,1.00,2.25
2017.04.07 15:17:51.547,0.75135,0.75143,1.00,2.25
2017.04.07 15:17:52.003,0.75133,0.75143,2.25,3.00
2017.04.07 15:17:52.054,0.75135,0.75143,1.00,3.00
2017.04.07 15:17:52.683,0.75135,0.75142,1.00,1.50
2017.04.07 15:17:52.842,0.75132,0.75142,4.12,3.37
2017.04.07 15:17:53.348,0.75132,0.75142,3.00,1.00
2017.04.07 15:17:53.883,0.75133,0.75142,1.00,1.00
2017.04.07 15:17:54.580,0.75132,0.75142,6.37,1.00
2017.04.07 15:17:55.224,0.75133,0.75142,1.00,1.50
2017.04.07 15:17:55.891,0.75132,0.75142,4.50,1.50
2017.04.07 15:17:58.452,0.75133,0.75142,1.00,1.00
2017.04.07 15:17:58.961,0.75134,0.75143,1.00,1.50
2017.04.07 15:18:01.170,0.75133,0.75143,1.00,1.00
2017.04.07 15:18:01.986,0.75133,0.75143,2.25,1.37
2017.04.07 15:18:02.618,0.75133,0.75143,1.00,1.00
2017.04.07 15:18:02.669,0.75133,0.75141,1.00,1.00
2017.04.07 15:18:03.175,0.75134,0.75142,1.50,1.00
2017.04.07 15:18:04.184,0.75134,0.75141,1.00,1.00
2017.04.07 15:18:04.387,0.75132,0.75141,3.75,1.00
2017.04.07 15:18:05.123,0.75133,0.75141,1.00,1.00
2017.04.07 15:18:05.661,0.75134,0.75142,1.00,1.50
2017.04.07 15:18:08.978,0.75135,0.75143,1.00,4.12
2017.04.07 15:18:09.485,0.75136,0.75143,1.00,1.00
2017.04.07 15:18:10.398,0.75134,0.75142,3.19,1.00
2017.04.07 15:18:13.188,0.75134,0.75144,3.75,1.12
2017.04.07 15:18:13.442,0.75136,0.75144,1.00,1.12
2017.04.07 15:18:13.497,0.75134,0.75144,4.12,2.62
2017.04.07 15:18:14.045,0.75135,0.75144,2.25,1.00
2017.04.07 15:18:14.553,0.75136,0.75145,1.00,4.50
2017.04.07 15:18:16.264,0.75138,0.75145,2.62,1.87
2017.04.07 15:18:16.570,0.75143,0.7515,1.00,1.00
2017.04.07 15:18:16.976,0.75144,0.75152,1.12,2.25
2017.04.07 15:18:17.027,0.75146,0.75152,1.00,1.12
2017.04.07 15:18:17.128,0.75144,0.75152,1.12,2.62
2017.04.07 15:18:17.720,0.75144,0.75151,1.12,1.12
2017.04.07 15:18:18.229,0.75145,0.75152,1.50,2.25
2017.04.07 15:18:18.818,0.75145,0.75153,1.50,4.12
2017.04.07 15:18:19.021,0.75144,0.75151,1.12,1.00
2017.04.07 15:18:19.175,0.75144,0.75153,1.12,4.12
2017.04.07 15:18:19.682,0.75144,0.75152,1.12,1.00
2017.04.07 15:18:21.298,0.75145,0.75152,1.00,1.50
2017.04.07 15:18:22.080,0.75144,0.75152,1.87,2.25
2017.04.07 15:18:27.143,0.75145,0.75152,1.00,1.00
2017.04.07 15:18:29.127,0.75144,0.75152,1.00,1.12
2017.04.07 15:18:29.668,0.75145,0.75152,1.00,1.87
2017.04.07 15:18:31.489,0.75145,0.75153,1.00,1.00
2017.04.07 15:18:32.250,0.75145,0.75151,1.00,1.00
2017.04.07 15:18:32.301,0.75145,0.75153,1.00,3.00
2017.04.07 15:18:32.781,0.75146,0.75151,1.00,1.00
2017.04.07 15:18:32.832,0.75144,0.75152,1.50,1.00
2017.04.07 15:18:33.351,0.75145,0.75153,1.00,2.25
2017.04.07 15:18:34.749,0.75144,0.75153,1.00,1.00
2017.04.07 15:18:35.731,0.75144,0.75152,1.00,1.00
2017.04.07 15:18:36.261,0.75143,0.75153,1.50,3.37
2017.04.07 15:18:36.312,0.75143,0.75152,1.50,1.37
2017.04.07 15:18:36.819,0.75143,0.75152,1.50,1.87
2017.04.07 15:18:40.336,0.75142,0.75152,3.75,2.62
2017.04.07 15:18:43.085,0.75143,0.75153,1.50,3.75
2017.04.07 15:18:43.650,0.75142,0.75153,2.25,5.25
2017.04.07 15:18:44.911,0.75143,0.75153,1.50,3.75
2017.04.07 15:18:46.075,0.75143,0.75153,2.62,2.62
2017.04.07 15:18:46.583,0.75145,0.75153,1.00,2.25
2017.04.07 15:18:47.468,0.75144,0.75152,1.87,1.00
2017.04.07 15:18:47.977,0.75144,0.75153,1.87,3.00
2017.04.07 15:18:48.659,0.75145,0.75154,1.12,6.19
2017.04.07 15:18:49.076,0.75149,0.75154,2.25,1.50
2017.04.07 15:18:49.435,0.75153,0.75157,1.00,6.75
2017.04.07 15:18:49.496,0.75152,0.75162,5.25,1.87
2017.04.07 15:18:51.357,0.75158,0.75162,1.00,1.12
2017.04.07 15:18:51.564,0.7516,0.75164,1.00,3.75
2017.04.07 15:18:51.818,0.75161,0.75166,1.00,2.62
2017.04.07 15:18:51.920,0.75165,0.75169,1.00,6.00
2017.04.07 15:18:52.102,0.75164,0.75168,1.12,1.00
2017.04.07 15:18:52.461,0.75165,0.75172,1.00,1.00
2017.04.07 15:18:52.967,0.75166,0.75173,1.00,1.50
2017.04.07 15:18:55.439,0.75164,0.75173,1.12,1.50
2017.04.07 15:18:57.362,0.75163,0.75172,3.00,1.50
2017.04.07 15:18:57.413,0.75163,0.7517,2.25,1.00
2017.04.07 15:18:57.514,0.75162,0.75169,1.00,1.00
2017.04.07 15:18:57.566,0.75162,0.75166,1.00,2.62
2017.04.07 15:18:57.668,0.7516,0.75164,1.50,1.12
2017.04.07 15:18:57.884,0.75157,0.75162,1.60,1.00
2017.04.07 15:18:58.239,0.75154,0.75162,1.87,1.00
2017.04.07 15:18:58.740,0.75154,0.75163,1.87,1.50
2017.04.07 15:18:59.237,0.75156,0.75163,1.00,1.00
2017.04.07 15:19:00.100,0.75155,0.75163,1.50,1.00
2017.04.07 15:19:00.629,0.75156,0.75164,1.00,1.12
2017.04.07 15:19:01.736,0.75155,0.75164,3.19,1.12
2017.04.07 15:19:02.245,0.75156,0.75164,1.00,1.12
2017.04.07 15:19:02.844,0.75155,0.75163,2.81,1.00
2017.04.07 15:19:05.553,0.75156,0.75163,1.00,1.00
2017.04.07 15:19:06.058,0.75156,0.75165,1.00,1.87
2017.04.07 15:19:06.567,0.75156,0.75163,1.00,1.00
2017.04.07 15:19:08.181,0.75155,0.75163,3.56,1.00
2017.04.07 15:19:08.488,0.75159,0.75165,1.25,1.00
2017.04.07 15:19:08.995,0.75158,0.75166,2.06,1.12
2017.04.07 15:19:09.510,0.75158,0.75164,2.81,1.00
2017.04.07 15:19:09.561,0.75158,0.75166,2.06,1.12
2017.04.07 15:19:10.068,0.75157,0.75166,1.69,3.00
2017.04.07 15:19:11.042,0.75157,0.75166,2.06,2.62
2017.04.07 15:19:11.143,0.75159,0.75166,1.19,1.00
2017.04.07 15:19:11.498,0.75161,0.75169,1.00,3.00
2017.04.07 15:19:11.903,0.75162,0.75167,1.00,1.00
2017.04.07 15:19:12.055,0.75159,0.75167,4.12,2.62
2017.04.07 15:19:12.473,0.75157,0.75166,3.56,1.12
2017.04.07 15:19:13.791,0.75157,0.75165,4.31,1.00
2017.04.07 15:19:14.871,0.75157,0.75164,2.81,1.00
2017.04.07 15:19:19.747,0.75158,0.75165,1.00,1.37
2017.04.07 15:19:20.000,0.75158,0.75167,1.50,5.25
2017.04.07 15:19:20.203,0.75162,0.75166,1.00,1.50
2017.04.07 15:19:20.254,0.7516,0.75167,1.00,3.37
2017.04.07 15:19:20.305,0.75162,0.75167,1.00,1.87
2017.04.07 15:19:20.407,0.7516,0.75167,2.25,1.87
2017.04.07 15:19:20.949,0.75159,0.75167,1.50,1.12
2017.04.07 15:19:21.456,0.7516,0.75167,1.00,1.12
2017.04.07 15:19:22.705,0.75162,0.75168,1.00,1.37
2017.04.07 15:19:22.756,0.75162,0.75169,1.00,1.87
2017.04.07 15:19:23.060,0.75161,0.75167,2.25,1.87
2017.04.07 15:19:23.213,0.75158,0.75166,2.25,5.62
2017.04.07 15:19:23.724,0.75158,0.75166,1.00,4.50
2017.04.07 15:19:24.593,0.75159,0.75166,1.00,3.37
2017.04.07 15:19:25.114,0.75157,0.75166,2.44,1.87
2017.04.07 15:19:25.708,0.75161,0.75166,1.00,1.37
2017.04.07 15:19:25.759,0.75163,0.75167,1.00,2.25
2017.04.07 15:19:25.861,0.75163,0.75169,1.00,1.87
2017.04.07 15:19:25.963,0.75164,0.75171,1.00,3.37
2017.04.07 15:19:26.216,0.75162,0.75169,1.50,1.50
2017.04.07 15:19:26.729,0.75163,0.7517,1.00,1.50
2017.04.07 15:19:27.249,0.75163,0.75171,1.00,4.50
2017.04.07 15:19:27.756,0.75166,0.75172,1.00,1.50
2017.04.07 15:19:29.361,0.75165,0.75172,1.00,1.50
2017.04.07 15:19:40.636,0.75163,0.75172,3.37,1.50
2017.04.07 15:19:46.333,0.75165,0.75172,1.00,1.00
2017.04.07 15:19:49.125,0.75166,0.75172,1.00,1.00
2017.04.07 15:19:49.512,0.75164,0.75172,1.00,1.00
2017.04.07 15:19:52.119,0.75165,0.75172,1.00,1.00
2017.04.07 15:19:52.626,0.75166,0.75172,1.00,1.00
2017.04.07 15:19:53.181,0.75166,0.75173,1.00,5.25
2017.04.07 15:19:56.209,0.75166,0.75173,1.00,3.75
2017.04.07 15:19:56.260,0.75166,0.7517,1.00,1.00
2017.04.07 15:19:57.317,0.75167,0.75173,1.12,1.87
2017.04.07 15:19:57.622,0.75169,0.75174,1.00,1.00
2017.04.07 15:19:59.765,0.75169,0.75173,1.00,1.00
2017.04.07 15:20:00.269,0.75168,0.75172,1.00,1.00
2017.04.07 15:20:01.232,0.75168,0.75173,1.00,1.00
2017.04.07 15:20:01.504,0.75166,0.75173,1.00,1.00
2017.04.07 15:20:03.241,0.75168,0.75173,1.00,1.00
2017.04.07 15:20:04.319,0.75167,0.75173,1.00,1.00
2017.04.07 15:20:04.956,0.75168,0.75174,1.00,1.00
2017.04.07 15:20:07.143,0.75166,0.75174,1.00,1.50
2017.04.07 15:20:15.711,0.75168,0.75176,1.00,1.87
2017.04.07 15:20:15.813,0.75169,0.75177,1.50,1.12
2017.04.07 15:20:15.965,0.75171,0.75178,1.00,3.00
2017.04.07 15:20:16.117,0.75171,0.75179,3.19,1.00
2017.04.07 15:20:16.168,0.75173,0.75179,1.00,1.87
2017.04.07 15:20:16.370,0.75173,0.75181,1.00,5.62
2017.04.07 15:20:16.775,0.75172,0.75179,1.12,1.00
2017.04.07 15:20:17.829,0.75172,0.7518,1.50,3.00
2017.04.07 15:20:18.337,0.75173,0.75181,1.00,1.12
2017.04.07 15:20:23.885,0.75173,0.7518,1.00,2.25
2017.04.07 15:20:24.191,0.7517,0.75176,1.12,1.87
2017.04.07 15:20:24.242,0.75168,0.75176,1.62,2.62
2017.04.07 15:20:24.749,0.75168,0.75175,1.25,1.00
2017.04.07 15:20:25.257,0.75168,0.75176,1.25,1.87
2017.04.07 15:20:25.935,0.75169,0.75177,3.00,1.12
2017.04.07 15:20:25.986,0.75171,0.75178,1.00,1.37
2017.04.07 15:20:26.189,0.75172,0.75179,1.00,4.12
2017.04.07 15:20:26.709,0.75172,0.75179,1.00,3.37
2017.04.07 15:20:29.288,0.75172,0.7518,1.50,1.12
2017.04.07 15:20:29.794,0.75173,0.75181,1.00,2.25
2017.04.07 15:20:30.305,0.75171,0.75181,2.25,2.62
2017.04.07 15:20:30.880,0.75173,0.75181,1.00,2.25
2017.04.07 15:20:32.149,0.75173,0.75182,1.50,2.25
2017.04.07 15:20:32.590,0.75175,0.75182,1.00,3.75
2017.04.07 15:20:33.938,0.75175,0.75181,1.00,1.00
2017.04.07 15:20:36.198,0.75175,0.75182,1.00,3.75
2017.04.07 15:20:36.944,0.75175,0.75181,1.00,1.00
2017.04.07 15:20:37.453,0.75174,0.75181,1.00,1.00
2017.04.07 15:20:38.000,0.75173,0.75181,1.00,1.00
2017.04.07 15:20:38.528,0.75173,0.75182,1.00,4.50
2017.04.07 15:20:39.040,0.75173,0.75181,1.00,1.00
2017.04.07 15:20:40.735,0.75173,0.75182,1.50,2.25
2017.04.07 15:20:41.039,0.75175,0.75182,1.00,1.12
2017.04.07 15:20:41.191,0.75173,0.75182,3.37,1.00
2017.04.07 15:20:41.445,0.75175,0.75182,1.00,1.00
2017.04.07 15:20:43.276,0.75175,0.75183,1.00,3.37
2017.04.07 15:20:45.555,0.75176,0.75183,1.00,1.50
2017.04.07 15:20:46.447,0.75177,0.75185,1.25,2.62
2017.04.07 15:20:52.420,0.75177,0.75183,1.25,1.00
2017.04.07 15:20:53.496,0.75177,0.75184,1.25,1.87
2017.04.07 15:20:55.150,0.75177,0.75183,1.25,1.00
2017.04.07 15:21:00.118,0.75177,0.75184,1.25,2.62
2017.04.07 15:21:00.670,0.75176,0.75183,1.25,1.00
2017.04.07 15:21:01.180,0.75176,0.75184,1.25,3.37
2017.04.07 15:21:02.382,0.75176,0.75183,1.69,1.00
2017.04.07 15:21:02.894,0.75176,0.75184,1.69,4.50
2017.04.07 15:21:03.420,0.75176,0.75183,1.69,1.00
2017.04.07 15:21:03.779,0.75174,0.75183,3.75,1.12
2017.04.07 15:21:04.336,0.75175,0.75184,1.00,5.25
2017.04.07 15:21:04.855,0.75175,0.75183,1.50,1.00
2017.04.07 15:21:05.452,0.75175,0.75184,1.00,3.00
2017.04.07 15:21:06.145,0.75175,0.75183,1.50,1.00
2017.04.07 15:21:06.884,0.75174,0.75183,3.75,1.12
2017.04.07 15:21:07.668,0.75175,0.75183,1.00,1.87
2017.04.07 15:21:08.189,0.75174,0.75183,3.37,1.87
2017.04.07 15:21:09.109,0.75176,0.75183,1.00,1.87
2017.04.07 15:21:10.044,0.75175,0.75183,1.00,1.12
2017.04.07 15:21:14.846,0.75174,0.75183,4.12,1.12
2017.04.07 15:21:18.334,0.75175,0.75183,1.00,1.12
2017.04.07 15:21:20.916,0.75175,0.75182,1.00,1.50
2017.04.07 15:21:23.723,0.75175,0.75183,1.00,2.62
2017.04.07 15:21:28.426,0.75174,0.75183,1.50,1.50
2017.04.07 15:21:29.099,0.75173,0.75183,4.87,1.57
2017.04.07 15:21:29.905,0.75174,0.75182,1.00,1.00
2017.04.07 15:21:30.436,0.75173,0.75183,4.87,2.32
2017.04.07 15:21:31.025,0.75174,0.75182,1.00,1.00
2017.04.07 15:21:32.357,0.75173,0.75183,5.25,2.32
2017.04.07 15:21:32.862,0.75173,0.75182,1.87,2.70
2017.04.07 15:21:33.168,0.75167,0.75172,1.00,1.87
2017.04.07 15:21:33.553,0.75162,0.75166,2.10,1.12
2017.04.07 15:21:33.655,0.75156,0.75163,4.12,1.50
2017.04.07 15:21:33.706,0.7516,0.75164,1.00,1.12
2017.04.07 15:21:33.960,0.75159,0.75169,3.75,1.87
2017.04.07 15:21:34.945,0.7516,0.7517,4.69,1.50
2017.04.07 15:21:37.496,0.75161,0.7517,1.00,1.87
2017.04.07 15:21:37.700,0.75161,0.75172,2.62,10.12
2017.04.07 15:21:38.219,0.75161,0.75171,4.12,1.00
2017.04.07 15:21:39.058,0.75161,0.75172,4.87,4.87
2017.04.07 15:21:39.648,0.75161,0.75172,4.12,4.50
2017.04.07 15:21:40.199,0.75161,0.75172,4.12,3.37
2017.04.07 15:21:40.777,0.75163,0.75172,1.00,3.00
2017.04.07 15:21:41.282,0.75164,0.75173,1.00,1.87
2017.04.07 15:21:42.282,0.75164,0.75173,1.50,1.12
2017.04.07 15:21:42.586,0.75165,0.75174,1.31,1.12
2017.04.07 15:21:43.906,0.75165,0.75172,1.31,1.00
2017.04.07 15:21:43.957,0.75165,0.75174,2.06,1.12
2017.04.07 15:21:46.185,0.75165,0.75174,1.31,1.12
2017.04.07 15:21:51.389,0.75165,0.75173,1.31,1.00
2017.04.07 15:21:51.925,0.75165,0.75172,1.31,1.00
2017.04.07 15:21:52.330,0.75163,0.75171,5.44,1.00
2017.04.07 15:21:53.547,0.75163,0.75172,1.25,3.00
2017.04.07 15:21:54.158,0.75163,0.7517,1.25,1.00
2017.04.07 15:21:55.386,0.75163,0.75171,1.25,1.00
2017.04.07 15:21:56.160,0.75163,0.75172,1.31,1.87
2017.04.07 15:22:04.494,0.75164,0.75172,1.50,1.00
2017.04.07 15:22:04.697,0.75165,0.75174,1.87,4.50
2017.04.07 15:22:05.203,0.75165,0.75173,1.50,1.12
2017.04.07 15:22:05.785,0.75164,0.75173,3.00,1.87
2017.04.07 15:22:07.579,0.75165,0.75173,1.50,1.00
2017.04.07 15:22:09.716,0.75164,0.75173,5.25,1.00
2017.04.07 15:22:23.008,0.75164,0.75173,1.87,1.50
2017.04.07 15:22:29.987,0.75164,0.75171,3.37,1.00
2017.04.07 15:22:30.290,0.75162,0.75171,2.25,1.00
2017.04.07 15:22:30.493,0.75162,0.75169,1.87,1.00
2017.04.07 15:22:30.999,0.75161,0.75169,2.25,1.00
2017.04.07 15:22:32.215,0.75163,0.75169,1.00,1.00
2017.04.07 15:22:32.317,0.75164,0.75172,1.00,1.12
2017.04.07 15:22:32.418,0.75166,0.75173,1.00,2.25
2017.04.07 15:22:32.924,0.75165,0.75173,1.50,1.00
2017.04.07 15:22:33.460,0.75165,0.75174,1.00,2.62
2017.04.07 15:22:35.253,0.75166,0.75175,1.00,3.00
2017.04.07 15:22:35.792,0.75167,0.75174,1.00,1.00
2017.04.07 15:22:35.995,0.75165,0.75174,4.31,1.12
2017.04.07 15:22:36.045,0.75167,0.75174,1.00,1.12
2017.04.07 15:22:39.682,0.75166,0.75174,4.87,1.00
2017.04.07 15:22:44.018,0.75166,0.75172,2.25,1.00
2017.04.07 15:22:44.476,0.75166,0.75174,1.00,1.00
2017.04.07 15:22:44.969,0.75166,0.75172,1.50,1.00
2017.04.07 15:22:45.991,0.75166,0.75174,1.50,1.87
2017.04.07 15:22:46.612,0.75167,0.75175,1.00,2.62
2017.04.07 15:22:46.663,0.75167,0.75173,1.00,1.00
2017.04.07 15:22:47.168,0.75166,0.75172,1.00,1.12
2017.04.07 15:22:47.384,0.75166,0.75175,3.00,3.75
2017.04.07 15:22:47.438,0.75169,0.75175,2.62,1.87
2017.04.07 15:22:47.743,0.75173,0.75179,1.00,1.50
2017.04.07 15:22:48.238,0.75171,0.75179,2.62,1.00
2017.04.07 15:22:48.972,0.75172,0.7518,1.00,1.00
2017.04.07 15:22:49.601,0.75174,0.7518,1.00,1.00
2017.04.07 15:22:50.129,0.75174,0.75181,1.00,1.00
2017.04.07 15:22:51.559,0.75175,0.75181,1.00,1.00
2017.04.07 15:22:51.731,0.75175,0.75183,1.00,5.25
2017.04.07 15:22:53.139,0.75174,0.75183,1.00,4.50
2017.04.07 15:22:53.672,0.75174,0.75182,1.00,1.50
2017.04.07 15:22:54.179,0.75174,0.75183,1.00,1.12
2017.04.07 15:22:54.694,0.75173,0.75183,3.75,1.50
2017.04.07 15:22:55.495,0.75173,0.75182,1.50,1.00
2017.04.07 15:22:56.764,0.75173,0.75183,3.37,1.50
2017.04.07 15:22:57.302,0.75173,0.75183,4.12,1.00
2017.04.07 15:22:57.863,0.75173,0.75181,5.62,1.00
2017.04.07 15:22:57.965,0.75173,0.75183,6.37,1.00
2017.04.07 15:22:58.259,0.75173,0.7518,4.87,1.00
2017.04.07 15:22:59.473,0.75174,0.7518,1.00,1.00
2017.04.07 15:23:00.211,0.75173,0.7518,1.87,1.00
2017.04.07 15:23:02.952,0.75172,0.75179,1.87,1.00
2017.04.07 15:23:04.014,0.75169,0.75178,3.00,1.12
2017.04.07 15:23:04.575,0.75168,0.75178,3.75,4.69
2017.04.07 15:23:04.627,0.75168,0.75175,3.00,1.00
2017.04.07 15:23:04.982,0.75167,0.75172,1.00,1.00
2017.04.07 15:23:05.489,0.75166,0.75173,1.00,1.00
2017.04.07 15:23:06.016,0.75166,0.75174,1.00,1.50
2017.04.07 15:23:06.524,0.75167,0.75174,1.00,1.00
2017.04.07 15:23:07.532,0.75167,0.75176,1.50,4.31
2017.04.07 15:23:07.836,0.75168,0.75177,1.00,3.37
2017.04.07 15:23:08.142,0.75168,0.75177,1.00,5.25
2017.04.07 15:23:08.697,0.75169,0.75177,1.00,2.25
2017.04.07 15:23:09.342,0.75169,0.75178,1.00,4.69
2017.04.07 15:23:09.909,0.75169,0.75177,1.87,1.50
2017.04.07 15:23:09.960,0.75171,0.75178,1.00,3.56
2017.04.07 15:23:10.251,0.75173,0.75179,1.00,1.31
2017.04.07 15:23:10.774,0.75173,0.7518,1.00,1.00
2017.04.07 15:23:11.282,0.75172,0.7518,1.50,1.00
2017.04.07 15:23:12.180,0.75172,0.75181,1.50,1.00
2017.04.07 15:23:13.058,0.75173,0.75181,1.00,1.00
2017.04.07 15:23:13.652,0.75174,0.75182,1.00,2.06
2017.04.07 15:23:13.804,0.75176,0.75182,1.00,1.00
2017.04.07 15:23:14.058,0.7518,0.75188,1.50,2.25
2017.04.07 15:23:14.466,0.75181,0.7519,3.00,3.00
2017.04.07 15:23:14.973,0.75181,0.7519,3.75,1.00
2017.04.07 15:23:15.687,0.75181,0.75191,1.87,3.94
2017.04.07 15:23:18.388,0.75183,0.75191,1.00,2.06
2017.04.07 15:23:18.932,0.75182,0.75191,2.25,1.69
2017.04.07 15:23:20.521,0.75183,0.75191,1.00,1.69
2017.04.07 15:23:20.775,0.75184,0.75193,1.87,1.25
2017.04.07 15:23:21.281,0.75183,0.75193,4.87,1.69
2017.04.07 15:23:21.822,0.75184,0.75192,1.00,1.12
2017.04.07 15:23:22.689,0.75183,0.75192,1.12,1.12
2017.04.07 15:23:24.223,0.75183,0.75193,2.62,2.81
2017.04.07 15:23:24.730,0.75183,0.75191,1.00,3.56
2017.04.07 15:23:25.177,0.75181,0.75189,1.50,1.75
2017.04.07 15:23:25.280,0.75178,0.75185,1.00,3.56
2017.04.07 15:23:25.331,0.75176,0.75185,1.00,2.81
2017.04.07 15:23:25.434,0.75178,0.75185,1.00,2.25
2017.04.07 15:23:25.984,0.75178,0.75186,1.00,1.50
2017.04.07 15:23:26.807,0.7518,0.75186,1.00,1.00
2017.04.07 15:23:27.009,0.7518,0.75189,2.62,3.56
2017.04.07 15:23:27.811,0.7518,0.75188,1.12,1.00
2017.04.07 15:23:29.791,0.75179,0.75188,2.25,1.12
2017.04.07 15:23:30.307,0.7518,0.75188,1.00,1.12
2017.04.07 15:23:30.903,0.7518,0.75189,1.12,1.69
2017.04.07 15:23:31.561,0.7518,0.75188,1.87,1.00
2017.04.07 15:23:32.068,0.7518,0.75189,2.62,2.06
2017.04.07 15:23:32.349,0.75182,0.75189,1.00,1.31
2017.04.07 15:23:32.704,0.75183,0.75191,1.00,1.69
2017.04.07 15:23:34.262,0.75182,0.75191,3.37,1.25
2017.04.07 15:23:34.796,0.75183,0.75191,1.00,1.25
2017.04.07 15:23:35.345,0.75182,0.75191,3.75,1.25
2017.04.07 15:23:37.282,0.75182,0.7519,1.12,1.00
2017.04.07 15:23:37.637,0.7518,0.75186,2.62,1.00
2017.04.07 15:23:37.869,0.75177,0.75185,1.00,1.50
2017.04.07 15:23:38.124,0.75175,0.75185,6.00,1.50
2017.04.07 15:23:38.635,0.75178,0.75185,1.00,1.00
2017.04.07 15:23:39.166,0.75178,0.75185,1.00,1.50
2017.04.07 15:23:39.368,0.75179,0.75186,1.12,1.12
2017.04.07 15:23:39.877,0.75178,0.75185,1.12,1.12
2017.04.07 15:23:42.212,0.75179,0.75186,1.00,1.87
2017.04.07 15:23:42.415,0.75177,0.75185,1.00,1.12
2017.04.07 15:23:42.922,0.75178,0.75186,1.87,1.87
2017.04.07 15:23:44.229,0.75178,0.75187,1.12,3.94
2017.04.07 15:23:44.331,0.75177,0.75185,4.12,1.00
2017.04.07 15:23:44.837,0.75177,0.75186,4.12,1.00
2017.04.07 15:23:45.357,0.75178,0.75187,1.00,3.94
2017.04.07 15:23:45.661,0.7518,0.7519,1.50,5.06
2017.04.07 15:23:46.139,0.7518,0.7519,1.87,6.19
2017.04.07 15:23:47.397,0.7518,0.75189,1.00,1.50
2017.04.07 15:23:47.498,0.75179,0.75187,1.12,2.44
2017.04.07 15:23:48.207,0.75177,0.75185,2.25,1.00
2017.04.07 15:23:48.734,0.75179,0.75188,1.37,1.37
2017.04.07 15:23:49.038,0.75177,0.75185,6.75,5.44
2017.04.07 15:23:49.682,0.75177,0.75183,1.00,1.37
2017.04.07 15:23:50.190,0.75175,0.75182,1.50,1.12
2017.04.07 15:23:50.834,0.75174,0.75182,7.50,1.12
2017.04.07 15:23:51.588,0.75175,0.75183,1.00,1.37
2017.04.07 15:23:52.095,0.75176,0.75183,1.00,1.37
2017.04.07 15:23:52.682,0.75176,0.75183,1.00,1.00
2017.04.07 15:23:54.218,0.75175,0.75184,3.00,2.62
2017.04.07 15:23:55.234,0.75176,0.75184,1.00,2.62
2017.04.07 15:23:55.542,0.75178,0.75182,1.00,1.00
2017.04.07 15:23:56.150,0.75175,0.75182,1.69,1.50
2017.04.07 15:23:56.675,0.75175,0.75183,5.44,1.00
2017.04.07 15:23:57.192,0.75175,0.75183,4.69,1.37
2017.04.07 15:24:02.261,0.75175,0.75184,6.94,2.25
2017.04.07 15:24:03.057,0.75175,0.75183,1.00,1.50
2017.04.07 15:24:03.514,0.75174,0.7518,1.25,1.00
2017.04.07 15:24:07.102,0.75174,0.75181,1.69,1.00
2017.04.07 15:24:10.277,0.75175,0.75181,1.00,1.00
2017.04.07 15:24:10.807,0.75175,0.7518,1.00,1.50
2017.04.07 15:24:11.333,0.75172,0.75179,2.06,1.00
2017.04.07 15:24:11.861,0.75172,0.75179,1.31,1.00
2017.04.07 15:24:12.227,0.75171,0.75176,2.62,2.62
2017.04.07 15:24:12.322,0.75165,0.7517,1.50,1.00
2017.04.07 15:24:12.828,0.75163,0.75169,2.81,1.00
2017.04.07 15:24:15.580,0.75163,0.75169,1.00,1.00
2017.04.07 15:24:17.731,0.75164,0.75169,1.00,1.00
2017.04.07 15:24:20.804,0.75162,0.75169,3.56,1.00
2017.04.07 15:24:21.457,0.75165,0.75169,1.00,1.00
2017.04.07 15:24:23.354,0.75163,0.75171,1.12,1.12
2017.04.07 15:24:23.557,0.75168,0.75172,1.00,1.00
2017.04.07 15:24:23.810,0.75171,0.75178,1.00,5.85
2017.04.07 15:24:24.360,0.7517,0.75176,1.00,1.00
2017.04.07 15:24:25.144,0.7517,0.75178,1.00,3.75
2017.04.07 15:24:25.700,0.7517,0.75178,1.87,3.00
2017.04.07 15:24:26.302,0.75171,0.75178,1.37,1.12
2017.04.07 15:24:26.961,0.7517,0.75177,1.75,1.00
2017.04.07 15:24:27.012,0.7517,0.75177,1.00,1.50
2017.04.07 15:24:27.410,0.75171,0.75178,1.87,1.12
2017.04.07 15:24:29.498,0.75171,0.75179,1.87,1.00
2017.04.07 15:24:30.040,0.75171,0.75178,1.87,1.00
2017.04.07 15:24:34.989,0.75173,0.75178,1.00,1.00
2017.04.07 15:24:37.353,0.75173,0.7518,1.00,2.25
2017.04.07 15:24:48.326,0.75172,0.7518,2.25,1.00
2017.04.07 15:24:48.707,0.75172,0.75178,1.00,1.00
2017.04.07 15:24:51.237,0.75171,0.75178,2.44,1.00
2017.04.07 15:24:54.269,0.75172,0.75178,1.00,1.00
2017.04.07 15:24:54.371,0.75172,0.75181,1.87,1.50
2017.04.07 15:24:54.423,0.75172,0.75181,2.62,1.50
2017.04.07 15:24:54.953,0.75172,0.7518,3.37,1.00
2017.04.07 15:25:01.270,0.75172,0.75179,1.31,1.00
2017.04.07 15:25:01.422,0.75171,0.75179,5.81,1.00
2017.04.07 15:25:01.934,0.75171,0.7518,5.81,2.25
2017.04.07 15:25:07.284,0.75171,0.75175,1.87,1.00
2017.04.07 15:25:07.386,0.7517,0.75176,1.00,1.00
2017.04.07 15:25:07.589,0.75167,0.75175,3.00,1.00
2017.04.07 15:25:08.104,0.75169,0.75176,1.00,2.62
2017.04.07 15:25:08.308,0.75169,0.75178,1.12,4.69
2017.04.07 15:25:09.015,0.7517,0.75178,1.00,3.19
2017.04.07 15:25:09.960,0.75169,0.75178,1.00,3.19
2017.04.07 15:25:10.011,0.75169,0.75176,1.00,1.00
2017.04.07 15:25:11.078,0.75168,0.75175,3.00,1.00
2017.04.07 15:25:11.582,0.7517,0.75176,1.00,1.00
2017.04.07 15:25:12.205,0.7517,0.75178,1.00,1.69
2017.04.07 15:25:12.306,0.7517,0.75175,1.00,1.00
2017.04.07 15:25:13.318,0.75169,0.75175,1.00,1.00
2017.04.07 15:25:13.977,0.75169,0.75176,1.00,1.00
2017.04.07 15:25:16.037,0.75169,0.75174,1.00,1.00
2017.04.07 15:25:16.088,0.75169,0.75176,1.00,1.50
2017.04.07 15:25:17.122,0.75166,0.75173,1.12,1.00
2017.04.07 15:25:17.427,0.75164,0.75171,1.12,1.00
2017.04.07 15:25:18.209,0.75163,0.75171,1.12,2.25
2017.04.07 15:25:20.012,0.75164,0.75171,1.00,1.50
2017.04.07 15:25:20.621,0.75162,0.75171,6.00,1.00
2017.04.07 15:25:21.331,0.75164,0.75171,1.00,1.00
2017.04.07 15:25:21.485,0.75166,0.75174,2.62,1.50
2017.04.07 15:25:21.536,0.75169,0.75174,1.00,1.50
2017.04.07 15:25:21.638,0.7517,0.75176,1.00,2.06
2017.04.07 15:25:21.884,0.75169,0.75178,3.75,1.87
2017.04.07 15:25:22.418,0.7517,0.75178,1.87,1.00
2017.04.07 15:25:22.964,0.75169,0.75178,4.87,1.00
2017.04.07 15:25:23.755,0.75169,0.75178,6.75,1.00
2017.04.07 15:25:26.105,0.75171,0.75179,1.12,1.69
2017.04.07 15:25:26.863,0.7517,0.75179,1.12,1.69
2017.04.07 15:25:29.248,0.75171,0.75179,1.50,1.69
2017.04.07 15:25:36.933,0.75172,0.75178,1.00,1.00
2017.04.07 15:25:37.035,0.7517,0.75178,4.12,1.00
2017.04.07 15:25:40.068,0.7517,0.75177,1.00,1.00
2017.04.07 15:25:41.525,0.7517,0.75176,1.00,1.00
2017.04.07 15:25:41.576,0.75169,0.75173,1.00,1.00
2017.04.07 15:25:41.779,0.75167,0.75174,1.12,1.50
2017.04.07 15:25:42.294,0.75166,0.75173,1.50,1.00
2017.04.07 15:25:42.555,0.75164,0.75173,1.87,1.00
2017.04.07 15:25:43.085,0.75164,0.75172,2.62,1.00
2017.04.07 15:25:43.642,0.75163,0.75171,1.12,1.00
2017.04.07 15:25:44.165,0.75162,0.75171,2.62,1.00
2017.04.07 15:25:48.601,0.75162,0.75171,2.40,1.00
2017.04.07 15:25:49.111,0.75162,0.75171,3.00,1.00
2017.04.07 15:25:49.446,0.75165,0.75172,1.50,1.69
2017.04.07 15:25:50.599,0.75165,0.75171,1.50,1.00
2017.04.07 15:25:51.124,0.75164,0.75171,2.70,1.00
2017.04.07 15:25:51.698,0.75164,0.75172,2.70,1.25
2017.04.07 15:25:52.916,0.75163,0.75171,1.87,1.00
2017.04.07 15:25:52.967,0.75162,0.75171,3.37,2.25
2017.04.07 15:25:53.505,0.75162,0.7517,3.37,1.00
2017.04.07 15:25:54.214,0.75162,0.75169,2.62,1.00
2017.04.07 15:25:56.165,0.75162,0.7517,4.50,1.00
2017.04.07 15:25:56.268,0.75162,0.7517,2.62,1.00
2017.04.07 15:25:57.801,0.75162,0.7517,2.25,1.00
2017.04.07 15:25:57.852,0.75162,0.7517,1.00,1.00
2017.04.07 15:25:57.954,0.75162,0.7517,1.12,1.00
2017.04.07 15:25:58.056,0.75162,0.7517,1.87,1.00
2017.04.07 15:26:00.323,0.75161,0.75169,3.00,1.00
2017.04.07 15:26:00.935,0.7516,0.75168,4.12,1.25
2017.04.07 15:26:00.987,0.7516,0.75166,2.25,1.00
2017.04.07 15:26:01.370,0.75158,0.75166,3.37,1.00
2017.04.07 15:26:02.037,0.75158,0.75163,2.62,1.00
2017.04.07 15:26:02.379,0.75153,0.75159,1.00,1.00
2017.04.07 15:26:02.987,0.75151,0.75159,5.62,1.00
2017.04.07 15:26:03.540,0.75152,0.75159,1.00,1.00
2017.04.07 15:26:04.059,0.75151,0.75159,5.62,1.00
2017.04.07 15:26:04.623,0.75152,0.75159,1.00,1.00
2017.04.07 15:26:05.429,0.75151,0.75159,6.37,1.00
2017.04.07 15:26:05.943,0.75152,0.75159,1.00,1.00
2017.04.07 15:26:07.962,0.75151,0.75159,3.00,1.00
2017.04.07 15:26:09.104,0.75151,0.75159,3.37,1.00
2017.04.07 15:26:09.619,0.75152,0.7516,1.00,1.50
2017.04.07 15:26:10.157,0.75151,0.7516,6.75,1.50
2017.04.07 15:26:10.705,0.75152,0.7516,1.00,1.00
2017.04.07 15:26:14.492,0.75151,0.7516,5.62,1.00
2017.04.07 15:26:16.679,0.75151,0.7516,6.37,1.00
2017.04.07 15:26:20.254,0.75151,0.7516,3.75,1.00
2017.04.07 15:26:21.408,0.75151,0.7516,7.50,1.00
2017.04.07 15:26:22.759,0.75151,0.75161,5.25,1.12
2017.04.07 15:26:29.397,0.75152,0.7516,3.75,1.00
2017.04.07 15:26:34.262,0.75152,0.7516,1.87,1.00
2017.04.07 15:26:34.787,0.75153,0.7516,1.50,1.00
2017.04.07 15:26:35.319,0.75152,0.7516,1.50,1.00
2017.04.07 15:26:35.895,0.75152,0.75159,1.50,1.00
2017.04.07 15:26:41.972,0.75153,0.75159,1.50,1.00
2017.04.07 15:26:43.109,0.75152,0.75159,3.00,1.00
2017.04.07 15:26:48.858,0.75153,0.7516,1.50,1.00
2017.04.07 15:26:49.553,0.75153,0.75161,3.75,1.00
2017.04.07 15:26:49.857,0.75154,0.75161,3.75,1.00
2017.04.07 15:26:50.362,0.75154,0.75163,4.50,1.00
2017.04.07 15:26:50.514,0.75158,0.75163,2.25,1.00
2017.04.07 15:26:50.667,0.75158,0.75167,6.37,1.00
2017.04.07 15:26:50.892,0.75159,0.75168,1.50,1.00
2017.04.07 15:26:51.449,0.75159,0.75168,1.37,1.00
2017.04.07 15:26:51.855,0.75159,0.75166,1.37,1.00
2017.04.07 15:26:52.007,0.75158,0.75165,1.87,1.00
2017.04.07 15:26:52.431,0.75158,0.75167,2.62,1.12
2017.04.07 15:26:53.027,0.7516,0.75168,1.00,1.00
2017.04.07 15:26:53.331,0.7516,0.75169,1.75,1.69
2017.04.07 15:26:55.537,0.7516,0.75168,2.25,1.00
2017.04.07 15:26:56.373,0.7516,0.75168,1.87,1.00
2017.04.07 15:27:02.029,0.75159,0.75168,7.87,1.00
2017.04.07 15:27:02.182,0.75159,0.75168,4.50,1.00
2017.04.07 15:27:03.475,0.75159,0.75167,5.25,1.00
2017.04.07 15:27:04.768,0.75159,0.75167,4.87,1.00
2017.04.07 15:27:05.194,0.75161,0.75169,1.00,2.44
2017.04.07 15:27:06.269,0.7516,0.75169,1.00,1.69
2017.04.07 15:27:06.803,0.7516,0.75169,1.50,1.69
2017.04.07 15:27:07.336,0.7516,0.75169,1.00,1.69
2017.04.07 15:27:09.284,0.7516,0.75168,1.00,1.00
2017.04.07 15:27:12.984,0.7516,0.75164,1.12,1.00
2017.04.07 15:27:13.086,0.75158,0.75164,1.00,1.00
2017.04.07 15:27:13.137,0.75158,0.75162,1.00,1.00
2017.04.07 15:27:13.239,0.75155,0.75163,7.87,1.00
2017.04.07 15:27:13.750,0.75155,0.75165,5.62,2.06
2017.04.07 15:27:14.796,0.75155,0.75162,2.25,1.00
2017.04.07 15:27:14.898,0.75156,0.75165,3.00,4.69
2017.04.07 15:27:14.949,0.75158,0.75165,1.50,1.50
2017.04.07 15:27:15.411,0.75159,0.75167,1.00,1.25
2017.04.07 15:27:16.938,0.75159,0.75166,1.12,1.00
2017.04.07 15:27:18.763,0.75159,0.75167,1.00,1.25
2017.04.07 15:27:19.865,0.75159,0.75169,3.37,1.87
2017.04.07 15:27:20.018,0.7516,0.7517,6.00,3.94
2017.04.07 15:27:22.269,0.75161,0.75171,5.62,1.12
2017.04.07 15:27:22.893,0.75162,0.75172,2.62,2.25
2017.04.07 15:27:24.614,0.75163,0.75172,4.87,1.12
2017.04.07 15:27:24.919,0.75165,0.75172,1.87,1.12
2017.04.07 15:27:26.049,0.75166,0.75174,1.12,1.25
2017.04.07 15:27:26.203,0.75168,0.75175,1.12,3.37
2017.04.07 15:27:26.612,0.75169,0.75178,1.00,4.50
2017.04.07 15:27:28.067,0.75167,0.75176,1.50,1.25
2017.04.07 15:27:28.573,0.75166,0.75175,1.00,3.56
2017.04.07 15:27:29.112,0.75166,0.75174,1.00,1.00
2017.04.07 15:27:29.668,0.75166,0.75175,1.00,5.44
2017.04.07 15:27:30.204,0.75166,0.75174,1.00,1.00
2017.04.07 15:27:30.753,0.75166,0.75175,1.00,5.44
2017.04.07 15:27:31.057,0.75168,0.75175,1.00,5.44
2017.04.07 15:27:31.158,0.75166,0.75175,2.25,1.31
2017.04.07 15:27:31.664,0.75167,0.75175,1.00,3.56
2017.04.07 15:27:32.198,0.75166,0.75174,1.00,1.50
2017.04.07 15:27:33.225,0.75166,0.75174,1.00,3.00
2017.04.07 15:27:43.757,0.75164,0.75172,1.00,1.25
2017.04.07 15:27:44.515,0.75162,0.75172,5.62,1.69
2017.04.07 15:27:46.281,0.75162,0.75172,5.25,3.19
2017.04.07 15:27:47.076,0.75163,0.75172,1.50,1.69
2017.04.07 15:27:53.134,0.75162,0.75172,3.37,1.69
2017.04.07 15:27:53.437,0.75162,0.75172,7.50,1.50
2017.04.07 15:27:53.488,0.75162,0.75172,5.62,1.50
2017.04.07 15:27:57.217,0.75162,0.75173,7.50,2.25
2017.04.07 15:27:57.753,0.75162,0.75172,3.37,1.25
2017.04.07 15:27:58.363,0.75163,0.75172,1.50,3.19
2017.04.07 15:28:01.932,0.75164,0.75172,1.00,1.25
2017.04.07 15:28:01.984,0.75163,0.75172,3.37,1.25
2017.04.07 15:28:02.086,0.75163,0.75172,2.25,1.25
2017.04.07 15:28:08.901,0.75163,0.75171,1.12,1.00
2017.04.07 15:28:09.427,0.75163,0.75172,4.50,1.25
2017.04.07 15:28:11.107,0.75164,0.75172,1.12,1.25
2017.04.07 15:28:11.637,0.75165,0.75174,1.12,3.56
2017.04.07 15:28:12.183,0.75166,0.75174,1.12,2.44
2017.04.07 15:28:15.879,0.75165,0.75173,1.12,1.00
2017.04.07 15:28:16.403,0.75164,0.75173,3.37,1.00
2017.04.07 15:28:26.578,0.75163,0.75173,1.00,1.50
2017.04.07 15:28:28.904,0.75163,0.75172,1.00,1.25
2017.04.07 15:28:34.938,0.75163,0.75171,1.00,1.50
2017.04.07 15:28:35.454,0.75162,0.75171,3.75,1.00
2017.04.07 15:28:38.901,0.75161,0.7517,1.50,1.00
2017.04.07 15:28:39.002,0.7516,0.75168,4.87,1.00
2017.04.07 15:28:39.155,0.75159,0.75168,4.87,1.12
2017.04.07 15:28:43.011,0.75158,0.75166,3.00,1.37
2017.04.07 15:28:43.163,0.75156,0.75163,1.87,1.00
2017.04.07 15:28:43.611,0.75154,0.75164,6.37,1.00
2017.04.07 15:28:44.156,0.75155,0.75164,1.00,1.12
2017.04.07 15:28:44.662,0.75154,0.75164,3.75,1.12
2017.04.07 15:28:48.973,0.75154,0.75163,4.12,1.25
2017.04.07 15:28:55.135,0.75156,0.75163,1.50,1.50
2017.04.07 15:28:55.469,0.75158,0.75164,1.27,1.00
2017.04.07 15:28:55.774,0.75157,0.75166,2.62,1.69
2017.04.07 15:28:56.282,0.75158,0.75167,3.75,1.50
2017.04.07 15:28:56.809,0.75159,0.75168,3.75,1.00
2017.04.07 15:28:57.647,0.75159,0.75167,3.75,1.00
2017.04.07 15:28:58.814,0.7516,0.75167,1.50,1.00
2017.04.07 15:28:59.225,0.75159,0.75165,1.00,1.00
2017.04.07 15:28:59.326,0.75158,0.75167,3.37,1.00
2017.04.07 15:28:59.832,0.75159,0.75166,1.00,1.00
2017.04.07 15:29:00.228,0.75159,0.75168,1.00,4.87
2017.04.07 15:29:02.859,0.75159,0.75166,1.87,1.00
2017.04.07 15:29:03.163,0.75157,0.75165,2.62,1.00
2017.04.07 15:29:04.196,0.75158,0.75165,1.50,1.00
2017.04.07 15:29:04.348,0.75159,0.75168,2.25,5.06
2017.04.07 15:29:04.855,0.75159,0.75167,4.87,1.00
2017.04.07 15:29:05.369,0.7516,0.75167,2.62,1.00
2017.04.07 15:29:06.021,0.7516,0.75168,2.62,1.69
2017.04.07 15:29:06.072,0.7516,0.75166,1.12,1.00
2017.04.07 15:29:06.174,0.75158,0.75166,3.00,1.12
2017.04.07 15:29:07.039,0.75157,0.75166,1.12,1.50
2017.04.07 15:29:07.292,0.75156,0.75163,2.62,1.00
2017.04.07 15:29:07.748,0.75154,0.75163,1.00,1.12
2017.04.07 15:29:08.379,0.75154,0.75162,1.50,1.00
2017.04.07 15:29:09.965,0.75153,0.75162,3.37,1.00
2017.04.07 15:29:10.498,0.75153,0.75161,1.00,1.00
2017.04.07 15:29:12.634,0.75152,0.75161,4.87,1.12
2017.04.07 15:29:13.192,0.75153,0.75161,1.50,1.12
2017.04.07 15:29:13.725,0.75152,0.75161,6.00,1.12
2017.04.07 15:29:14.253,0.75153,0.75161,2.62,1.00
2017.04.07 15:29:18.286,0.75153,0.7516,1.12,1.00
2017.04.07 15:29:20.286,0.75153,0.75159,1.87,1.00
2017.04.07 15:29:20.337,0.75153,0.75161,1.87,1.00
2017.04.07 15:29:22.773,0.75154,0.75162,1.50,1.00
2017.04.07 15:29:23.758,0.75155,0.75162,1.50,1.00
2017.04.07 15:29:24.365,0.75154,0.75162,4.12,1.00
2017.04.07 15:29:24.911,0.75154,0.75163,1.12,2.25
2017.04.07 15:29:25.725,0.75153,0.75162,4.87,1.00
2017.04.07 15:29:27.011,0.75153,0.7516,1.50,1.00
2017.04.07 15:29:27.214,0.75152,0.7516,4.87,1.00
2017.04.07 15:29:29.250,0.75151,0.7516,1.00,1.50
2017.04.07 15:29:32.364,0.75151,0.75159,1.00,1.00
2017.04.07 15:29:32.872,0.7515,0.75159,5.25,1.00
2017.04.07 15:29:34.608,0.7515,0.75157,1.50,1.00
2017.04.07 15:29:35.133,0.75149,0.75157,1.00,1.00
2017.04.07 15:29:35.541,0.75148,0.75155,1.50,1.00
2017.04.07 15:29:35.845,0.75145,0.75152,3.00,1.00
2017.04.07 15:29:36.385,0.75145,0.75153,1.50,1.00
2017.04.07 15:29:37.782,0.75144,0.75152,3.00,1.00
2017.04.07 15:29:38.086,0.75141,0.75149,1.00,1.00
2017.04.07 15:29:38.491,0.75139,0.75148,3.37,1.50
2017.04.07 15:29:41.302,0.7514,0.75149,1.50,1.12
2017.04.07 15:29:42.367,0.75139,0.75149,3.75,1.12
2017.04.07 15:29:43.693,0.75139,0.75148,3.75,1.00
2017.04.07 15:29:51.280,0.75139,0.75146,2.25,1.00
2017.04.07 15:29:51.806,0.75138,0.75145,1.27,2.62
2017.04.07 15:29:52.323,0.75138,0.75146,3.00,1.00
2017.04.07 15:29:53.170,0.75139,0.75146,1.50,1.00
2017.04.07 15:29:53.683,0.75139,0.75147,2.62,4.69
2017.04.07 15:29:54.282,0.75138,0.75145,2.25,1.00
2017.04.07 15:29:54.616,0.75138,0.75147,2.62,4.69
2017.04.07 15:29:55.130,0.75138,0.75144,2.25,1.00
2017.04.07 15:29:55.334,0.75136,0.75143,1.12,1.00
2017.04.07 15:29:55.486,0.75136,0.75145,1.00,3.37
2017.04.07 15:29:55.679,0.75138,0.75144,1.12,2.62
2017.04.07 15:29:55.832,0.75139,0.75146,1.12,1.50
2017.04.07 15:29:56.337,0.75139,0.75147,1.50,4.31
2017.04.07 15:29:57.227,0.75139,0.75146,1.00,1.00
2017.04.07 15:29:57.379,0.75136,0.75146,5.62,1.12
2017.04.07 15:29:57.559,0.75136,0.75143,3.37,1.00
2017.04.07 15:29:58.067,0.75135,0.75144,3.37,4.31
2017.04.07 15:29:58.613,0.75135,0.75143,3.75,2.62
2017.04.07 15:29:58.714,0.75137,0.75145,1.87,3.00
2017.04.07 15:29:59.020,0.75138,0.75146,6.00,1.00
2017.04.07 15:30:00.092,0.75138,0.75146,1.12,1.00
2017.04.07 15:30:00.697,0.75138,0.75145,1.00,1.00
2017.04.07 15:30:01.203,0.75138,0.75146,3.75,3.56
2017.04.07 15:30:02.462,0.7514,0.75146,1.00,2.62
2017.04.07 15:30:02.976,0.75138,0.75146,4.50,2.62
2017.04.07 15:30:03.515,0.7514,0.75147,1.00,1.00
2017.04.07 15:30:05.688,0.75139,0.75146,1.87,1.69
2017.04.07 15:30:05.840,0.75136,0.75143,1.50,1.00
2017.04.07 15:30:06.144,0.75134,0.75143,3.75,4.12
2017.04.07 15:30:06.499,0.75136,0.75143,2.62,2.62
2017.04.07 15:30:07.078,0.75136,0.75144,1.00,1.69
2017.04.07 15:30:07.736,0.75136,0.75145,3.00,1.00
2017.04.07 15:30:08.040,0.75136,0.75143,1.12,2.62
2017.04.07 15:30:08.142,0.75134,0.75143,2.25,3.37
2017.04.07 15:30:08.294,0.75136,0.75142,1.00,2.62
2017.04.07 15:30:08.825,0.75135,0.75142,2.25,2.62
2017.04.07 15:30:09.333,0.75134,0.75143,3.37,3.75
2017.04.07 15:30:09.435,0.75136,0.75145,1.50,1.50
2017.04.07 15:30:09.486,0.75136,0.75142,2.25,1.00
2017.04.07 15:30:09.587,0.75135,0.75141,3.75,1.00
2017.04.07 15:30:10.094,0.75134,0.75141,1.12,3.37
2017.04.07 15:30:10.612,0.75135,0.75142,1.00,2.62
2017.04.07 15:30:10.820,0.75135,0.75144,2.25,4.69
2017.04.07 15:30:11.326,0.75135,0.75143,3.75,2.62
2017.04.07 15:30:12.243,0.75137,0.75144,1.00,3.56
2017.04.07 15:30:12.344,0.75137,0.75145,2.02,1.00
2017.04.07 15:30:12.893,0.75138,0.75145,1.12,3.37
2017.04.07 15:30:13.431,0.75138,0.75146,1.50,3.37
