2013.09.24 02:00:02.326,0.94024,0.94034,1.88,2.63
2013.09.24 02:00:07.317,0.94024,0.94034,1.13,1.88
2013.09.24 02:00:07.618,0.94023,0.94031,1.88,3.38
2013.09.24 02:00:07.977,0.9402,0.94029,1.50,2.63
2013.09.24 02:00:11.546,0.94019,0.94029,1.50,1.88
2013.09.24 02:00:16.538,0.9402,0.94029,1.50,3.38
2013.09.24 02:00:18.247,0.9402,0.94029,1.50,3.38
2013.09.24 02:00:21.726,0.94019,0.94029,2.63,3.38
2013.09.24 02:00:41.327,0.94021,0.94029,1.50,1.13
2013.09.24 02:00:42.046,0.94021,0.9403,1.50,1.50
2013.09.24 02:00:42.596,0.94021,0.9403,2.25,1.13
2013.09.24 02:00:43.346,0.94021,0.9403,1.50,1.88
2013.09.24 02:00:43.906,0.94023,0.9403,1.50,1.13
2013.09.24 02:00:44.026,0.94024,0.94032,1.50,2.25
2013.09.24 02:00:44.288,0.94024,0.94032,1.50,1.13
2013.09.24 02:00:44.998,0.94024,0.94032,1.50,1.13
2013.09.24 02:00:45.806,0.94024,0.94032,1.50,1.13
2013.09.24 02:00:46.846,0.94024,0.94032,2.25,1.13
2013.09.24 02:01:01.096,0.94024,0.94033,1.50,1.88
2013.09.24 02:01:01.456,0.94024,0.94033,1.50,2.63
2013.09.24 02:01:07.866,0.94024,0.94033,1.50,1.88
2013.09.24 02:01:09.697,0.94024,0.94033,1.50,2.63
2013.09.24 02:01:12.167,0.94024,0.94033,1.50,1.88
2013.09.24 02:01:23.649,0.94023,0.94033,1.50,1.88
2013.09.24 02:01:25.406,0.94022,0.94032,1.13,4.13
2013.09.24 02:01:25.526,0.94021,0.94032,3.38,4.13
2013.09.24 02:01:25.886,0.94019,0.9403,1.50,3.38
2013.09.24 02:01:26.426,0.94017,0.94028,3.75,2.63
2013.09.24 02:01:37.347,0.94017,0.94028,3.00,3.38
2013.09.24 02:01:37.886,0.94015,0.94027,1.13,4.73
2013.09.24 02:01:40.037,0.94015,0.94026,1.13,4.13
2013.09.24 02:01:40.576,0.94015,0.94026,1.50,1.88
2013.09.24 02:01:41.116,0.94016,0.94026,1.50,1.13
2013.09.24 02:01:41.858,0.94016,0.94026,1.50,2.63
2013.09.24 02:01:42.036,0.94023,0.94031,2.25,1.50
2013.09.24 02:01:42.217,0.94026,0.94032,2.63,2.25
2013.09.24 02:01:42.277,0.94023,0.94032,2.25,4.13
2013.09.24 02:01:42.456,0.94022,0.94031,1.50,2.63
2013.09.24 02:01:42.517,0.94022,0.94031,1.50,4.51
2013.09.24 02:01:47.836,0.94019,0.94029,2.25,2.63
2013.09.24 02:01:47.896,0.94019,0.94029,1.50,3.38
2013.09.24 02:01:48.256,0.94015,0.94026,1.50,2.63
2013.09.24 02:01:49.246,0.94017,0.94026,1.50,1.50
2013.09.24 02:01:49.606,0.94019,0.94027,1.50,1.13
2013.09.24 02:01:49.666,0.94019,0.94027,1.50,1.13
2013.09.24 02:01:50.206,0.94016,0.94027,1.50,1.50
2013.09.24 02:01:57.768,0.94018,0.94027,1.50,1.13
2013.09.24 02:02:11.766,0.94016,0.94027,2.25,1.13
2013.09.24 02:02:21.806,0.94017,0.94027,1.50,4.13
2013.09.24 02:02:22.406,0.94018,0.94027,1.50,3.00
2013.09.24 02:02:22.587,0.94019,0.94027,1.88,2.63
2013.09.24 02:02:22.886,0.94017,0.94027,2.63,2.63
2013.09.24 02:02:22.946,0.94017,0.94027,2.25,2.63
2013.09.24 02:02:24.296,0.94014,0.94025,2.25,4.13
2013.09.24 02:02:26.917,0.94017,0.94025,1.88,1.13
2013.09.24 02:02:34.776,0.94017,0.94025,1.13,1.13
2013.09.24 02:02:35.776,0.94018,0.94026,2.25,1.50
2013.09.24 02:02:45.786,0.94018,0.94026,1.50,1.13
2013.09.24 02:02:59.709,0.94018,0.94026,2.25,1.13
2013.09.24 02:03:03.747,0.94024,0.94033,2.25,1.50
2013.09.24 02:03:03.817,0.94026,0.94036,1.50,2.25
2013.09.24 02:03:04.006,0.94026,0.94036,3.38,1.88
2013.09.24 02:03:04.066,0.94031,0.94037,1.50,2.25
2013.09.24 02:03:04.126,0.9403,0.94037,1.88,1.50
2013.09.24 02:03:04.307,0.9403,0.94038,2.63,1.13
2013.09.24 02:03:04.606,0.94033,0.94041,1.50,1.13
2013.09.24 02:03:08.306,0.94033,0.94042,1.50,1.13
2013.09.24 02:03:08.546,0.94034,0.94043,1.50,1.88
2013.09.24 02:03:08.727,0.94035,0.94044,1.13,1.13
2013.09.24 02:03:09.026,0.94037,0.94047,1.50,2.14
2013.09.24 02:03:09.087,0.94038,0.94048,1.50,4.64
2013.09.24 02:03:09.206,0.94038,0.94048,1.50,2.63
2013.09.24 02:03:10.317,0.94038,0.94048,1.50,2.63
2013.09.24 02:03:16.476,0.9404,0.94048,1.50,1.50
2013.09.24 02:03:16.596,0.94041,0.94049,2.63,1.50
2013.09.24 02:03:16.717,0.94043,0.94051,1.50,1.13
2013.09.24 02:03:17.137,0.94046,0.94053,1.50,1.13
2013.09.24 02:03:17.317,0.94049,0.94057,1.50,1.50
2013.09.24 02:03:19.114,0.94049,0.94058,1.50,1.88
2013.09.24 02:03:23.416,0.94049,0.94058,1.50,2.25
2013.09.24 02:03:25.168,0.94049,0.94058,1.50,2.26
2013.09.24 02:03:27.916,0.94048,0.94058,1.50,3.01
2013.09.24 02:03:33.200,0.94054,0.9406,1.13,3.00
2013.09.24 02:03:33.317,0.94057,0.94062,2.25,1.50
2013.09.24 02:03:33.378,0.94057,0.94064,2.25,1.50
2013.09.24 02:03:33.437,0.94057,0.94064,1.13,1.50
2013.09.24 02:03:34.106,0.94056,0.94064,1.50,1.13
2013.09.24 02:03:35.156,0.94055,0.94064,2.63,1.13
2013.09.24 02:03:36.456,0.94056,0.94064,1.50,1.13
2013.09.24 02:03:37.148,0.94055,0.94064,2.63,1.13
2013.09.24 02:03:38.286,0.94056,0.94064,1.50,1.13
2013.09.24 02:03:39.076,0.94057,0.94064,1.50,1.13
2013.09.24 02:03:44.247,0.94056,0.94064,1.50,1.13
2013.09.24 02:03:44.966,0.94057,0.94065,2.25,1.13
2013.09.24 02:03:45.507,0.94058,0.94066,1.50,1.13
2013.09.24 02:03:47.313,0.94058,0.94066,1.50,1.13
2013.09.24 02:03:51.157,0.94061,0.94066,1.13,1.13
2013.09.24 02:03:51.337,0.94064,0.94072,1.50,1.13
2013.09.24 02:03:51.887,0.94065,0.94073,1.13,1.88
2013.09.24 02:03:53.516,0.94064,0.94073,1.88,2.63
2013.09.24 02:03:54.036,0.94064,0.94072,1.13,3.75
2013.09.24 02:03:54.396,0.94062,0.94071,1.13,2.63
2013.09.24 02:04:02.247,0.94062,0.94071,1.13,3.76
2013.09.24 02:04:02.307,0.94061,0.94071,1.88,4.51
2013.09.24 02:04:02.427,0.9406,0.94069,1.50,3.38
2013.09.24 02:04:02.547,0.94059,0.94069,1.13,1.88
2013.09.24 02:04:02.907,0.94056,0.94067,3.00,4.13
2013.09.24 02:04:02.968,0.94056,0.94067,3.38,3.38
2013.09.24 02:04:03.147,0.94053,0.94064,2.63,2.63
2013.09.24 02:04:03.468,0.94052,0.94062,2.63,4.13
2013.09.24 02:04:03.826,0.94048,0.94057,1.50,3.38
2013.09.24 02:04:03.948,0.94046,0.94056,1.13,3.38
2013.09.24 02:04:04.477,0.94046,0.94056,1.13,3.38
2013.09.24 02:04:04.917,0.94043,0.94055,3.75,3.76
2013.09.24 02:04:05.097,0.94042,0.94052,1.50,4.88
2013.09.24 02:04:07.897,0.94042,0.94051,1.50,3.38
2013.09.24 02:04:08.377,0.94042,0.94051,1.50,1.13
2013.09.24 02:04:08.556,0.94047,0.94055,1.13,1.50
2013.09.24 02:04:08.616,0.94047,0.94056,1.13,2.63
2013.09.24 02:04:09.156,0.94048,0.94056,1.88,1.13
2013.09.24 02:04:10.301,0.94049,0.94056,1.50,1.13
2013.09.24 02:04:10.869,0.94049,0.94056,1.50,2.63
2013.09.24 02:04:13.166,0.94049,0.94056,1.50,2.63
2013.09.24 02:04:13.728,0.94049,0.94056,1.50,1.88
2013.09.24 02:04:14.507,0.94049,0.94056,1.50,2.63
2013.09.24 02:04:15.334,0.94049,0.94056,1.50,1.88
2013.09.24 02:04:16.004,0.94048,0.94056,1.50,1.88
2013.09.24 02:04:17.616,0.94048,0.94056,1.50,2.63
2013.09.24 02:04:22.647,0.94046,0.94056,1.88,3.38
2013.09.24 02:04:23.008,0.94045,0.94053,1.13,3.38
2013.09.24 02:04:24.398,0.94044,0.94052,1.13,3.38
2013.09.24 02:04:24.927,0.94042,0.94051,3.00,2.63
2013.09.24 02:04:25.836,0.94042,0.94051,2.25,2.63
2013.09.24 02:04:26.077,0.94047,0.94055,1.50,1.13
2013.09.24 02:04:26.616,0.94045,0.94055,1.88,1.13
2013.09.24 02:04:31.268,0.94048,0.94055,1.50,1.50
2013.09.24 02:04:33.746,0.94049,0.94056,1.50,1.88
2013.09.24 02:04:34.296,0.94048,0.94056,1.50,1.13
2013.09.24 02:04:35.397,0.94049,0.94056,1.50,1.88
2013.09.24 02:04:36.496,0.94047,0.94056,1.88,1.88
2013.09.24 02:04:36.886,0.94046,0.94056,1.88,1.88
2013.09.24 02:04:37.006,0.94045,0.94056,3.00,1.88
2013.09.24 02:04:37.126,0.94044,0.94054,1.88,3.00
2013.09.24 02:04:37.607,0.94042,0.94051,1.13,3.38
2013.09.24 02:04:38.267,0.9404,0.9405,1.88,4.13
2013.09.24 02:04:38.478,0.9404,0.94049,1.13,3.38
2013.09.24 02:04:40.578,0.9404,0.94049,1.13,2.63
2013.09.24 02:04:40.938,0.94041,0.94049,1.50,1.88
2013.09.24 02:04:41.058,0.94042,0.94049,1.50,1.13
2013.09.24 02:04:41.477,0.9404,0.94049,1.50,1.13
2013.09.24 02:04:42.043,0.9404,0.94049,1.88,3.38
2013.09.24 02:04:45.540,0.9404,0.94049,1.88,3.38
2013.09.24 02:04:46.183,0.94044,0.9405,1.50,1.50
2013.09.24 02:04:46.252,0.94048,0.94055,1.50,2.10
2013.09.24 02:04:46.786,0.9405,0.94057,2.25,1.13
2013.09.24 02:04:47.317,0.9405,0.94057,1.50,1.13
2013.09.24 02:04:48.098,0.94047,0.94055,1.50,2.56
2013.09.24 02:04:48.161,0.94045,0.94054,1.13,3.00
2013.09.24 02:04:48.407,0.9404,0.94051,1.88,5.63
2013.09.24 02:04:48.588,0.9404,0.94048,1.88,3.75
2013.09.24 02:04:49.106,0.9404,0.94048,1.88,2.25
2013.09.24 02:04:49.426,0.94042,0.94048,1.13,1.50
2013.09.24 02:04:49.966,0.94042,0.94048,1.13,1.50
2013.09.24 02:04:50.507,0.94042,0.94048,1.13,1.50
2013.09.24 02:04:55.906,0.94042,0.94049,1.13,2.25
2013.09.24 02:04:56.207,0.94041,0.94049,1.13,3.75
2013.09.24 02:04:56.747,0.94039,0.94047,1.50,2.63
2013.09.24 02:05:00.228,0.9404,0.94048,2.25,1.88
2013.09.24 02:05:02.386,0.94041,0.94048,1.13,1.13
2013.09.24 02:05:02.507,0.94041,0.94049,1.88,1.50
2013.09.24 02:05:03.046,0.94042,0.94049,1.13,1.50
2013.09.24 02:05:05.716,0.94041,0.94049,1.13,1.50
2013.09.24 02:05:05.836,0.94039,0.94049,2.63,1.50
2013.09.24 02:05:06.405,0.94039,0.94048,1.88,3.75
2013.09.24 02:05:08.559,0.9404,0.94048,1.50,2.25
2013.09.24 02:05:08.678,0.9404,0.94048,2.25,1.50
2013.09.24 02:05:15.147,0.94041,0.94048,1.13,1.50
2013.09.24 02:05:15.327,0.94045,0.94052,1.50,1.13
2013.09.24 02:05:15.686,0.94046,0.94053,1.50,1.50
2013.09.24 02:05:17.037,0.94044,0.94053,1.50,1.13
2013.09.24 02:05:17.577,0.94044,0.94053,1.50,2.63
2013.09.24 02:05:22.417,0.94044,0.94053,2.25,1.13
2013.09.24 02:05:22.837,0.94046,0.94054,2.25,1.13
2013.09.24 02:05:23.256,0.94049,0.94056,1.50,1.88
2013.09.24 02:05:26.397,0.94049,0.94056,1.50,1.88
2013.09.24 02:05:26.636,0.94055,0.94062,1.50,1.88
2013.09.24 02:05:27.177,0.94054,0.94062,1.13,1.50
2013.09.24 02:05:28.006,0.94052,0.94062,1.50,2.63
2013.09.24 02:05:30.316,0.94051,0.94062,1.88,4.88
2013.09.24 02:05:30.496,0.94051,0.94061,1.88,3.38
2013.09.24 02:05:30.977,0.94049,0.94059,2.25,2.63
2013.09.24 02:05:31.531,0.94049,0.94059,1.50,4.13
2013.09.24 02:05:32.398,0.94048,0.94059,1.50,4.13
2013.09.24 02:05:36.752,0.94047,0.94058,3.38,3.76
2013.09.24 02:05:37.374,0.94047,0.94056,1.13,4.13
2013.09.24 02:05:45.966,0.94047,0.94056,1.13,1.88
2013.09.24 02:05:46.209,0.94048,0.94056,1.50,1.88
2013.09.24 02:05:46.749,0.94049,0.94056,2.25,1.13
2013.09.24 02:05:48.417,0.9405,0.94057,1.88,2.63
2013.09.24 02:05:48.537,0.94052,0.94059,1.88,1.50
2013.09.24 02:05:48.657,0.94054,0.94062,1.50,1.13
2013.09.24 02:05:48.777,0.94055,0.94063,1.88,1.50
2013.09.24 02:05:58.166,0.94055,0.94063,1.13,3.00
2013.09.24 02:05:58.467,0.9405,0.94061,3.00,3.38
2013.09.24 02:05:58.707,0.94048,0.94057,1.13,3.38
2013.09.24 02:05:58.887,0.94047,0.94057,1.88,3.38
2013.09.24 02:05:58.947,0.94048,0.94057,1.50,2.63
2013.09.24 02:05:59.928,0.94047,0.94057,1.50,3.38
2013.09.24 02:06:00.286,0.94048,0.94056,1.50,4.13
2013.09.24 02:06:00.820,0.94048,0.94056,1.50,1.13
2013.09.24 02:06:01.267,0.94047,0.94056,1.50,1.88
2013.09.24 02:06:01.466,0.94046,0.94055,1.13,4.13
2013.09.24 02:06:02.006,0.94046,0.94055,1.13,2.25
2013.09.24 02:06:04.597,0.94046,0.94054,1.13,2.63
2013.09.24 02:06:08.727,0.94046,0.94053,1.13,3.75
2013.09.24 02:06:09.027,0.94043,0.94053,1.13,5.63
2013.09.24 02:06:10.871,0.94041,0.94051,2.25,3.38
2013.09.24 02:06:10.945,0.94038,0.94046,1.88,2.63
2013.09.24 02:06:12.846,0.94038,0.94046,1.88,1.88
2013.09.24 02:06:15.596,0.9404,0.94047,2.25,1.13
2013.09.24 02:06:15.717,0.94043,0.9405,1.88,1.50
2013.09.24 02:06:15.837,0.94043,0.94051,1.88,1.13
2013.09.24 02:06:16.388,0.94043,0.94052,1.88,1.13
2013.09.24 02:06:16.806,0.94045,0.94055,1.88,1.88
2013.09.24 02:06:17.337,0.94045,0.94055,1.50,2.63
2013.09.24 02:06:18.426,0.94047,0.94056,1.50,1.50
2013.09.24 02:06:18.606,0.94049,0.94056,1.50,2.63
2013.09.24 02:06:18.787,0.9405,0.94058,1.50,1.88
2013.09.24 02:06:19.026,0.94051,0.94059,1.13,2.25
2013.09.24 02:06:19.527,0.94051,0.9406,1.13,2.63
2013.09.24 02:06:20.747,0.9405,0.9406,1.88,2.63
2013.09.24 02:06:24.297,0.94049,0.9406,3.00,2.63
2013.09.24 02:06:24.656,0.94049,0.94058,1.50,4.13
2013.09.24 02:06:25.157,0.94049,0.94058,1.50,1.88
2013.09.24 02:06:26.608,0.94049,0.94058,1.50,4.13
2013.09.24 02:06:27.162,0.94049,0.94058,1.50,1.88
2013.09.24 02:06:32.838,0.94049,0.94058,1.50,4.13
2013.09.24 02:06:33.377,0.94049,0.94058,1.50,1.88
2013.09.24 02:06:35.051,0.94048,0.94058,1.50,1.88
2013.09.24 02:06:35.167,0.94047,0.94054,1.50,2.63
2013.09.24 02:06:35.288,0.94044,0.94054,2.63,3.38
2013.09.24 02:06:35.527,0.94041,0.94052,1.13,4.13
2013.09.24 02:06:35.827,0.94039,0.9405,2.63,4.13
2013.09.24 02:06:36.246,0.94039,0.94049,2.25,3.38
2013.09.24 02:06:36.487,0.9404,0.94049,1.88,2.63
2013.09.24 02:06:36.786,0.94043,0.94051,1.50,2.25
2013.09.24 02:06:36.847,0.94043,0.94051,1.88,1.13
2013.09.24 02:06:50.448,0.94042,0.94051,1.13,1.88
2013.09.24 02:06:50.568,0.9404,0.9405,2.25,2.63
2013.09.24 02:06:51.107,0.94039,0.9405,1.50,6.38
2013.09.24 02:06:59.506,0.94039,0.9405,2.25,3.38
2013.09.24 02:07:00.047,0.9404,0.94049,1.50,2.63
2013.09.24 02:07:00.566,0.9404,0.94049,1.88,2.63
2013.09.24 02:07:01.237,0.9404,0.94049,1.88,1.50
2013.09.24 02:07:01.915,0.94041,0.94049,1.13,1.50
2013.09.24 02:07:02.456,0.9404,0.94049,1.88,1.50
2013.09.24 02:07:02.807,0.9404,0.94049,3.38,1.50
2013.09.24 02:07:03.348,0.94041,0.94051,1.88,2.25
2013.09.24 02:07:03.886,0.94043,0.94052,1.88,1.50
2013.09.24 02:07:05.567,0.94043,0.94052,1.88,1.50
2013.09.24 02:07:12.189,0.94041,0.94052,2.25,4.88
2013.09.24 02:07:12.487,0.94042,0.94052,1.13,5.63
2013.09.24 02:07:13.026,0.94042,0.94052,1.13,4.13
2013.09.24 02:07:14.816,0.94042,0.94051,1.13,3.38
2013.09.24 02:07:15.336,0.94041,0.94051,1.13,4.13
2013.09.24 02:07:24.806,0.94042,0.94051,1.13,3.38
2013.09.24 02:07:25.347,0.94044,0.94052,1.13,1.50
2013.09.24 02:07:26.266,0.94045,0.94052,1.13,1.50
2013.09.24 02:07:33.637,0.94045,0.94052,1.88,1.50
2013.09.24 02:07:34.146,0.94045,0.94052,1.13,1.50
2013.09.24 02:07:42.297,0.94043,0.94052,2.25,1.88
2013.09.24 02:07:42.417,0.94043,0.94052,1.50,1.88
2013.09.24 02:07:43.417,0.94042,0.94051,1.13,2.63
2013.09.24 02:07:43.477,0.94041,0.94051,2.25,2.63
2013.09.24 02:07:43.777,0.94039,0.94049,2.63,2.63
2013.09.24 02:07:43.837,0.94039,0.94048,1.50,4.13
2013.09.24 02:07:44.197,0.94039,0.94048,1.50,2.25
2013.09.24 02:07:44.257,0.9404,0.94048,2.25,1.13
2013.09.24 02:07:45.213,0.94039,0.94048,1.50,2.63
2013.09.24 02:07:45.397,0.94038,0.94046,1.50,3.38
2013.09.24 02:07:45.947,0.94038,0.94046,2.25,1.88
2013.09.24 02:07:48.774,0.94039,0.94046,1.50,1.88
2013.09.24 02:07:49.087,0.94042,0.9405,3.38,2.25
2013.09.24 02:07:49.447,0.94043,0.94052,2.25,1.13
2013.09.24 02:07:58.708,0.94043,0.94053,3.38,1.13
2013.09.24 02:07:59.446,0.94043,0.94053,3.38,1.88
2013.09.24 02:08:04.377,0.94043,0.94053,1.13,7.13
2013.09.24 02:08:04.437,0.94043,0.94053,1.13,7.13
2013.09.24 02:08:05.039,0.94042,0.94051,1.13,2.63
2013.09.24 02:08:05.547,0.94042,0.94051,3.00,2.63
2013.09.24 02:08:06.089,0.94043,0.94051,1.88,1.13
2013.09.24 02:08:07.357,0.94043,0.94051,1.13,1.13
2013.09.24 02:08:07.896,0.94042,0.94051,1.50,2.63
2013.09.24 02:08:08.317,0.9404,0.94051,2.63,4.88
2013.09.24 02:08:08.876,0.9404,0.9405,1.50,4.88
2013.09.24 02:08:10.327,0.94039,0.94048,1.50,2.63
2013.09.24 02:08:10.687,0.94041,0.94048,1.50,1.13
2013.09.24 02:08:13.854,0.94041,0.94048,1.50,1.13
2013.09.24 02:08:14.157,0.94042,0.94051,1.50,2.25
2013.09.24 02:08:14.277,0.94042,0.94051,1.88,1.13
2013.09.24 02:08:14.838,0.94046,0.94053,1.50,1.13
2013.09.24 02:08:15.426,0.94046,0.94053,1.50,1.88
2013.09.24 02:08:20.547,0.94043,0.94053,1.88,6.38
2013.09.24 02:08:20.608,0.94043,0.94053,1.13,7.13
2013.09.24 02:08:21.167,0.94042,0.94052,1.50,4.13
2013.09.24 02:08:21.927,0.94042,0.94052,1.50,3.38
2013.09.24 02:08:22.544,0.94042,0.94052,1.50,3.38
2013.09.24 02:08:22.967,0.94044,0.94052,1.50,1.13
2013.09.24 02:08:23.267,0.94042,0.94052,3.38,2.63
2013.09.24 02:08:23.327,0.94042,0.94052,2.25,4.13
2013.09.24 02:08:25.077,0.94041,0.94052,2.25,5.25
2013.09.24 02:08:25.317,0.94044,0.94052,1.50,2.63
2013.09.24 02:08:25.497,0.94044,0.94053,1.88,1.88
2013.09.24 02:08:26.037,0.94045,0.94053,1.88,1.88
2013.09.24 02:08:26.569,0.94045,0.94053,1.50,1.13
2013.09.24 02:08:29.914,0.94043,0.94053,1.88,1.88
2013.09.24 02:08:31.849,0.94042,0.94053,3.38,3.38
2013.09.24 02:08:32.087,0.94042,0.94052,2.25,3.38
2013.09.24 02:08:32.627,0.94042,0.94049,1.50,2.63
2013.09.24 02:08:35.429,0.94042,0.94049,1.50,2.25
2013.09.24 02:08:35.787,0.94044,0.9405,1.50,1.13
2013.09.24 02:08:36.997,0.94044,0.94051,2.25,1.13
2013.09.24 02:08:37.678,0.94045,0.94053,1.50,3.00
2013.09.24 02:08:37.797,0.94045,0.94053,1.88,1.50
2013.09.24 02:08:38.298,0.94046,0.94053,1.50,1.13
2013.09.24 02:08:38.891,0.94046,0.94053,1.50,2.63
2013.09.24 02:08:39.407,0.94046,0.94053,1.50,1.88
2013.09.24 02:08:40.037,0.94045,0.94053,1.88,1.88
2013.09.24 02:08:40.573,0.94045,0.94053,1.13,1.88
2013.09.24 02:08:45.047,0.94045,0.94053,1.13,1.50
2013.09.24 02:08:50.857,0.94045,0.94053,1.13,1.88
2013.09.24 02:09:00.739,0.94045,0.94053,1.13,1.50
2013.09.24 02:09:04.917,0.94046,0.94054,1.13,1.13
2013.09.24 02:09:05.505,0.94046,0.94054,1.13,1.13
2013.09.24 02:09:17.978,0.94046,0.94054,2.63,1.13
2013.09.24 02:09:18.613,0.94049,0.94058,1.13,2.25
2013.09.24 02:09:18.682,0.9405,0.94058,1.13,2.25
2013.09.24 02:09:22.067,0.94049,0.94058,1.88,2.25
2013.09.24 02:09:22.307,0.94048,0.94057,1.50,3.38
2013.09.24 02:09:22.847,0.94046,0.94057,1.13,3.38
2013.09.24 02:09:24.253,0.94046,0.94056,1.13,2.63
2013.09.24 02:09:39.757,0.94046,0.94055,1.13,2.63
2013.09.24 02:09:40.528,0.94045,0.94055,1.13,2.63
2013.09.24 02:09:41.067,0.94045,0.94055,1.13,2.25
2013.09.24 02:09:46.107,0.94045,0.94054,1.13,4.13
2013.09.24 02:09:46.692,0.94045,0.94054,1.13,2.63
2013.09.24 02:09:47.047,0.94043,0.94052,1.13,3.75
2013.09.24 02:09:47.227,0.94041,0.94051,1.50,4.88
2013.09.24 02:09:47.347,0.9404,0.9405,1.88,5.63
2013.09.24 02:09:52.547,0.94039,0.94048,1.50,2.63
2013.09.24 02:09:53.087,0.94039,0.94047,1.50,2.63
2013.09.24 02:10:05.047,0.94039,0.94047,1.50,1.13
2013.09.24 02:10:05.727,0.94037,0.94047,1.13,3.38
2013.09.24 02:10:06.267,0.94036,0.94046,1.88,4.13
2013.09.24 02:10:06.798,0.94034,0.94044,2.63,2.63
2013.09.24 02:10:09.477,0.94037,0.94044,1.88,2.63
2013.09.24 02:10:09.777,0.94038,0.94046,1.50,1.88
2013.09.24 02:10:10.374,0.94038,0.94046,1.50,1.13
2013.09.24 02:10:11.927,0.94039,0.94046,1.50,1.13
2013.09.24 02:10:12.757,0.94037,0.94046,1.88,1.13
2013.09.24 02:10:13.267,0.94037,0.94046,1.13,2.63
2013.09.24 02:10:18.307,0.94036,0.94046,1.88,2.63
2013.09.24 02:10:18.547,0.94033,0.94042,1.13,3.01
2013.09.24 02:10:18.907,0.94034,0.94042,1.13,1.50
2013.09.24 02:10:19.208,0.94038,0.94045,1.13,1.50
2013.09.24 02:10:19.977,0.94038,0.94045,1.13,1.50
2013.09.24 02:10:20.157,0.94038,0.94046,1.13,1.13
2013.09.24 02:10:26.537,0.94037,0.94046,1.13,1.88
2013.09.24 02:10:36.547,0.94038,0.94046,1.13,1.13
2013.09.24 02:10:48.777,0.94039,0.94047,1.50,1.88
2013.09.24 02:10:49.317,0.9404,0.94048,1.88,1.13
2013.09.24 02:10:50.837,0.9404,0.94048,1.50,1.13
2013.09.24 02:10:57.407,0.94042,0.94049,1.50,1.13
2013.09.24 02:10:57.767,0.94042,0.94052,2.63,1.88
2013.09.24 02:10:58.317,0.94043,0.94052,1.13,1.88
2013.09.24 02:10:58.696,0.94043,0.94052,1.13,1.13
2013.09.24 02:11:02.697,0.94044,0.94053,1.13,1.88
2013.09.24 02:11:02.877,0.94048,0.94055,2.25,1.13
2013.09.24 02:11:03.417,0.94049,0.94057,1.50,1.13
2013.09.24 02:11:06.328,0.94049,0.94059,4.13,2.63
2013.09.24 02:11:06.568,0.94054,0.94063,1.13,3.75
2013.09.24 02:11:06.689,0.94056,0.94063,1.13,2.63
2013.09.24 02:11:06.748,0.94056,0.94064,1.13,1.88
2013.09.24 02:11:06.989,0.94057,0.94067,2.63,2.25
2013.09.24 02:11:07.407,0.94058,0.94067,1.50,1.50
2013.09.24 02:11:07.708,0.94056,0.94067,1.88,3.75
2013.09.24 02:11:08.217,0.94056,0.94067,1.88,3.38
2013.09.24 02:11:10.952,0.94056,0.94067,1.88,3.38
2013.09.24 02:11:17.107,0.94056,0.94067,2.63,3.38
2013.09.24 02:11:17.347,0.94061,0.94069,1.13,3.00
2013.09.24 02:11:17.857,0.9406,0.94069,1.88,3.00
2013.09.24 02:11:17.977,0.94058,0.94069,2.25,3.76
2013.09.24 02:11:18.097,0.94057,0.94067,1.50,3.38
2013.09.24 02:11:18.279,0.94054,0.94064,1.88,3.00
2013.09.24 02:11:18.460,0.94051,0.9406,1.50,2.63
2013.09.24 02:11:18.519,0.9405,0.9406,1.13,4.13
2013.09.24 02:11:18.578,0.9405,0.94059,1.13,4.88
2013.09.24 02:11:19.118,0.94047,0.94057,1.88,4.13
2013.09.24 02:11:20.857,0.94046,0.94055,1.13,4.13
2013.09.24 02:11:21.378,0.94046,0.94054,1.13,2.63
2013.09.24 02:11:22.487,0.94046,0.94054,1.13,1.50
2013.09.24 02:11:24.557,0.94046,0.94056,1.88,1.88
2013.09.24 02:11:24.797,0.94046,0.94056,1.88,1.13
2013.09.24 02:11:25.337,0.94046,0.94055,1.13,2.63
2013.09.24 02:11:29.237,0.94046,0.94054,1.13,2.63
2013.09.24 02:11:33.198,0.94046,0.94054,2.25,2.63
2013.09.24 02:11:33.318,0.94049,0.94056,1.50,1.13
2013.09.24 02:11:34.038,0.94049,0.94058,1.88,2.25
2013.09.24 02:11:38.607,0.94049,0.94058,1.50,2.26
2013.09.24 02:11:41.698,0.94049,0.94058,1.50,3.01
2013.09.24 02:11:43.387,0.9405,0.94058,1.13,2.25
2013.09.24 02:11:45.039,0.94049,0.94058,1.50,3.01
2013.09.24 02:11:48.627,0.9405,0.94058,1.13,3.00
2013.09.24 02:11:50.210,0.94049,0.94058,1.88,3.00
2013.09.24 02:11:50.789,0.94049,0.94058,1.13,3.00
2013.09.24 02:11:51.938,0.94049,0.94058,1.88,3.00
2013.09.24 02:11:56.273,0.94049,0.94058,1.88,4.50
2013.09.24 02:11:57.677,0.94049,0.94058,1.88,3.00
2013.09.24 02:11:59.777,0.94049,0.94058,1.88,4.50
2013.09.24 02:12:00.279,0.94049,0.94058,1.88,3.00
2013.09.24 02:12:02.987,0.94049,0.94058,1.50,3.01
2013.09.24 02:12:13.027,0.94049,0.94058,1.88,2.25
2013.09.24 02:12:20.157,0.94049,0.94058,1.50,2.26
2013.09.24 02:12:24.530,0.94049,0.94058,2.63,1.50
2013.09.24 02:12:25.642,0.9405,0.94058,1.13,1.50
2013.09.24 02:12:26.747,0.94049,0.94058,2.25,1.13
2013.09.24 02:12:36.747,0.94049,0.94058,1.88,1.13
2013.09.24 02:12:39.007,0.94049,0.94058,1.88,1.13
2013.09.24 02:12:43.907,0.94049,0.94058,1.50,1.13
2013.09.24 02:13:05.278,0.9405,0.94058,1.50,1.50
2013.09.24 02:13:14.918,0.94047,0.94058,2.63,3.01
2013.09.24 02:13:20.918,0.94047,0.94058,1.50,5.26
2013.09.24 02:13:21.522,0.94047,0.94058,1.50,6.76
2013.09.24 02:13:23.527,0.94047,0.94056,1.50,2.63
2013.09.24 02:13:24.067,0.94047,0.94056,1.50,2.63
2013.09.24 02:13:31.201,0.94047,0.94056,1.13,2.63
2013.09.24 02:13:33.937,0.94046,0.94056,2.25,2.63
2013.09.24 02:13:34.477,0.94046,0.94056,3.00,3.38
2013.09.24 02:13:34.818,0.94046,0.94056,2.25,3.38
2013.09.24 02:13:38.827,0.94046,0.94056,1.13,3.38
2013.09.24 02:13:39.367,0.94045,0.94053,1.13,2.63
2013.09.24 02:13:39.730,0.94043,0.94052,1.13,5.25
2013.09.24 02:13:39.849,0.94041,0.9405,1.13,3.00
2013.09.24 02:13:40.355,0.94041,0.94049,1.13,3.00
2013.09.24 02:13:42.209,0.94042,0.94049,1.50,1.50
2013.09.24 02:13:42.328,0.94044,0.94052,1.13,1.13
2013.09.24 02:13:42.867,0.94045,0.94053,1.13,1.13
2013.09.24 02:13:45.347,0.94044,0.94053,1.50,1.13
2013.09.24 02:13:47.319,0.94044,0.94053,1.50,1.88
2013.09.24 02:13:49.257,0.94044,0.94053,1.50,1.13
2013.09.24 02:13:54.567,0.94044,0.94053,1.13,2.63
2013.09.24 02:13:56.729,0.94043,0.94053,1.88,2.63
2013.09.24 02:14:03.698,0.94043,0.94053,1.88,3.01
2013.09.24 02:14:04.299,0.94042,0.94053,1.88,5.63
2013.09.24 02:14:06.797,0.94043,0.94053,1.13,5.63
2013.09.24 02:14:08.798,0.94044,0.94053,1.50,2.63
2013.09.24 02:14:09.337,0.94045,0.94053,1.50,1.13
2013.09.24 02:14:17.327,0.94045,0.94053,1.50,2.63
2013.09.24 02:14:42.408,0.94043,0.94053,1.88,2.63
2013.09.24 02:14:42.947,0.94042,0.94053,2.25,4.13
2013.09.24 02:14:43.007,0.94042,0.94052,1.50,4.13
2013.09.24 02:14:43.880,0.94041,0.94049,1.13,3.00
2013.09.24 02:14:44.245,0.94039,0.94049,1.50,1.88
2013.09.24 02:14:55.298,0.94041,0.94049,2.25,1.13
2013.09.24 02:14:55.837,0.94042,0.9405,1.50,1.13
2013.09.24 02:15:03.621,0.94042,0.94051,1.50,1.13
2013.09.24 02:15:03.737,0.94042,0.94051,2.25,1.13
2013.09.24 02:15:12.228,0.94044,0.94051,1.50,1.13
2013.09.24 02:15:12.347,0.94041,0.94051,1.50,1.13
2013.09.24 02:15:12.877,0.94041,0.94051,2.25,1.13
2013.09.24 02:15:14.291,0.94042,0.94051,1.50,1.13
2013.09.24 02:15:14.539,0.94047,0.94053,1.88,2.25
2013.09.24 02:15:14.599,0.94047,0.94055,2.63,1.50
2013.09.24 02:15:14.658,0.94047,0.94056,2.63,1.88
2013.09.24 02:15:15.197,0.94048,0.94057,2.25,1.88
2013.09.24 02:15:15.558,0.94047,0.94057,1.50,3.38
2013.09.24 02:15:18.528,0.94047,0.94057,1.50,3.38
2013.09.24 02:15:19.791,0.94046,0.94057,1.88,4.13
2013.09.24 02:15:19.859,0.94046,0.94056,1.88,2.63
2013.09.24 02:15:20.338,0.94044,0.94053,1.13,5.63
2013.09.24 02:15:21.331,0.94044,0.94053,1.13,4.88
2013.09.24 02:15:35.451,0.94044,0.94053,1.13,4.88
2013.09.24 02:15:39.648,0.94044,0.94053,1.13,5.25
2013.09.24 02:15:39.767,0.94044,0.94053,1.13,1.88
2013.09.24 02:15:40.297,0.94047,0.94054,1.50,1.13
2013.09.24 02:15:40.798,0.94047,0.94054,1.50,1.13
2013.09.24 02:15:40.918,0.94046,0.94054,1.88,2.26
2013.09.24 02:15:41.098,0.94044,0.94054,1.88,4.13
2013.09.24 02:15:41.338,0.94046,0.94054,1.13,1.13
2013.09.24 02:15:42.007,0.94048,0.94057,1.50,1.13
2013.09.24 02:15:42.798,0.94048,0.94058,1.50,3.00
2013.09.24 02:15:44.527,0.94048,0.94058,1.50,2.25
2013.09.24 02:15:45.567,0.94048,0.94058,1.50,3.00
2013.09.24 02:15:45.629,0.94047,0.94058,2.25,3.01
2013.09.24 02:15:46.168,0.9405,0.94058,1.50,1.50
2013.09.24 02:15:46.228,0.9405,0.94059,1.50,1.88
2013.09.24 02:15:46.648,0.94052,0.94059,1.50,1.13
2013.09.24 02:15:47.712,0.94049,0.94059,1.50,3.75
2013.09.24 02:15:51.148,0.94049,0.94059,1.50,3.75
2013.09.24 02:15:53.807,0.94047,0.94059,2.63,4.50
2013.09.24 02:15:58.237,0.94048,0.94058,1.50,3.01
2013.09.24 02:15:59.438,0.94049,0.94058,1.50,1.13
2013.09.24 02:16:03.837,0.94047,0.94058,1.50,3.01
2013.09.24 02:16:07.278,0.94054,0.94061,1.50,2.25
2013.09.24 02:16:07.343,0.94054,0.94061,1.50,2.25
2013.09.24 02:16:07.588,0.94054,0.94061,1.50,1.13
2013.09.24 02:16:07.829,0.94054,0.94064,1.13,1.13
2013.09.24 02:16:08.009,0.94057,0.94067,1.50,1.13
2013.09.24 02:16:08.547,0.94058,0.94067,1.50,1.13
2013.09.24 02:16:11.067,0.94059,0.94067,1.50,1.13
2013.09.24 02:16:11.997,0.94059,0.94067,1.50,1.88
2013.09.24 02:16:13.077,0.94059,0.94067,1.50,1.88
2013.09.24 02:16:17.757,0.94058,0.94067,1.50,1.88
2013.09.24 02:16:18.657,0.94059,0.94068,1.50,1.13
2013.09.24 02:16:18.897,0.94059,0.94068,1.50,1.50
2013.09.24 02:16:19.417,0.94059,0.94068,1.50,2.26
2013.09.24 02:16:19.768,0.94059,0.94068,1.50,1.50
2013.09.24 02:16:20.068,0.94057,0.94067,1.50,2.63
2013.09.24 02:16:27.818,0.94058,0.94067,2.25,1.13
2013.09.24 02:16:30.548,0.94058,0.94067,1.50,1.88
2013.09.24 02:16:40.548,0.94058,0.94067,1.50,1.88
2013.09.24 02:16:41.727,0.94058,0.94067,1.50,1.88
2013.09.24 02:16:42.277,0.94056,0.94067,1.50,2.63
2013.09.24 02:16:44.608,0.94057,0.94067,1.50,2.63
2013.09.24 02:16:51.747,0.94058,0.94067,1.50,1.13
2013.09.24 02:16:52.287,0.94059,0.94067,1.50,1.88
2013.09.24 02:16:57.837,0.94059,0.94068,1.50,1.88
2013.09.24 02:16:59.450,0.94059,0.94068,1.50,1.88
2013.09.24 02:17:05.737,0.94058,0.94068,1.50,1.88
2013.09.24 02:17:29.828,0.94059,0.94068,1.50,1.88
2013.09.24 02:17:33.078,0.94057,0.94067,2.25,2.63
2013.09.24 02:17:37.018,0.94057,0.94067,1.50,2.63
2013.09.24 02:17:39.829,0.94058,0.94067,1.50,1.13
2013.09.24 02:17:42.478,0.94058,0.94067,1.50,1.13
2013.09.24 02:17:43.278,0.94059,0.94067,2.25,1.13
2013.09.24 02:17:43.779,0.9406,0.94067,1.28,1.13
2013.09.24 02:17:46.099,0.9406,0.9407,2.03,3.00
2013.09.24 02:17:46.459,0.94063,0.94073,2.25,1.50
2013.09.24 02:17:46.998,0.94066,0.94076,1.50,1.13
2013.09.24 02:17:47.499,0.94067,0.94076,1.50,1.13
2013.09.24 02:17:48.019,0.94067,0.94076,1.50,1.13
2013.09.24 02:17:53.838,0.94066,0.94075,1.50,3.01
2013.09.24 02:17:57.383,0.94063,0.94074,3.38,3.38
2013.09.24 02:17:58.309,0.94063,0.94074,2.63,3.38
2013.09.24 02:17:59.030,0.94063,0.94074,1.88,4.88
2013.09.24 02:17:59.392,0.94063,0.94071,1.50,4.13
2013.09.24 02:17:59.927,0.94062,0.94071,1.50,4.13
2013.09.24 02:18:03.748,0.94059,0.9407,2.25,4.13
2013.09.24 02:18:04.306,0.94062,0.9407,1.13,1.50
2013.09.24 02:18:30.358,0.94059,0.94069,2.25,2.63
2013.09.24 02:18:30.939,0.94059,0.94069,1.50,2.63
2013.09.24 02:18:31.118,0.9406,0.94069,1.13,2.63
2013.09.24 02:18:31.658,0.94062,0.94069,1.88,1.13
2013.09.24 02:18:32.178,0.94062,0.94069,1.88,1.88
2013.09.24 02:18:32.984,0.94062,0.94069,1.88,1.13
2013.09.24 02:18:34.578,0.94062,0.94069,1.88,1.88
2013.09.24 02:18:35.169,0.94062,0.94069,1.88,1.13
2013.09.24 02:18:53.388,0.94064,0.94071,1.50,1.88
2013.09.24 02:18:53.568,0.94065,0.94074,1.13,1.13
2013.09.24 02:18:54.108,0.94066,0.94076,1.88,2.63
2013.09.24 02:18:55.449,0.94066,0.94076,2.63,2.63
2013.09.24 02:18:57.928,0.94066,0.94075,1.88,2.26
2013.09.24 02:18:58.288,0.94061,0.94072,1.88,3.00
2013.09.24 02:18:58.920,0.94062,0.94072,1.50,3.00
2013.09.24 02:19:00.757,0.94061,0.94072,2.25,3.00
2013.09.24 02:19:05.179,0.94062,0.94072,1.50,3.00
2013.09.24 02:19:05.528,0.9406,0.94071,1.50,3.75
2013.09.24 02:19:11.477,0.9406,0.9407,1.50,3.76
2013.09.24 02:19:17.209,0.9406,0.9407,1.50,3.76
2013.09.24 02:19:17.328,0.94061,0.9407,1.13,3.38
2013.09.24 02:19:37.697,0.94061,0.9407,1.13,2.25
2013.09.24 02:19:38.658,0.94061,0.9407,1.13,3.00
2013.09.24 02:19:39.198,0.94061,0.9407,1.13,2.25
2013.09.24 02:19:41.828,0.94061,0.9407,1.13,3.00
2013.09.24 02:19:52.558,0.94061,0.9407,1.13,3.00
2013.09.24 02:19:53.267,0.94059,0.94069,2.63,2.63
2013.09.24 02:19:53.958,0.94061,0.94069,1.13,1.50
2013.09.24 02:19:57.858,0.94061,0.94069,1.13,2.25
2013.09.24 02:19:58.038,0.94059,0.94069,1.50,2.63
2013.09.24 02:19:59.227,0.94058,0.94069,2.25,1.50
2013.09.24 02:19:59.418,0.94059,0.94069,1.50,1.50
2013.09.24 02:19:59.928,0.94058,0.94069,2.25,3.00
2013.09.24 02:20:00.048,0.94058,0.94069,2.25,3.38
2013.09.24 02:20:00.688,0.94058,0.94069,1.50,3.00
2013.09.24 02:20:00.808,0.94059,0.94069,1.50,1.50
2013.09.24 02:20:01.368,0.94058,0.94069,2.25,3.00
2013.09.24 02:20:01.547,0.94058,0.94069,2.25,3.38
2013.09.24 02:20:02.527,0.94059,0.94069,1.50,1.50
2013.09.24 02:20:03.089,0.94059,0.94069,1.50,1.50
2013.09.24 02:20:03.328,0.94058,0.94069,2.25,3.38
2013.09.24 02:20:04.118,0.94059,0.94069,1.50,1.50
2013.09.24 02:20:14.168,0.94058,0.94069,3.00,2.25
2013.09.24 02:20:14.408,0.94061,0.9407,1.88,1.88
2013.09.24 02:20:32.718,0.94061,0.9407,1.88,2.63
2013.09.24 02:20:32.778,0.94061,0.9407,1.50,2.63
2013.09.24 02:20:34.338,0.94061,0.9407,1.88,1.88
2013.09.24 02:20:49.168,0.94063,0.94071,1.13,1.50
2013.09.24 02:20:49.468,0.94064,0.94076,2.25,1.88
2013.09.24 02:20:49.528,0.94065,0.94076,1.50,2.63
2013.09.24 02:20:49.648,0.94065,0.94076,1.50,1.88
2013.09.24 02:20:49.949,0.94063,0.94073,1.50,2.63
2013.09.24 02:20:51.218,0.94063,0.94072,1.50,2.63
2013.09.24 02:20:53.748,0.94063,0.94072,1.50,1.13
2013.09.24 02:21:03.428,0.94065,0.94075,1.50,1.50
2013.09.24 02:21:33.488,0.94067,0.94075,1.50,1.13
2013.09.24 02:21:50.217,0.94067,0.94076,1.50,1.13
2013.09.24 02:21:52.498,0.94066,0.94076,1.50,1.13
2013.09.24 02:22:07.268,0.94063,0.94073,1.88,4.13
2013.09.24 02:22:07.921,0.94063,0.94072,1.13,2.63
2013.09.24 02:22:08.273,0.94063,0.94072,1.50,1.13
2013.09.24 02:22:14.359,0.94063,0.94072,1.50,1.13
2013.09.24 02:22:15.187,0.94063,0.94072,1.50,1.13
2013.09.24 02:22:17.389,0.94062,0.94071,1.50,3.76
2013.09.24 02:22:17.508,0.94061,0.94068,1.50,2.63
2013.09.24 02:22:17.628,0.94059,0.94068,1.50,2.63
2013.09.24 02:22:18.259,0.94059,0.94068,1.50,4.88
2013.09.24 02:22:29.278,0.94057,0.94067,1.50,2.63
2013.09.24 02:22:29.939,0.9405,0.94059,1.50,3.38
2013.09.24 02:22:30.478,0.94049,0.94059,1.50,4.13
2013.09.24 02:22:34.489,0.94049,0.94058,1.50,2.63
2013.09.24 02:22:47.417,0.94049,0.94058,1.50,3.76
2013.09.24 02:22:47.973,0.94049,0.94058,1.50,3.76
2013.09.24 02:23:20.307,0.94048,0.94058,1.50,4.13
2013.09.24 02:23:20.608,0.94046,0.94056,1.50,5.63
2013.09.24 02:23:20.968,0.94043,0.94053,2.25,2.63
2013.09.24 02:23:21.268,0.9404,0.9405,2.25,3.76
2013.09.24 02:23:22.018,0.94039,0.9405,1.88,6.01
2013.09.24 02:23:22.138,0.94039,0.9405,1.88,6.01
2013.09.24 02:23:22.378,0.94041,0.9405,1.13,4.51
2013.09.24 02:23:22.559,0.94043,0.94051,1.50,1.13
2013.09.24 02:23:23.098,0.94044,0.94055,2.25,1.88
2013.09.24 02:23:30.757,0.94045,0.94055,1.50,1.13
2013.09.24 02:23:40.389,0.94045,0.94056,1.50,3.75
2013.09.24 02:23:40.808,0.94049,0.94056,1.50,1.13
2013.09.24 02:24:11.340,0.9405,0.9406,1.50,5.63
2013.09.24 02:24:11.700,0.94058,0.94064,1.50,5.46
2013.09.24 02:24:11.819,0.94058,0.94064,2.25,1.71
2013.09.24 02:24:12.239,0.94059,0.94067,1.13,3.38
2013.09.24 02:24:12.538,0.94059,0.94067,1.13,1.13
2013.09.24 02:24:13.111,0.94059,0.94068,1.13,1.88
2013.09.24 02:24:13.468,0.94062,0.9407,1.13,2.25
2013.09.24 02:24:13.987,0.94063,0.94072,1.13,1.50
2013.09.24 02:24:14.538,0.94063,0.94072,1.13,2.63
2013.09.24 02:24:21.099,0.94062,0.94072,1.13,3.38
2013.09.24 02:24:36.316,0.94062,0.94072,1.13,4.88
2013.09.24 02:24:36.866,0.94062,0.94072,1.13,4.88
2013.09.24 02:25:03.778,0.94063,0.94072,2.63,1.13
2013.09.24 02:25:03.839,0.94063,0.94073,2.63,1.88
2013.09.24 02:25:04.018,0.94067,0.94076,1.88,3.38
2013.09.24 02:25:04.738,0.94068,0.94076,1.50,1.13
2013.09.24 02:25:12.719,0.94067,0.94076,2.25,1.88
2013.09.24 02:25:13.020,0.94066,0.94076,1.13,7.88
2013.09.24 02:25:13.620,0.94065,0.94075,1.13,2.63
2013.09.24 02:25:14.510,0.94065,0.94075,1.13,1.88
2013.09.24 02:25:14.750,0.94063,0.94073,1.13,3.38
2013.09.24 02:25:14.810,0.94062,0.94073,2.25,3.38
2013.09.24 02:25:15.348,0.94061,0.9407,1.13,3.38
2013.09.24 02:25:28.158,0.94061,0.9407,1.13,4.13
2013.09.24 02:25:28.278,0.94058,0.94069,3.75,3.38
2013.09.24 02:25:31.866,0.94059,0.94069,1.50,3.38
2013.09.24 02:25:55.709,0.94059,0.94069,2.25,1.50
2013.09.24 02:25:55.770,0.94062,0.94069,1.13,1.50
2013.09.24 02:26:03.998,0.94062,0.94071,1.13,1.88
2013.09.24 02:26:04.238,0.94063,0.94072,1.50,1.88
2013.09.24 02:26:04.894,0.94065,0.94073,1.13,2.63
2013.09.24 02:26:13.378,0.94066,0.94073,2.25,1.13
2013.09.24 02:26:16.970,0.94065,0.94073,2.63,1.13
2013.09.24 02:26:21.591,0.94066,0.94073,1.50,1.13
2013.09.24 02:26:22.174,0.94067,0.94073,1.50,1.13
2013.09.24 02:26:25.409,0.94067,0.94074,2.25,1.13
2013.09.24 02:26:28.199,0.94067,0.94074,1.50,1.13
2013.09.24 02:26:29.079,0.94067,0.94074,1.50,1.13
2013.09.24 02:26:30.369,0.94067,0.94074,2.25,1.13
2013.09.24 02:26:30.878,0.94067,0.94074,2.25,1.13
2013.09.24 02:26:34.329,0.94067,0.94074,1.50,1.13
2013.09.24 02:26:34.869,0.94068,0.94075,1.50,1.13
2013.09.24 02:26:49.228,0.94068,0.94076,1.50,1.13
2013.09.24 02:26:49.751,0.94068,0.94076,1.50,1.88
2013.09.24 02:27:00.439,0.94067,0.94076,2.25,1.13
2013.09.24 02:27:25.878,0.94066,0.94076,1.13,2.63
2013.09.24 02:27:40.578,0.94066,0.94076,1.88,2.63
2013.09.24 02:27:41.248,0.94068,0.94076,1.50,1.13
2013.09.24 02:27:41.608,0.94068,0.94076,1.50,1.13
2013.09.24 02:27:42.176,0.94068,0.94076,2.25,1.13
2013.09.24 02:27:47.649,0.94069,0.94076,1.50,1.13
2013.09.24 02:27:48.009,0.9407,0.94078,2.25,1.13
2013.09.24 02:27:54.139,0.9407,0.94078,1.50,1.13
2013.09.24 02:27:54.679,0.94068,0.94078,1.50,3.01
2013.09.24 02:28:00.428,0.94068,0.94078,2.25,2.26
2013.09.24 02:28:00.949,0.94067,0.94077,1.88,2.63
2013.09.24 02:28:01.989,0.94067,0.94077,1.50,1.88
2013.09.24 02:28:11.099,0.94066,0.94076,1.88,2.63
2013.09.24 02:28:17.440,0.94067,0.94076,2.25,1.13
2013.09.24 02:28:26.161,0.94068,0.94076,1.50,1.88
2013.09.24 02:28:27.259,0.94069,0.94076,2.25,1.88
2013.09.24 02:28:27.768,0.94069,0.94076,1.50,1.88
2013.09.24 02:28:54.154,0.94069,0.94076,1.50,1.13
2013.09.24 02:29:12.180,0.94068,0.94076,2.25,1.13
2013.09.24 02:29:13.259,0.94068,0.94076,2.25,1.13
2013.09.24 02:29:14.438,0.94069,0.94076,1.50,1.13
2013.09.24 02:29:17.349,0.94068,0.94076,2.25,1.13
2013.09.24 02:29:17.914,0.94068,0.94076,2.25,1.13
2013.09.24 02:29:54.905,0.94068,0.94076,2.63,1.13
2013.09.24 02:29:55.410,0.94069,0.94076,1.50,1.13
2013.09.24 02:29:56.099,0.94069,0.94078,1.50,2.25
2013.09.24 02:30:00.160,0.94069,0.94078,1.50,1.13
2013.09.24 02:30:15.449,0.94068,0.94078,1.88,3.76
2013.09.24 02:30:16.060,0.94068,0.94078,2.63,3.01
2013.09.24 02:30:16.618,0.94067,0.94077,1.13,4.13
2013.09.24 02:30:21.899,0.94066,0.94077,1.88,6.38
2013.09.24 02:30:22.198,0.94067,0.94076,1.13,3.38
2013.09.24 02:30:23.479,0.94067,0.94076,1.13,2.63
2013.09.24 02:30:24.399,0.94066,0.94076,1.13,1.88
2013.09.24 02:30:24.819,0.94065,0.94073,1.13,2.63
2013.09.24 02:30:25.359,0.94066,0.94073,1.50,1.13
2013.09.24 02:30:26.259,0.94065,0.94073,2.63,1.13
2013.09.24 02:30:30.339,0.94065,0.94073,2.63,1.50
2013.09.24 02:30:30.877,0.94065,0.94073,1.88,4.13
2013.09.24 02:30:51.110,0.94065,0.94073,1.88,2.63
2013.09.24 02:31:01.339,0.94065,0.94073,1.88,2.63
2013.09.24 02:31:01.519,0.94066,0.94074,1.88,1.13
2013.09.24 02:31:07.310,0.94065,0.94074,2.63,1.88
2013.09.24 02:31:07.429,0.94064,0.94072,1.50,3.00
2013.09.24 02:31:07.909,0.94062,0.94071,1.88,3.38
2013.09.24 02:31:14.749,0.94062,0.94071,1.13,3.38
2013.09.24 02:31:15.351,0.94064,0.94071,1.88,1.50
2013.09.24 02:31:16.519,0.94064,0.94072,1.88,2.25
2013.09.24 02:31:16.729,0.94064,0.94073,1.88,3.75
2013.09.24 02:31:17.030,0.94067,0.94076,1.88,1.88
2013.09.24 02:31:21.129,0.94068,0.94076,1.13,1.13
2013.09.24 02:31:21.309,0.94069,0.94077,1.50,1.13
2013.09.24 02:31:21.552,0.94072,0.9408,1.13,2.25
2013.09.24 02:31:21.789,0.94074,0.94082,1.88,1.13
2013.09.24 02:31:41.830,0.94074,0.94083,1.50,1.88
2013.09.24 02:31:42.485,0.94075,0.94084,1.88,1.88
2013.09.24 02:31:44.170,0.94076,0.94084,1.50,1.13
2013.09.24 02:31:44.709,0.94077,0.94084,1.50,1.13
2013.09.24 02:31:52.329,0.94077,0.94084,1.50,1.13
2013.09.24 02:31:52.977,0.94078,0.94085,2.25,1.13
2013.09.24 02:31:56.093,0.94079,0.94087,1.50,2.63
2013.09.24 02:32:04.400,0.94079,0.94087,1.50,1.13
2013.09.24 02:32:04.762,0.94078,0.94086,1.50,2.63
2013.09.24 02:32:04.881,0.94079,0.94086,1.50,3.76
2013.09.24 02:32:05.000,0.94079,0.94086,1.50,1.13
2013.09.24 02:32:05.509,0.9408,0.94088,2.25,1.13
2013.09.24 02:32:05.569,0.9408,0.94088,2.63,1.13
2013.09.24 02:32:06.519,0.94081,0.94089,2.63,1.13
2013.09.24 02:33:18.069,0.94082,0.94091,1.50,1.88
2013.09.24 02:33:18.370,0.94085,0.94095,1.88,1.13
2013.09.24 02:33:18.731,0.94089,0.94097,1.50,1.13
2013.09.24 02:33:18.849,0.94089,0.94097,1.50,1.13
2013.09.24 02:33:24.079,0.94089,0.94097,2.25,1.13
2013.09.24 02:33:24.320,0.9409,0.94098,1.50,1.13
2013.09.24 02:33:24.439,0.94091,0.94098,1.50,1.13
2013.09.24 02:33:24.969,0.94091,0.94098,1.13,1.13
2013.09.24 02:33:31.220,0.94092,0.94098,1.13,1.13
2013.09.24 02:33:40.901,0.94091,0.94098,1.13,1.13
2013.09.24 02:33:53.269,0.94091,0.94098,1.13,1.13
2013.09.24 02:34:03.461,0.9409,0.94098,2.63,1.13
2013.09.24 02:34:09.660,0.9409,0.94098,1.50,1.88
2013.09.24 02:34:10.171,0.94089,0.94098,1.50,3.76
2013.09.24 02:34:10.741,0.94086,0.94097,2.63,3.38
2013.09.24 02:34:16.570,0.94089,0.94097,1.50,1.88
2013.09.24 02:34:17.590,0.94089,0.94097,1.50,1.88
2013.09.24 02:34:18.699,0.94088,0.94097,2.25,1.13
2013.09.24 02:34:26.122,0.94086,0.94097,2.63,4.13
2013.09.24 02:34:26.760,0.94086,0.94097,2.63,4.13
2013.09.24 02:34:45.471,0.94087,0.94097,1.13,4.13
2013.09.24 02:34:50.469,0.94086,0.94097,2.63,3.38
2013.09.24 02:35:06.300,0.94087,0.94097,1.13,3.38
2013.09.24 02:35:06.852,0.94087,0.94097,1.13,3.38
2013.09.24 02:35:31.359,0.94087,0.94097,2.63,1.13
2013.09.24 02:35:46.719,0.94088,0.94096,1.50,4.50
2013.09.24 02:35:47.020,0.94085,0.94093,1.50,3.38
2013.09.24 02:35:47.379,0.94082,0.94091,1.13,2.63
2013.09.24 02:35:47.904,0.94082,0.94091,1.13,1.88
2013.09.24 02:35:50.260,0.94081,0.9409,1.13,4.88
2013.09.24 02:35:50.889,0.94081,0.9409,1.88,1.88
2013.09.24 02:36:12.890,0.9408,0.9409,1.13,4.13
2013.09.24 02:36:13.249,0.9408,0.94089,1.50,4.88
2013.09.24 02:36:13.841,0.94078,0.94089,2.63,4.88
2013.09.24 02:36:14.019,0.94078,0.94088,1.88,3.01
2013.09.24 02:36:14.569,0.94077,0.94087,1.13,5.63
2013.09.24 02:36:21.674,0.94077,0.94085,1.13,2.63
2013.09.24 02:36:21.861,0.94074,0.94084,1.13,3.76
2013.09.24 02:36:22.100,0.9407,0.9408,1.88,4.88
2013.09.24 02:36:22.685,0.94069,0.94079,1.88,3.38
2013.09.24 02:36:23.289,0.94068,0.94079,2.63,3.38
2013.09.24 02:36:26.410,0.94068,0.94079,2.63,3.38
2013.09.24 02:36:26.949,0.94068,0.94078,1.13,6.01
2013.09.24 02:36:28.159,0.94068,0.94077,1.13,4.13
2013.09.24 02:36:37.851,0.9407,0.94077,1.13,2.63
2013.09.24 02:36:38.210,0.94078,0.94087,1.50,3.75
2013.09.24 02:36:38.391,0.94079,0.94088,1.50,1.13
2013.09.24 02:36:38.571,0.94082,0.9409,1.13,1.88
2013.09.24 02:36:38.811,0.94085,0.94093,1.13,1.13
2013.09.24 02:36:39.240,0.94088,0.94096,1.88,1.50
2013.09.24 02:36:39.540,0.94089,0.94097,1.13,1.88
2013.09.24 02:36:43.239,0.94089,0.94097,1.13,1.88
2013.09.24 02:36:43.800,0.94088,0.94097,1.50,2.63
2013.09.24 02:36:44.343,0.94088,0.94097,1.50,1.88
2013.09.24 02:36:45.050,0.94087,0.94097,1.88,1.88
2013.09.24 02:36:49.410,0.94087,0.94096,1.13,3.01
2013.09.24 02:36:49.529,0.94087,0.94094,1.88,2.26
2013.09.24 02:36:50.329,0.94084,0.94093,1.13,4.13
2013.09.24 02:36:54.339,0.94084,0.94093,1.13,2.63
2013.09.24 02:36:54.460,0.94086,0.94094,1.50,3.38
2013.09.24 02:36:54.519,0.94087,0.94095,1.13,1.13
2013.09.24 02:36:54.762,0.94088,0.94096,1.13,1.13
2013.09.24 02:36:55.309,0.94088,0.94096,1.13,1.88
2013.09.24 02:37:01.152,0.94091,0.94096,1.50,1.13
2013.09.24 02:37:01.391,0.94094,0.94101,1.13,2.25
2013.09.24 02:37:08.271,0.94092,0.941,1.13,2.63
2013.09.24 02:37:08.900,0.94091,0.941,1.13,4.13
2013.09.24 02:37:11.589,0.9409,0.941,1.13,4.13
2013.09.24 02:37:12.130,0.9409,0.94099,1.13,2.63
2013.09.24 02:37:13.990,0.94089,0.94099,2.25,2.63
2013.09.24 02:37:14.510,0.94089,0.94099,1.50,3.01
2013.09.24 02:37:15.030,0.94088,0.94097,1.13,4.13
2013.09.24 02:37:21.490,0.94088,0.94097,1.13,2.63
2013.09.24 02:37:24.917,0.94088,0.94097,1.13,3.38
2013.09.24 02:37:26.401,0.94088,0.94097,1.13,3.38
2013.09.24 02:37:34.290,0.94087,0.94096,1.13,3.38
2013.09.24 02:37:34.650,0.94082,0.94092,1.88,4.50
2013.09.24 02:37:35.189,0.94082,0.94092,2.25,2.63
2013.09.24 02:37:40.659,0.94081,0.94092,1.50,3.76
2013.09.24 02:37:41.019,0.94082,0.94091,1.50,3.00
2013.09.24 02:37:45.579,0.94082,0.94091,1.50,1.50
2013.09.24 02:37:45.790,0.94083,0.94091,1.50,1.50
2013.09.24 02:37:45.910,0.94083,0.94092,2.25,1.13
2013.09.24 02:37:45.970,0.94083,0.94092,2.25,1.13
2013.09.24 02:37:46.030,0.94089,0.94096,1.50,1.88
2013.09.24 02:37:46.691,0.94094,0.94102,1.50,1.50
2013.09.24 02:37:47.249,0.94094,0.94102,1.13,1.50
2013.09.24 02:37:57.710,0.94094,0.94102,1.13,1.50
2013.09.24 02:37:58.069,0.94094,0.94103,1.13,2.63
2013.09.24 02:38:04.911,0.94094,0.94104,2.63,1.88
2013.09.24 02:38:05.091,0.94099,0.94107,1.50,1.88
2013.09.24 02:38:05.271,0.94099,0.94107,1.88,1.13
2013.09.24 02:38:05.829,0.94099,0.94108,1.88,2.25
2013.09.24 02:38:07.590,0.94099,0.94108,1.88,2.25
2013.09.24 02:38:08.190,0.94099,0.94109,2.63,1.50
2013.09.24 02:38:08.763,0.9411,0.94116,1.50,2.25
2013.09.24 02:38:08.835,0.94113,0.9412,1.50,1.13
2013.09.24 02:38:08.901,0.94113,0.9412,1.50,1.50
2013.09.24 02:38:09.440,0.94109,0.94118,1.13,3.00
2013.09.24 02:38:10.149,0.94109,0.94118,1.13,3.00
2013.09.24 02:38:11.570,0.94109,0.94118,1.13,2.25
2013.09.24 02:38:15.369,0.94111,0.94119,1.88,1.88
2013.09.24 02:38:15.430,0.94111,0.94119,1.88,1.88
2013.09.24 02:38:17.530,0.94112,0.94119,1.50,1.13
2013.09.24 02:38:17.650,0.94113,0.94121,2.25,1.50
2013.09.24 02:38:18.010,0.94117,0.94126,1.50,1.50
2013.09.24 02:38:19.470,0.94117,0.94126,1.50,2.63
2013.09.24 02:38:20.021,0.94117,0.94126,1.50,2.63
2013.09.24 02:38:22.460,0.94117,0.94126,1.50,1.88
2013.09.24 02:38:24.759,0.94115,0.94125,1.13,2.63
2013.09.24 02:38:25.450,0.94115,0.94125,1.13,1.88
2013.09.24 02:38:26.000,0.94115,0.94125,1.13,2.63
2013.09.24 02:38:26.180,0.94115,0.94125,1.13,4.13
2013.09.24 02:38:26.300,0.94112,0.94123,2.63,4.13
2013.09.24 02:38:26.840,0.94112,0.94122,1.13,4.13
2013.09.24 02:38:27.400,0.94112,0.94121,1.13,3.38
2013.09.24 02:38:28.633,0.94113,0.94121,1.13,2.63
2013.09.24 02:38:29.241,0.94113,0.94121,2.63,1.13
2013.09.24 02:38:29.839,0.94113,0.94121,2.63,1.13
2013.09.24 02:38:30.819,0.94113,0.94121,1.13,2.63
2013.09.24 02:38:31.610,0.94113,0.94121,1.13,2.63
2013.09.24 02:38:31.970,0.94115,0.94122,1.13,1.50
2013.09.24 02:38:32.090,0.94116,0.94125,1.13,1.13
2013.09.24 02:38:32.811,0.94116,0.94125,1.13,1.13
2013.09.24 02:38:42.410,0.94116,0.94125,1.13,1.13
2013.09.24 02:38:47.950,0.94116,0.94126,1.88,1.13
2013.09.24 02:38:51.540,0.94111,0.94118,2.82,3.75
2013.09.24 02:38:51.660,0.9411,0.94117,2.07,4.88
2013.09.24 02:38:51.960,0.94108,0.94117,1.13,5.25
2013.09.24 02:38:52.020,0.94109,0.94117,1.13,5.25
2013.09.24 02:38:52.080,0.94109,0.94117,1.13,2.25
2013.09.24 02:38:52.591,0.94109,0.94117,1.13,1.88
2013.09.24 02:38:52.710,0.94109,0.94117,1.13,2.63
2013.09.24 02:38:53.249,0.94109,0.94117,1.13,4.13
2013.09.24 02:38:53.550,0.94112,0.9412,1.50,1.50
2013.09.24 02:38:53.610,0.94114,0.94123,1.50,1.13
2013.09.24 02:38:53.730,0.94113,0.94123,1.50,2.63
2013.09.24 02:38:54.519,0.94112,0.94123,1.13,3.38
2013.09.24 02:38:55.060,0.94112,0.94121,1.13,4.13
2013.09.24 02:38:55.620,0.94112,0.94121,1.13,4.13
2013.09.24 02:38:56.258,0.94112,0.94121,1.13,3.38
2013.09.24 02:38:56.383,0.94114,0.94121,1.50,1.50
2013.09.24 02:38:56.502,0.94118,0.94123,1.13,1.50
2013.09.24 02:38:56.560,0.94118,0.94126,1.13,1.13
2013.09.24 02:38:56.621,0.94118,0.94126,1.13,2.26
2013.09.24 02:38:56.741,0.94117,0.94123,1.50,3.38
2013.09.24 02:38:57.159,0.94115,0.94123,1.13,2.63
2013.09.24 02:38:57.699,0.94115,0.94123,1.13,2.63
2013.09.24 02:38:58.920,0.94115,0.94123,1.13,2.63
2013.09.24 02:38:59.460,0.94114,0.94123,1.88,1.88
2013.09.24 02:39:02.092,0.94114,0.94123,1.88,1.13
2013.09.24 02:39:05.599,0.94113,0.94123,1.88,3.38
2013.09.24 02:39:06.110,0.94114,0.94123,1.13,3.38
2013.09.24 02:39:06.290,0.94114,0.94123,1.88,1.50
2013.09.24 02:39:15.800,0.94115,0.94123,1.13,3.00
2013.09.24 02:39:16.160,0.94117,0.94124,1.13,2.25
2013.09.24 02:39:16.710,0.94117,0.94125,1.13,1.13
2013.09.24 02:39:19.090,0.94118,0.94126,1.13,1.50
2013.09.24 02:39:34.640,0.94117,0.94126,1.13,5.25
2013.09.24 02:39:35.192,0.94113,0.94123,1.13,3.75
2013.09.24 02:39:41.000,0.94115,0.94123,1.13,3.00
2013.09.24 02:39:43.260,0.94115,0.94123,1.13,2.25
2013.09.24 02:39:49.658,0.94116,0.94123,1.13,2.25
2013.09.24 02:39:50.441,0.94116,0.94123,1.13,1.50
2013.09.24 02:39:50.970,0.94116,0.94123,1.13,1.50
2013.09.24 02:40:12.160,0.94115,0.94123,1.88,1.50
2013.09.24 02:40:17.140,0.94115,0.94124,1.13,1.50
2013.09.24 02:40:17.500,0.94111,0.9412,2.25,3.00
2013.09.24 02:40:17.621,0.94108,0.94116,4.50,3.00
2013.09.24 02:40:17.800,0.94107,0.94115,1.13,4.50
2013.09.24 02:40:18.160,0.94104,0.94114,1.50,3.00
2013.09.24 02:40:19.261,0.94105,0.94114,1.13,2.25
2013.09.24 02:40:22.978,0.94109,0.94118,1.13,2.63
2013.09.24 02:40:30.140,0.94109,0.94118,1.88,2.63
2013.09.24 02:40:30.320,0.94109,0.94118,1.88,1.13
2013.09.24 02:40:31.521,0.94109,0.94118,1.13,1.50
2013.09.24 02:40:31.701,0.94109,0.94118,1.88,1.50
2013.09.24 02:40:31.761,0.9411,0.94119,1.50,2.25
2013.09.24 02:40:32.290,0.94112,0.94119,1.13,1.50
2013.09.24 02:40:33.230,0.94114,0.9412,1.13,1.50
2013.09.24 02:40:33.770,0.94116,0.94121,1.13,1.50
2013.09.24 02:40:34.470,0.94116,0.94123,1.13,1.50
2013.09.24 02:40:34.656,0.94113,0.94122,1.13,3.75
2013.09.24 02:40:34.840,0.94113,0.94122,1.13,3.75
2013.09.24 02:40:37.900,0.94111,0.94121,1.50,3.00
2013.09.24 02:40:40.890,0.94112,0.94121,1.13,2.25
2013.09.24 02:40:46.580,0.94112,0.94121,1.13,3.75
2013.09.24 02:40:48.530,0.9411,0.94119,1.13,3.00
2013.09.24 02:40:50.379,0.9411,0.94119,1.13,3.00
2013.09.24 02:40:52.030,0.94108,0.94118,1.13,3.00
2013.09.24 02:40:52.391,0.94106,0.94116,1.13,3.00
2013.09.24 02:40:52.570,0.94107,0.94116,1.13,3.00
2013.09.24 02:40:54.692,0.94108,0.94116,1.13,4.50
2013.09.24 02:40:55.541,0.94109,0.94117,1.13,1.50
2013.09.24 02:40:58.390,0.94109,0.94117,1.13,1.50
2013.09.24 02:40:58.510,0.94106,0.94116,1.13,3.75
2013.09.24 02:41:01.040,0.94101,0.94111,1.13,4.50
2013.09.24 02:41:01.400,0.94101,0.9411,1.13,3.00
2013.09.24 02:41:02.381,0.94101,0.9411,1.13,3.00
2013.09.24 02:41:08.681,0.94105,0.94111,1.13,1.50
2013.09.24 02:41:08.980,0.94108,0.94116,1.88,1.50
2013.09.24 02:41:13.741,0.94107,0.94116,2.63,1.50
2013.09.24 02:41:14.180,0.94108,0.94116,1.13,1.50
2013.09.24 02:41:45.030,0.94104,0.94113,1.50,3.00
2013.09.24 02:41:45.980,0.94102,0.94113,2.63,3.75
2013.09.24 02:41:46.530,0.94102,0.94113,2.63,3.75
2013.09.24 02:41:49.680,0.941,0.94109,1.13,3.00
2013.09.24 02:41:50.840,0.941,0.94109,1.73,1.50
2013.09.24 02:41:51.150,0.94099,0.94109,3.00,1.50
2013.09.24 02:41:51.691,0.94099,0.94108,1.50,3.00
2013.09.24 02:41:52.241,0.94099,0.94108,2.25,1.50
2013.09.24 02:42:00.340,0.94098,0.94108,3.75,1.50
2013.09.24 02:42:00.520,0.94098,0.94109,1.88,2.25
2013.09.24 02:42:00.701,0.94097,0.94107,2.63,3.75
2013.09.24 02:42:00.880,0.94097,0.94106,1.50,3.75
2013.09.24 02:42:02.071,0.94097,0.94106,1.88,1.50
2013.09.24 02:42:02.130,0.94097,0.94108,2.25,2.25
2013.09.24 02:42:02.711,0.94097,0.94108,2.25,1.88
2013.09.24 02:42:04.591,0.94097,0.94108,2.25,1.88
2013.09.24 02:42:11.533,0.94097,0.94108,1.88,3.00
2013.09.24 02:42:20.140,0.94097,0.94108,2.25,2.63
2013.09.24 02:42:20.260,0.94098,0.94108,1.13,3.38
2013.09.24 02:42:27.060,0.94095,0.94105,1.13,3.00
2013.09.24 02:42:50.490,0.94093,0.94104,1.88,3.00
2013.09.24 02:42:51.210,0.94093,0.94103,1.13,3.00
2013.09.24 02:42:51.511,0.94091,0.94102,1.50,1.50
2013.09.24 02:42:51.570,0.94091,0.94101,1.13,3.00
2013.09.24 02:42:51.960,0.94088,0.94098,1.13,3.00
2013.09.24 02:42:56.730,0.94087,0.94098,2.25,2.25
2013.09.24 02:43:01.500,0.94086,0.94097,1.88,3.00
2013.09.24 02:43:04.400,0.94088,0.94097,1.13,1.50
2013.09.24 02:43:06.140,0.94086,0.94097,1.88,3.00
2013.09.24 02:43:06.921,0.94088,0.94097,1.13,1.50
2013.09.24 02:43:10.210,0.94087,0.94097,1.13,1.50
2013.09.24 02:43:12.937,0.94088,0.94097,1.13,1.50
2013.09.24 02:43:13.740,0.94086,0.94097,1.88,3.00
2013.09.24 02:43:14.280,0.94088,0.94097,1.13,1.50
2013.09.24 02:43:21.180,0.94087,0.94096,1.13,3.00
2013.09.24 02:43:21.301,0.94086,0.94096,1.50,3.75
2013.09.24 02:43:27.681,0.9409,0.94096,1.50,1.50
2013.09.24 02:43:27.800,0.94092,0.94098,1.50,1.50
2013.09.24 02:43:27.920,0.94089,0.94098,1.88,3.75
2013.09.24 02:43:28.040,0.94085,0.94098,1.50,5.63
2013.09.24 02:43:28.940,0.94086,0.94096,1.50,3.00
2013.09.24 02:43:31.640,0.94088,0.94096,1.13,3.00
2013.09.24 02:43:31.760,0.94088,0.94096,1.13,3.00
2013.09.24 02:43:32.660,0.94089,0.94097,1.13,2.25
2013.09.24 02:43:35.369,0.94089,0.94097,1.13,2.25
2013.09.24 02:43:38.380,0.94088,0.94097,1.13,1.50
2013.09.24 02:43:38.500,0.94088,0.94097,1.13,1.50
2013.09.24 02:43:40.150,0.94088,0.94097,1.13,1.50
2013.09.24 02:43:53.140,0.94088,0.94097,1.88,1.50
2013.09.24 02:43:55.286,0.94089,0.94097,1.13,1.50
2013.09.24 02:43:55.420,0.94089,0.94097,1.13,2.25
2013.09.24 02:43:55.601,0.94091,0.94098,1.13,2.25
2013.09.24 02:43:55.781,0.94092,0.94098,1.13,1.50
2013.09.24 02:44:02.680,0.94091,0.94099,1.13,1.50
2013.09.24 02:44:04.993,0.94093,0.94099,1.13,1.50
2013.09.24 02:44:05.233,0.9409,0.94101,1.50,2.25
2013.09.24 02:44:05.420,0.94094,0.94101,1.13,2.25
2013.09.24 02:44:10.531,0.94094,0.94101,1.13,1.50
2013.09.24 02:44:11.580,0.94095,0.94102,1.50,1.50
2013.09.24 02:44:12.140,0.94093,0.94101,1.13,3.00
2013.09.24 02:44:12.861,0.94094,0.94101,1.13,1.50
2013.09.24 02:44:14.561,0.94094,0.94103,1.88,1.13
2013.09.24 02:44:14.681,0.94095,0.94103,1.50,1.50
2013.09.24 02:44:15.041,0.94098,0.94105,1.13,1.50
2013.09.24 02:44:16.510,0.94097,0.94105,1.13,1.50
2013.09.24 02:44:24.240,0.94098,0.94106,1.13,1.50
2013.09.24 02:44:24.480,0.94098,0.94106,1.88,2.25
2013.09.24 02:44:24.661,0.94103,0.9411,1.50,1.50
2013.09.24 02:44:25.658,0.94104,0.94111,1.13,1.50
2013.09.24 02:44:28.946,0.94101,0.94111,1.13,2.25
2013.09.24 02:44:29.699,0.94101,0.94111,1.88,2.25
2013.09.24 02:44:30.433,0.94101,0.94111,1.88,1.50
2013.09.24 02:44:36.101,0.94101,0.94111,1.13,1.50
2013.09.24 02:44:37.270,0.94101,0.94111,1.13,3.00
2013.09.24 02:44:50.047,0.94099,0.94109,1.13,3.00
2013.09.24 02:44:52.596,0.94099,0.94109,1.13,3.00
2013.09.24 02:44:54.170,0.941,0.94109,1.50,2.25
2013.09.24 02:44:54.711,0.941,0.94109,2.25,1.50
2013.09.24 02:44:55.252,0.941,0.94109,1.50,1.50
2013.09.24 02:44:55.830,0.941,0.94109,1.50,1.50
2013.09.24 02:44:56.011,0.941,0.94109,1.50,1.50
2013.09.24 02:44:56.551,0.94099,0.94109,1.13,3.00
2013.09.24 02:44:59.411,0.94099,0.94109,1.13,3.00
2013.09.24 02:45:00.172,0.94097,0.94106,1.13,4.13
2013.09.24 02:45:00.291,0.94095,0.94105,1.88,2.63
2013.09.24 02:45:05.111,0.94095,0.94105,1.13,4.13
2013.09.24 02:45:05.350,0.94093,0.94103,1.88,3.38
2013.09.24 02:45:12.550,0.94093,0.94103,1.13,3.38
2013.09.24 02:45:13.100,0.94092,0.94103,3.00,2.63
2013.09.24 02:45:30.692,0.94093,0.94103,1.88,1.88
2013.09.24 02:45:30.991,0.94095,0.94103,1.50,1.50
2013.09.24 02:45:31.900,0.94093,0.94103,1.88,1.50
2013.09.24 02:45:32.140,0.94093,0.94103,1.13,3.00
2013.09.24 02:45:32.700,0.94093,0.94103,1.88,1.88
2013.09.24 02:45:33.001,0.94094,0.94103,1.50,1.50
2013.09.24 02:45:40.610,0.94094,0.94103,1.50,1.50
2013.09.24 02:45:48.260,0.94096,0.94103,1.13,1.50
2013.09.24 02:46:00.702,0.94096,0.94104,1.88,1.50
2013.09.24 02:46:00.824,0.94097,0.94104,1.50,1.50
2013.09.24 02:46:01.381,0.94097,0.94104,2.25,1.50
2013.09.24 02:46:03.301,0.94097,0.94104,1.50,1.50
2013.09.24 02:46:24.461,0.94095,0.94104,1.13,2.25
2013.09.24 02:46:25.323,0.94095,0.94104,1.13,1.50
2013.09.24 02:46:25.680,0.94095,0.94105,1.13,1.50
2013.09.24 02:46:26.481,0.94095,0.94105,1.50,3.00
2013.09.24 02:46:27.520,0.94095,0.94105,1.13,2.25
2013.09.24 02:46:30.320,0.94097,0.94105,1.50,1.50
2013.09.24 02:46:30.860,0.94097,0.94105,1.50,1.50
2013.09.24 02:46:32.581,0.94095,0.94105,1.13,3.00
2013.09.24 02:46:34.550,0.94098,0.94106,1.88,2.25
2013.09.24 02:46:54.035,0.94098,0.94107,1.13,1.13
2013.09.24 02:46:54.151,0.94098,0.94107,1.13,1.13
2013.09.24 02:46:54.391,0.941,0.94107,1.50,1.13
2013.09.24 02:46:54.571,0.94101,0.94109,1.13,1.50
2013.09.24 02:46:54.750,0.94101,0.94109,1.50,1.50
2013.09.24 02:46:55.296,0.94102,0.94109,1.50,1.50
2013.09.24 02:47:04.610,0.94101,0.94109,1.50,1.50
2013.09.24 02:47:57.520,0.94101,0.94109,1.50,1.50
2013.09.24 02:48:04.850,0.94099,0.9411,2.25,2.25
2013.09.24 02:48:05.460,0.94099,0.9411,1.50,1.50
2013.09.24 02:48:07.120,0.94099,0.9411,2.25,2.25
2013.09.24 02:48:07.718,0.94099,0.9411,1.50,1.50
2013.09.24 02:48:09.961,0.941,0.94109,1.13,3.00
2013.09.24 02:48:10.021,0.94099,0.94109,1.88,3.00
2013.09.24 02:48:17.221,0.94098,0.94107,1.13,3.38
2013.09.24 02:48:17.521,0.94097,0.94106,1.13,4.88
2013.09.24 02:48:41.633,0.94097,0.94104,1.13,3.00
2013.09.24 02:48:41.752,0.94093,0.94103,2.25,3.00
2013.09.24 02:48:42.051,0.94094,0.94103,1.13,2.63
2013.09.24 02:48:42.171,0.94094,0.94103,1.13,2.63
2013.09.24 02:48:42.351,0.94095,0.94104,1.13,1.50
2013.09.24 02:48:52.064,0.94095,0.94104,1.88,1.50
2013.09.24 02:48:52.401,0.94095,0.94105,1.88,2.63
2013.09.24 02:48:54.374,0.94095,0.94105,1.88,2.63
2013.09.24 02:49:20.303,0.94095,0.94105,1.13,4.59
2013.09.24 02:49:20.691,0.94094,0.94105,1.13,5.63
2013.09.24 02:49:22.740,0.94094,0.94103,1.13,3.38
2013.09.24 02:49:24.361,0.94093,0.94103,1.88,3.38
2013.09.24 02:49:24.901,0.94094,0.94103,1.13,2.63
2013.09.24 02:49:25.516,0.94093,0.94103,1.88,2.63
2013.09.24 02:49:33.920,0.94094,0.94102,1.13,2.63
2013.09.24 02:49:34.221,0.94096,0.94102,1.50,1.13
2013.09.24 02:49:34.761,0.94093,0.94102,1.13,2.25
2013.09.24 02:49:36.833,0.94094,0.94102,1.13,1.50
2013.09.24 02:49:52.541,0.94095,0.94102,1.13,1.50
2013.09.24 02:49:52.901,0.94096,0.94105,1.13,2.25
2013.09.24 02:49:54.271,0.94098,0.94105,1.13,3.00
2013.09.24 02:49:57.074,0.94094,0.94105,1.88,2.25
2013.09.24 02:49:57.390,0.94097,0.94104,1.13,4.50
2013.09.24 02:50:00.331,0.94094,0.94103,1.13,4.51
2013.09.24 02:50:00.963,0.94094,0.94102,1.13,2.63
2013.09.24 02:50:01.264,0.94096,0.94103,1.88,1.50
2013.09.24 02:50:01.501,0.94097,0.94104,1.13,2.25
2013.09.24 02:50:02.041,0.94097,0.94104,1.13,3.00
2013.09.24 02:50:02.161,0.94097,0.94104,1.13,2.25
2013.09.24 02:50:02.884,0.94097,0.94104,1.13,3.00
2013.09.24 02:50:03.621,0.94097,0.94104,1.13,2.25
2013.09.24 02:50:05.801,0.94098,0.94104,1.13,1.50
2013.09.24 02:50:06.341,0.94098,0.94104,1.13,2.25
2013.09.24 02:50:06.942,0.94097,0.94104,1.13,1.50
2013.09.24 02:50:07.511,0.94097,0.94104,1.13,2.25
2013.09.24 02:50:08.671,0.94097,0.94104,1.13,3.00
2013.09.24 02:50:09.092,0.94094,0.94103,1.13,4.13
2013.09.24 02:50:09.391,0.94094,0.94103,1.13,1.88
2013.09.24 02:50:11.183,0.94094,0.94103,1.13,2.63
2013.09.24 02:50:11.773,0.94094,0.94103,1.13,1.88
2013.09.24 02:50:12.881,0.94093,0.94103,1.13,1.88
2013.09.24 02:50:12.941,0.94096,0.94103,1.13,1.13
2013.09.24 02:50:13.061,0.94096,0.94103,1.50,1.13
2013.09.24 02:50:13.240,0.94097,0.94105,1.13,1.04
2013.09.24 02:50:13.751,0.94097,0.94106,1.13,2.63
2013.09.24 02:50:18.661,0.94097,0.94106,1.13,2.63
2013.09.24 02:50:24.641,0.94094,0.94106,1.88,5.02
2013.09.24 02:50:25.001,0.94093,0.94102,1.50,3.38
2013.09.24 02:50:25.121,0.94093,0.941,1.13,3.00
2013.09.24 02:50:25.689,0.94093,0.941,1.13,2.25
2013.09.24 02:50:28.901,0.94093,0.94101,1.88,2.63
2013.09.24 02:50:28.961,0.94094,0.94101,2.25,1.13
2013.09.24 02:50:29.322,0.94097,0.94104,1.50,2.25
2013.09.24 02:50:29.501,0.94097,0.94104,1.88,1.50
2013.09.24 02:50:29.621,0.94099,0.94106,1.13,2.25
2013.09.24 02:51:02.633,0.94097,0.94106,1.88,2.63
2013.09.24 02:51:03.449,0.94097,0.94105,1.13,3.00
2013.09.24 02:51:05.071,0.94099,0.94106,1.13,2.25
2013.09.24 02:51:05.611,0.94098,0.94106,1.13,2.63
2013.09.24 02:51:07.721,0.94097,0.94106,1.13,3.38
2013.09.24 02:51:08.026,0.94096,0.94105,1.13,3.38
2013.09.24 02:51:08.946,0.94094,0.94105,1.13,3.38
2013.09.24 02:51:09.771,0.94094,0.94104,1.13,3.38
2013.09.24 02:51:16.291,0.94094,0.94104,1.13,3.00
2013.09.24 02:51:18.172,0.94094,0.94104,1.13,3.00
2013.09.24 02:51:30.342,0.94094,0.94104,1.13,3.76
2013.09.24 02:51:30.401,0.94093,0.94103,1.88,3.01
2013.09.24 02:51:31.196,0.94094,0.94102,1.13,2.63
2013.09.24 02:51:31.711,0.94092,0.94101,1.13,3.38
2013.09.24 02:51:32.242,0.94091,0.94101,1.88,2.63
2013.09.24 02:51:35.972,0.94093,0.94101,1.13,4.13
2013.09.24 02:52:06.432,0.94094,0.94103,1.50,1.88
2013.09.24 02:52:06.792,0.94097,0.94105,1.50,1.13
2013.09.24 02:52:07.151,0.94098,0.94106,1.50,1.13
2013.09.24 02:52:19.552,0.94099,0.94107,2.63,1.13
2013.09.24 02:52:20.311,0.94102,0.94109,1.13,1.50
2013.09.24 02:52:21.761,0.94101,0.94109,1.13,1.88
2013.09.24 02:52:22.063,0.94107,0.94113,1.13,1.50
2013.09.24 02:52:22.302,0.94105,0.94113,1.50,1.88
2013.09.24 02:52:22.841,0.94106,0.94114,1.50,1.13
2013.09.24 02:52:23.022,0.94107,0.94116,1.13,1.50
2013.09.24 02:52:24.051,0.94108,0.94116,1.13,3.75
2013.09.24 02:52:24.291,0.94105,0.94116,3.00,3.01
2013.09.24 02:52:24.471,0.94102,0.94111,2.25,2.63
2013.09.24 02:52:24.531,0.94102,0.94111,1.50,2.63
2013.09.24 02:52:25.082,0.94101,0.94111,1.50,3.38
2013.09.24 02:52:25.201,0.941,0.9411,1.88,2.63
2013.09.24 02:52:25.731,0.94098,0.94108,1.50,3.01
2013.09.24 02:52:26.391,0.941,0.94108,1.13,1.50
2013.09.24 02:52:27.112,0.94103,0.94109,1.13,1.50
2013.09.24 02:52:27.291,0.94107,0.94115,1.13,3.00
2013.09.24 02:52:27.351,0.94107,0.94115,1.13,2.25
2013.09.24 02:52:28.251,0.94107,0.94115,2.63,1.50
2013.09.24 02:52:28.551,0.94105,0.94114,1.50,3.76
2013.09.24 02:52:28.611,0.94101,0.94112,2.25,3.38
2013.09.24 02:52:29.511,0.94101,0.94111,1.50,2.63
2013.09.24 02:52:30.303,0.94101,0.94111,1.50,2.63
2013.09.24 02:52:58.721,0.94101,0.94111,3.00,1.88
2013.09.24 02:52:59.261,0.94101,0.94111,3.00,1.88
2013.09.24 02:53:23.641,0.94101,0.94111,1.50,3.38
2013.09.24 02:53:59.159,0.94099,0.9411,1.50,2.63
2013.09.24 02:54:00.001,0.94099,0.9411,1.50,2.63
2013.09.24 02:54:03.941,0.941,0.9411,1.50,1.13
2013.09.24 02:54:04.831,0.94099,0.9411,2.25,1.88
2013.09.24 02:54:07.401,0.941,0.9411,2.25,1.88
2013.09.24 02:54:07.581,0.94101,0.9411,2.25,2.25
2013.09.24 02:54:08.131,0.94103,0.9411,1.50,1.50
2013.09.24 02:54:08.432,0.94103,0.94112,1.88,1.50
2013.09.24 02:54:08.492,0.94104,0.94113,2.25,1.88
2013.09.24 02:54:09.031,0.94106,0.94113,1.50,1.50
2013.09.24 02:54:22.891,0.94105,0.94113,1.50,1.50
2013.09.24 02:54:25.041,0.94103,0.94113,1.50,2.63
2013.09.24 02:54:30.452,0.94102,0.94113,1.50,4.13
2013.09.24 02:54:31.121,0.94102,0.94112,1.50,2.63
2013.09.24 02:54:32.862,0.94102,0.94112,1.50,2.63
2013.09.24 02:54:35.795,0.94102,0.94112,1.50,2.63
2013.09.24 02:54:48.471,0.94101,0.94112,1.88,2.63
2013.09.24 02:54:49.131,0.94101,0.94112,1.88,4.88
2013.09.24 02:54:53.442,0.94101,0.94112,1.88,4.88
2013.09.24 02:54:54.110,0.94101,0.94112,1.88,4.88
2013.09.24 02:54:57.322,0.94101,0.94112,2.63,3.38
2013.09.24 02:55:08.791,0.94103,0.94113,1.50,2.63
2013.09.24 02:55:08.971,0.94103,0.94113,1.50,2.63
2013.09.24 02:55:09.451,0.94106,0.94114,1.13,1.13
2013.09.24 02:55:09.872,0.94108,0.94116,1.50,1.88
2013.09.24 02:55:10.543,0.94107,0.94116,2.25,1.88
2013.09.24 02:55:18.981,0.94108,0.94116,1.88,1.88
2013.09.24 02:55:25.491,0.94109,0.94116,1.13,1.50
2013.09.24 02:55:31.541,0.94108,0.94116,1.50,1.88
2013.09.24 02:55:36.591,0.94108,0.94116,1.50,1.88
2013.09.24 02:55:37.921,0.94108,0.94116,2.25,1.88
2013.09.24 02:55:39.200,0.94108,0.94116,1.88,1.50
2013.09.24 02:56:04.455,0.94108,0.94117,2.63,1.50
2013.09.24 02:56:09.710,0.94108,0.94118,2.63,1.50
2013.09.24 02:56:30.111,0.94109,0.94118,3.00,1.13
2013.09.24 02:56:30.672,0.9411,0.94118,2.63,1.50
2013.09.24 02:56:31.181,0.9411,0.9412,3.38,1.13
2013.09.24 02:56:37.388,0.9411,0.9412,1.13,3.38
2013.09.24 02:56:43.271,0.9411,0.9412,1.13,3.38
2013.09.24 02:57:43.273,0.9411,0.9412,1.13,1.13
2013.09.24 02:58:13.821,0.94109,0.94119,1.13,2.26
2013.09.24 02:58:14.732,0.9411,0.94119,1.13,3.01
2013.09.24 02:58:17.911,0.94108,0.94118,3.38,3.01
2013.09.24 02:58:18.211,0.94108,0.94118,1.88,3.01
2013.09.24 02:58:19.852,0.94107,0.94118,1.50,3.01
2013.09.24 02:58:48.101,0.94108,0.94117,1.50,2.63
2013.09.24 02:58:51.302,0.94108,0.94117,1.88,1.88
2013.09.24 02:59:00.092,0.94109,0.94117,1.50,2.63
2013.09.24 02:59:00.611,0.9411,0.94117,1.50,1.13
2013.09.24 02:59:13.102,0.9411,0.94117,1.50,1.88
2013.09.24 02:59:22.831,0.94108,0.94117,1.50,1.88
2013.09.24 02:59:32.731,0.94107,0.94117,3.00,1.13
2013.09.24 02:59:37.132,0.94108,0.94117,2.25,1.13
2013.09.24 02:59:39.109,0.94107,0.94117,3.00,1.13
2013.09.24 02:59:39.663,0.94112,0.94118,1.50,1.88
2013.09.24 02:59:40.592,0.94111,0.94118,1.50,1.88
2013.09.24 02:59:50.571,0.9411,0.94118,1.50,1.13
2013.09.24 02:59:52.612,0.94108,0.94118,2.25,2.26
2013.09.24 02:59:53.153,0.94106,0.94117,2.63,3.76
2013.09.24 02:59:55.064,0.94107,0.94117,1.50,3.01
