2017.11.03 13:00:00.297,0.76773,0.76783,4.57,2.62
2017.11.03 13:00:00.607,0.76768,0.76775,2.51,1.12
2017.11.03 13:00:00.798,0.76768,0.76776,1.00,3.35
2017.11.03 13:00:01.055,0.7677,0.76777,1.50,1.50
2017.11.03 13:00:01.365,0.76772,0.7678,1.00,1.12
2017.11.03 13:00:01.710,0.76773,0.76782,1.00,3.82
2017.11.03 13:00:02.680,0.76773,0.76782,1.12,3.07
2017.11.03 13:00:03.128,0.76773,0.76783,1.37,1.00
2017.11.03 13:00:03.554,0.76772,0.76783,3.64,1.00
2017.11.03 13:00:03.727,0.76774,0.76783,1.10,1.87
2017.11.03 13:00:03.932,0.76769,0.76778,1.39,2.25
2017.11.03 13:00:04.192,0.76772,0.7678,1.50,1.20
2017.11.03 13:00:04.702,0.76771,0.76778,1.37,1.00
2017.11.03 13:00:04.754,0.7677,0.76777,1.10,1.00
2017.11.03 13:00:04.857,0.7677,0.76775,1.00,1.00
2017.11.03 13:00:05.078,0.76764,0.76772,1.57,2.25
2017.11.03 13:00:06.086,0.76763,0.76771,1.50,1.87
2017.11.03 13:00:06.292,0.7676,0.76769,1.76,1.87
2017.11.03 13:00:06.593,0.76755,0.76764,1.01,1.00
2017.11.03 13:00:06.645,0.76754,0.76762,1.76,1.00
2017.11.03 13:00:07.154,0.76754,0.76763,2.89,1.00
2017.11.03 13:00:07.631,0.76752,0.76762,1.37,3.37
2017.11.03 13:00:08.152,0.76751,0.76761,2.70,1.12
2017.11.03 13:00:08.689,0.76751,0.7676,2.70,1.00
2017.11.03 13:00:10.171,0.76753,0.76761,1.00,1.50
2017.11.03 13:00:10.798,0.76753,0.7676,1.00,1.00
2017.11.03 13:00:11.150,0.76754,0.76762,1.00,2.25
2017.11.03 13:00:11.976,0.76754,0.76761,1.00,1.00
2017.11.03 13:00:12.506,0.76754,0.76762,1.00,4.50
2017.11.03 13:00:13.019,0.76754,0.76761,1.00,1.00
2017.11.03 13:00:13.497,0.76751,0.76761,5.33,2.25
2017.11.03 13:00:14.054,0.76752,0.76761,1.00,3.37
2017.11.03 13:00:15.188,0.76752,0.76761,1.00,3.56
2017.11.03 13:00:15.731,0.76752,0.76761,1.10,3.00
2017.11.03 13:00:21.146,0.76751,0.76761,4.20,1.87
2017.11.03 13:00:21.681,0.76751,0.7676,3.26,1.00
2017.11.03 13:00:22.193,0.76751,0.7676,3.07,1.12
2017.11.03 13:00:22.716,0.76751,0.76761,3.07,1.50
2017.11.03 13:00:23.258,0.76753,0.76761,1.20,1.87
2017.11.03 13:00:23.772,0.76753,0.76762,1.95,1.12
2017.11.03 13:00:24.281,0.76753,0.76761,1.50,1.00
2017.11.03 13:00:24.832,0.76752,0.76761,3.07,1.00
2017.11.03 13:00:25.507,0.76754,0.76761,1.25,1.12
2017.11.03 13:00:26.188,0.76754,0.76763,1.31,3.45
2017.11.03 13:00:26.699,0.76755,0.76764,1.10,2.44
2017.11.03 13:00:28.383,0.76754,0.76764,4.39,4.31
2017.11.03 13:00:29.326,0.76754,0.76763,2.25,1.87
2017.11.03 13:00:29.548,0.76753,0.76762,1.20,1.00
2017.11.03 13:00:29.855,0.76752,0.7676,1.12,1.00
2017.11.03 13:00:30.373,0.7675,0.76759,5.06,1.12
2017.11.03 13:00:30.425,0.7675,0.7676,1.87,3.94
2017.11.03 13:00:31.055,0.76749,0.76756,1.10,1.12
2017.11.03 13:00:31.106,0.76745,0.76756,3.08,7.20
2017.11.03 13:00:31.668,0.76745,0.76754,2.32,1.00
2017.11.03 13:00:32.214,0.76746,0.76756,1.00,2.70
2017.11.03 13:00:32.316,0.76747,0.76756,4.50,1.12
2017.11.03 13:00:33.564,0.76748,0.76756,3.37,1.00
2017.11.03 13:00:33.620,0.76748,0.76758,1.87,5.51
2017.11.03 13:00:33.876,0.76748,0.76756,1.31,1.12
2017.11.03 13:00:34.385,0.76747,0.76757,3.56,3.00
2017.11.03 13:00:34.735,0.76746,0.76756,1.39,2.14
2017.11.03 13:00:36.567,0.76745,0.76756,5.44,2.51
2017.11.03 13:00:36.619,0.76744,0.76754,3.19,1.00
2017.11.03 13:00:37.131,0.76744,0.76754,1.00,4.57
2017.11.03 13:00:37.410,0.76743,0.76754,4.76,5.81
2017.11.03 13:00:37.567,0.76742,0.76752,2.14,1.25
2017.11.03 13:00:37.619,0.76742,0.76749,1.69,1.12
2017.11.03 13:00:37.972,0.76736,0.76744,2.14,1.00
2017.11.03 13:00:38.177,0.76735,0.76744,1.57,1.00
2017.11.03 13:00:38.434,0.76736,0.76745,3.45,1.25
2017.11.03 13:00:38.913,0.76735,0.76744,1.12,1.00
2017.11.03 13:00:39.460,0.76735,0.76742,1.00,1.00
2017.11.03 13:00:39.711,0.76729,0.76737,1.00,1.25
2017.11.03 13:00:39.762,0.76731,0.76738,1.00,1.25
2017.11.03 13:00:39.918,0.76729,0.76738,1.00,1.69
2017.11.03 13:00:40.073,0.76731,0.7674,3.00,1.95
2017.11.03 13:00:40.591,0.76732,0.76739,1.00,1.00
2017.11.03 13:00:40.745,0.76728,0.76737,1.10,2.62
2017.11.03 13:00:40.849,0.76728,0.76736,1.20,3.94
2017.11.03 13:00:40.901,0.76726,0.76736,1.12,5.63
2017.11.03 13:00:41.215,0.76724,0.76732,1.00,1.50
2017.11.03 13:00:41.763,0.76723,0.76732,1.12,1.50
2017.11.03 13:00:42.572,0.76722,0.7673,1.50,1.00
2017.11.03 13:00:43.486,0.76723,0.7673,1.37,1.00
2017.11.03 13:00:45.620,0.76721,0.7673,2.51,1.00
2017.11.03 13:00:46.132,0.76722,0.7673,1.37,1.00
2017.11.03 13:00:46.670,0.76722,0.7673,1.12,1.00
2017.11.03 13:00:47.249,0.76721,0.7673,1.69,1.00
2017.11.03 13:00:47.302,0.7672,0.76725,1.50,1.00
2017.11.03 13:00:47.609,0.76718,0.76722,1.50,1.00
2017.11.03 13:00:48.132,0.76718,0.76723,2.50,1.20
2017.11.03 13:00:48.543,0.76719,0.76723,2.25,1.00
2017.11.03 13:00:49.050,0.76719,0.76722,1.50,1.00
2017.11.03 13:00:49.511,0.76721,0.76725,2.25,1.00
2017.11.03 13:00:49.562,0.76721,0.76729,2.44,1.12
2017.11.03 13:00:49.833,0.76721,0.76731,3.00,1.10
2017.11.03 13:00:50.241,0.7672,0.76725,7.87,1.37
2017.11.03 13:00:50.293,0.76721,0.76731,1.50,1.20
2017.11.03 13:00:50.822,0.76721,0.7673,1.50,1.00
2017.11.03 13:00:51.765,0.76722,0.76731,1.00,1.57
2017.11.03 13:00:53.230,0.76723,0.76731,1.87,1.00
2017.11.03 13:00:53.738,0.76722,0.76731,2.25,1.00
2017.11.03 13:00:55.591,0.76722,0.76731,1.12,3.23
2017.11.03 13:00:56.098,0.76721,0.76732,1.85,3.04
2017.11.03 13:00:57.745,0.76722,0.76732,1.37,2.66
2017.11.03 13:00:58.774,0.76722,0.76731,1.63,1.00
2017.11.03 13:00:59.532,0.76722,0.76732,4.31,4.12
2017.11.03 13:01:00.060,0.76725,0.76733,1.00,3.64
2017.11.03 13:01:00.368,0.76726,0.76735,1.50,1.00
2017.11.03 13:01:01.694,0.76727,0.76737,1.69,5.33
2017.11.03 13:01:01.799,0.7673,0.76739,1.00,1.50
2017.11.03 13:01:01.852,0.76733,0.7674,1.00,1.55
2017.11.03 13:01:02.060,0.76734,0.76742,1.00,2.30
2017.11.03 13:01:02.472,0.76734,0.76739,1.00,1.50
2017.11.03 13:01:02.524,0.76728,0.76737,3.45,2.62
2017.11.03 13:01:02.577,0.76728,0.76737,1.95,3.00
2017.11.03 13:01:03.106,0.76727,0.76735,1.00,1.25
2017.11.03 13:01:03.157,0.76725,0.76735,1.20,4.76
2017.11.03 13:01:03.666,0.76725,0.76733,1.12,1.50
2017.11.03 13:01:04.192,0.76728,0.76734,1.00,1.00
2017.11.03 13:01:04.244,0.76731,0.76738,1.00,1.00
2017.11.03 13:01:04.347,0.76733,0.76741,1.00,1.76
2017.11.03 13:01:04.846,0.76734,0.76744,1.00,4.81
2017.11.03 13:01:05.001,0.76736,0.76745,1.00,2.32
2017.11.03 13:01:05.522,0.76737,0.76746,1.00,3.88
2017.11.03 13:01:06.197,0.76737,0.76746,1.00,5.38
2017.11.03 13:01:06.786,0.76737,0.76746,1.00,8.75
2017.11.03 13:01:06.940,0.76735,0.76746,1.00,6.50
2017.11.03 13:01:07.482,0.76735,0.76744,1.50,2.25
2017.11.03 13:01:07.988,0.76734,0.76744,2.70,2.70
2017.11.03 13:01:08.521,0.76733,0.76744,1.01,2.38
2017.11.03 13:01:09.239,0.76733,0.76743,1.25,1.07
2017.11.03 13:01:11.080,0.76733,0.76742,2.25,1.47
2017.11.03 13:01:11.433,0.76726,0.76736,1.39,3.37
2017.11.03 13:01:11.486,0.7673,0.76735,1.25,1.00
2017.11.03 13:01:11.593,0.76731,0.76739,1.87,1.50
2017.11.03 13:01:12.115,0.76732,0.76741,1.00,1.57
2017.11.03 13:01:13.000,0.76732,0.7674,1.00,1.37
2017.11.03 13:01:13.054,0.76729,0.76738,1.95,1.87
2017.11.03 13:01:13.106,0.76727,0.76736,1.00,1.87
2017.11.03 13:01:13.619,0.76725,0.76735,1.50,1.01
2017.11.03 13:01:13.830,0.76724,0.76735,4.31,1.39
2017.11.03 13:01:14.352,0.76724,0.76734,3.19,1.20
2017.11.03 13:01:14.909,0.76724,0.76734,3.94,1.00
2017.11.03 13:01:15.426,0.76725,0.76735,1.87,3.64
2017.11.03 13:01:15.953,0.76725,0.76735,1.87,4.01
2017.11.03 13:01:16.534,0.76724,0.76735,1.87,5.44
2017.11.03 13:01:17.189,0.76724,0.76733,1.69,1.00
2017.11.03 13:01:17.745,0.76724,0.76734,1.69,2.32
2017.11.03 13:01:18.203,0.76724,0.76732,1.25,1.00
2017.11.03 13:01:19.478,0.76724,0.7673,1.00,1.00
2017.11.03 13:01:19.530,0.76722,0.7673,2.25,1.00
2017.11.03 13:01:20.042,0.76721,0.76729,1.62,1.00
2017.11.03 13:01:20.516,0.76719,0.76726,1.20,1.50
2017.11.03 13:01:20.567,0.76717,0.76726,1.69,1.37
2017.11.03 13:01:21.114,0.76716,0.76725,1.12,1.00
2017.11.03 13:01:21.413,0.76716,0.76725,2.62,1.00
2017.11.03 13:01:21.465,0.76718,0.76729,6.37,2.32
2017.11.03 13:01:21.516,0.76721,0.76729,1.13,1.20
2017.11.03 13:01:21.825,0.76721,0.76731,1.31,3.82
2017.11.03 13:01:22.594,0.76721,0.7673,1.20,1.00
2017.11.03 13:01:23.056,0.7672,0.7673,1.58,2.32
2017.11.03 13:01:23.480,0.76721,0.7673,1.31,1.10
2017.11.03 13:01:23.989,0.76721,0.76731,1.76,1.50
2017.11.03 13:01:25.524,0.76726,0.76731,1.00,1.00
2017.11.03 13:01:25.830,0.76729,0.76734,1.00,1.57
2017.11.03 13:01:26.116,0.76737,0.76745,1.00,6.82
2017.11.03 13:01:26.167,0.76739,0.76745,1.00,2.32
2017.11.03 13:01:26.678,0.76739,0.76746,1.00,3.07
2017.11.03 13:01:27.997,0.76744,0.76748,1.00,2.62
2017.11.03 13:01:28.048,0.76739,0.76747,1.50,1.12
2017.11.03 13:01:28.563,0.7674,0.76746,1.00,1.12
2017.11.03 13:01:29.385,0.7674,0.76746,1.00,2.25
2017.11.03 13:01:30.228,0.7674,0.76746,1.00,1.31
2017.11.03 13:01:30.432,0.76739,0.76743,1.50,1.00
2017.11.03 13:01:30.946,0.7674,0.76744,1.00,1.00
2017.11.03 13:01:31.624,0.76737,0.76741,1.00,1.00
2017.11.03 13:01:32.170,0.76736,0.76741,1.00,1.00
2017.11.03 13:01:32.890,0.76736,0.76743,1.00,1.25
2017.11.03 13:01:33.348,0.76739,0.76743,1.00,1.25
2017.11.03 13:01:33.502,0.76739,0.76745,1.00,2.44
2017.11.03 13:01:35.308,0.7674,0.76747,1.00,1.87
2017.11.03 13:01:35.831,0.7674,0.76748,1.87,1.00
2017.11.03 13:01:35.987,0.76739,0.76747,1.00,1.44
2017.11.03 13:01:36.350,0.76737,0.76745,1.12,1.25
2017.11.03 13:01:36.401,0.7674,0.76744,1.00,1.12
2017.11.03 13:01:36.504,0.7674,0.76746,1.00,2.63
2017.11.03 13:01:37.342,0.76739,0.76746,1.50,3.56
2017.11.03 13:01:37.845,0.76739,0.76746,1.50,4.69
2017.11.03 13:01:38.355,0.76739,0.76744,1.50,1.00
2017.11.03 13:01:38.739,0.76739,0.76746,1.00,4.31
2017.11.03 13:01:39.687,0.76741,0.76746,1.00,4.31
2017.11.03 13:01:40.301,0.76741,0.76747,1.00,1.50
2017.11.03 13:01:41.426,0.76741,0.76746,1.00,1.12
2017.11.03 13:01:41.973,0.76741,0.76747,1.00,3.56
2017.11.03 13:01:42.515,0.76741,0.76746,1.00,1.00
2017.11.03 13:01:43.746,0.76741,0.76747,1.00,1.00
2017.11.03 13:01:44.343,0.7674,0.76748,1.00,2.81
2017.11.03 13:01:44.650,0.76746,0.76752,1.50,3.37
2017.11.03 13:01:44.957,0.7675,0.76756,1.00,2.81
2017.11.03 13:01:45.636,0.7675,0.76756,1.00,1.25
2017.11.03 13:01:46.213,0.76751,0.76756,1.00,1.00
2017.11.03 13:01:46.499,0.76747,0.76756,1.00,4.69
2017.11.03 13:01:47.024,0.76747,0.76755,1.00,1.00
2017.11.03 13:01:47.784,0.76747,0.76755,4.57,1.00
2017.11.03 13:01:48.368,0.76748,0.76756,1.95,2.63
2017.11.03 13:01:48.892,0.76749,0.76755,1.20,1.00
2017.11.03 13:01:50.864,0.76748,0.76755,1.47,1.44
2017.11.03 13:01:51.018,0.76744,0.7675,1.57,1.12
2017.11.03 13:01:51.437,0.76741,0.76749,2.70,3.37
2017.11.03 13:01:51.947,0.76741,0.76748,1.20,1.50
2017.11.03 13:01:52.253,0.76739,0.76747,1.20,1.69
2017.11.03 13:01:52.756,0.7674,0.76747,1.20,1.00
2017.11.03 13:01:53.012,0.76743,0.76749,1.10,2.44
2017.11.03 13:01:53.063,0.76743,0.7675,1.95,1.00
2017.11.03 13:01:53.217,0.76743,0.76752,2.32,7.50
2017.11.03 13:01:53.535,0.76745,0.76749,1.10,1.12
2017.11.03 13:01:53.649,0.76741,0.76749,5.51,2.06
2017.11.03 13:01:53.701,0.76743,0.7675,1.00,1.50
2017.11.03 13:01:53.752,0.76745,0.76751,1.20,5.06
2017.11.03 13:01:54.308,0.76744,0.76751,1.95,1.50
2017.11.03 13:01:54.847,0.76745,0.76752,1.10,1.69
2017.11.03 13:01:55.669,0.76745,0.76752,1.20,1.00
2017.11.03 13:01:56.179,0.76747,0.76754,1.00,1.81
2017.11.03 13:01:59.962,0.76748,0.76755,1.10,3.19
2017.11.03 13:02:00.994,0.76747,0.76756,2.25,3.00
2017.11.03 13:02:01.539,0.76749,0.76756,2.32,1.12
2017.11.03 13:02:01.642,0.76749,0.76753,1.20,1.50
2017.11.03 13:02:01.744,0.76747,0.76753,2.25,1.50
2017.11.03 13:02:02.274,0.76746,0.76752,1.20,1.00
2017.11.03 13:02:02.802,0.76745,0.76752,1.10,1.00
2017.11.03 13:02:03.167,0.76747,0.76754,1.10,2.62
2017.11.03 13:02:03.218,0.76747,0.76755,1.10,2.06
2017.11.03 13:02:03.728,0.76749,0.76756,1.95,2.06
2017.11.03 13:02:05.292,0.76749,0.76756,1.20,4.31
2017.11.03 13:02:07.233,0.76748,0.76755,1.20,1.00
2017.11.03 13:02:07.736,0.76748,0.76756,1.20,1.50
2017.11.03 13:02:08.434,0.76748,0.76756,1.20,3.19
2017.11.03 13:02:08.945,0.76748,0.76756,1.20,1.12
2017.11.03 13:02:09.715,0.76747,0.76756,3.82,1.12
2017.11.03 13:02:10.253,0.76747,0.76756,3.45,1.50
2017.11.03 13:02:11.989,0.76747,0.76753,2.32,1.00
2017.11.03 13:02:12.194,0.76744,0.76751,1.20,1.12
2017.11.03 13:02:12.748,0.76745,0.76754,1.57,4.50
2017.11.03 13:02:13.268,0.76746,0.76755,1.95,5.06
2017.11.03 13:02:15.206,0.76746,0.76756,2.70,6.56
2017.11.03 13:02:15.739,0.76748,0.76756,1.00,7.69
2017.11.03 13:02:16.393,0.76748,0.76756,1.00,3.37
2017.11.03 13:02:16.929,0.76748,0.76756,1.95,1.12
2017.11.03 13:02:17.473,0.76748,0.76756,1.95,1.50
2017.11.03 13:02:18.015,0.76748,0.76756,1.95,3.00
2017.11.03 13:02:18.861,0.76749,0.76757,1.10,5.63
2017.11.03 13:02:19.406,0.76748,0.76757,1.00,1.57
2017.11.03 13:02:20.387,0.76748,0.76755,1.00,1.00
2017.11.03 13:02:20.541,0.76746,0.76755,3.75,1.37
2017.11.03 13:02:21.494,0.76746,0.76755,1.50,1.12
2017.11.03 13:02:22.043,0.76746,0.76754,1.87,1.57
2017.11.03 13:02:23.856,0.76745,0.76753,1.12,2.06
2017.11.03 13:02:24.087,0.76744,0.76751,1.00,1.20
2017.11.03 13:02:24.444,0.76741,0.76749,2.25,4.88
2017.11.03 13:02:24.497,0.76738,0.76748,1.00,12.26
2017.11.03 13:02:25.019,0.76739,0.76745,1.00,1.10
2017.11.03 13:02:26.658,0.76737,0.76745,1.12,1.20
2017.11.03 13:02:27.182,0.76738,0.76747,2.25,3.07
2017.11.03 13:02:27.692,0.76737,0.76746,1.69,1.20
2017.11.03 13:02:28.285,0.76737,0.76747,2.14,9.75
2017.11.03 13:02:28.786,0.76737,0.76747,2.14,5.63
2017.11.03 13:02:29.386,0.76737,0.76747,1.20,5.25
2017.11.03 13:02:29.438,0.76737,0.76747,1.45,6.75
2017.11.03 13:02:29.782,0.76743,0.76752,1.00,4.39
2017.11.03 13:02:30.291,0.76743,0.76752,1.20,3.37
2017.11.03 13:02:30.881,0.76743,0.76752,1.20,3.37
2017.11.03 13:02:32.547,0.76741,0.76749,2.32,3.75
2017.11.03 13:02:32.650,0.76739,0.76748,2.51,4.12
2017.11.03 13:02:32.701,0.76739,0.76747,1.07,4.88
2017.11.03 13:02:32.753,0.76736,0.76744,1.57,2.62
2017.11.03 13:02:33.297,0.76735,0.76744,2.70,1.13
2017.11.03 13:02:33.502,0.76735,0.76744,1.87,2.33
2017.11.03 13:02:34.113,0.76735,0.76744,1.50,1.58
2017.11.03 13:02:34.419,0.76734,0.76742,1.00,2.25
2017.11.03 13:02:34.929,0.76733,0.76742,1.00,7.39
2017.11.03 13:02:35.478,0.76733,0.76741,1.00,1.44
2017.11.03 13:02:35.990,0.76733,0.76741,1.00,1.25
2017.11.03 13:02:36.523,0.76733,0.76742,1.00,6.64
2017.11.03 13:02:37.019,0.76733,0.76741,1.00,1.62
2017.11.03 13:02:37.569,0.76732,0.7674,1.12,1.76
2017.11.03 13:02:40.785,0.76732,0.76739,1.00,1.10
2017.11.03 13:02:41.070,0.7673,0.76739,4.50,1.00
2017.11.03 13:02:41.592,0.76731,0.7674,1.00,1.20
2017.11.03 13:02:42.107,0.76732,0.76742,1.00,1.57
2017.11.03 13:02:42.615,0.76731,0.76742,1.50,1.45
2017.11.03 13:02:43.734,0.76731,0.76743,2.62,7.57
2017.11.03 13:02:44.361,0.76732,0.76742,1.12,1.10
2017.11.03 13:02:44.943,0.76733,0.76742,1.00,1.95
2017.11.03 13:02:46.561,0.76733,0.76743,1.50,2.14
2017.11.03 13:02:47.103,0.76733,0.76743,1.87,2.14
2017.11.03 13:02:47.622,0.76733,0.76743,2.32,1.20
2017.11.03 13:02:47.878,0.76736,0.76744,1.00,4.31
2017.11.03 13:02:48.385,0.76736,0.76745,1.00,3.37
2017.11.03 13:02:48.894,0.76736,0.76745,1.37,1.31
2017.11.03 13:02:49.552,0.76736,0.76745,1.50,1.87
2017.11.03 13:02:50.472,0.76737,0.76745,1.12,1.10
2017.11.03 13:02:50.783,0.76742,0.76748,2.25,1.00
2017.11.03 13:02:50.886,0.76743,0.76751,1.50,1.50
2017.11.03 13:02:51.398,0.76743,0.76752,1.00,1.76
2017.11.03 13:02:51.914,0.76743,0.76752,1.00,2.51
2017.11.03 13:02:52.535,0.76743,0.76752,1.50,2.89
2017.11.03 13:02:53.071,0.76743,0.76752,1.50,4.01
2017.11.03 13:02:53.376,0.7674,0.76747,1.10,1.50
2017.11.03 13:02:53.616,0.76737,0.76746,1.00,2.81
2017.11.03 13:02:54.175,0.76737,0.76746,1.12,2.89
2017.11.03 13:02:55.064,0.76737,0.76746,1.12,3.26
2017.11.03 13:02:57.340,0.76737,0.76746,1.12,3.45
2017.11.03 13:02:57.848,0.76737,0.76746,1.12,2.81
2017.11.03 13:02:58.407,0.76737,0.76746,1.50,2.63
2017.11.03 13:02:59.161,0.76737,0.76746,1.50,2.81
2017.11.03 13:02:59.669,0.76737,0.76746,1.50,2.44
2017.11.03 13:03:00.127,0.76737,0.76746,3.37,2.44
2017.11.03 13:03:00.562,0.76737,0.76746,1.87,3.19
2017.11.03 13:03:01.215,0.76738,0.76746,1.00,2.44
2017.11.03 13:03:01.936,0.76737,0.76746,4.87,2.81
2017.11.03 13:03:03.114,0.76737,0.76745,2.25,1.88
2017.11.03 13:03:03.731,0.76738,0.76745,1.12,1.69
2017.11.03 13:03:06.585,0.76737,0.76745,1.12,1.88
2017.11.03 13:03:07.114,0.76737,0.76745,1.37,2.44
2017.11.03 13:03:07.981,0.76737,0.76745,1.12,3.00
2017.11.03 13:03:10.394,0.7674,0.76746,1.12,1.00
2017.11.03 13:03:10.497,0.76743,0.76752,2.62,4.39
2017.11.03 13:03:11.009,0.76744,0.76752,1.00,1.50
2017.11.03 13:03:11.525,0.76744,0.76752,1.00,1.95
2017.11.03 13:03:12.926,0.76744,0.76748,1.00,1.50
2017.11.03 13:03:12.978,0.76739,0.76748,2.25,4.12
2017.11.03 13:03:13.139,0.76738,0.76747,1.00,4.12
2017.11.03 13:03:13.681,0.76737,0.76746,1.50,2.70
2017.11.03 13:03:14.951,0.76737,0.76746,1.50,3.45
2017.11.03 13:03:15.155,0.7674,0.76747,1.00,2.89
2017.11.03 13:03:15.469,0.76742,0.76751,2.62,4.57
2017.11.03 13:03:15.983,0.76744,0.76751,1.12,1.50
2017.11.03 13:03:16.524,0.76744,0.76752,1.00,1.95
2017.11.03 13:03:18.243,0.76744,0.76752,1.12,1.95
2017.11.03 13:03:19.097,0.76743,0.76752,1.00,2.70
2017.11.03 13:03:20.207,0.76743,0.76752,1.37,1.95
2017.11.03 13:03:21.044,0.76743,0.76752,1.37,2.70
2017.11.03 13:03:25.776,0.76743,0.76752,1.50,2.51
2017.11.03 13:03:26.376,0.76743,0.76752,3.37,1.57
2017.11.03 13:03:27.625,0.76743,0.76752,3.37,4.20
2017.11.03 13:03:28.133,0.76744,0.76752,1.50,1.50
2017.11.03 13:03:29.497,0.76743,0.76751,3.07,1.00
2017.11.03 13:03:32.183,0.76743,0.76752,3.00,1.50
2017.11.03 13:03:32.704,0.76743,0.76751,3.00,1.00
2017.11.03 13:03:33.244,0.76743,0.76752,2.62,1.50
2017.11.03 13:03:34.277,0.76743,0.76752,2.62,2.44
2017.11.03 13:03:34.811,0.76743,0.76752,1.12,2.44
2017.11.03 13:03:35.666,0.76741,0.76752,9.45,3.19
2017.11.03 13:03:35.980,0.76744,0.76752,1.00,1.13
2017.11.03 13:03:36.520,0.76744,0.76752,2.62,1.25
2017.11.03 13:03:37.057,0.76744,0.76753,2.62,2.81
2017.11.03 13:03:37.537,0.76743,0.76753,1.50,5.63
2017.11.03 13:03:38.054,0.76743,0.76753,1.50,5.63
2017.11.03 13:03:39.112,0.76743,0.76751,1.87,1.44
2017.11.03 13:03:39.214,0.76743,0.76752,3.37,3.19
2017.11.03 13:03:39.734,0.76743,0.76751,2.62,1.00
2017.11.03 13:03:40.260,0.76743,0.76752,2.25,3.19
2017.11.03 13:03:41.143,0.76743,0.76751,2.25,1.00
2017.11.03 13:03:41.883,0.76743,0.76752,2.25,3.19
2017.11.03 13:03:42.627,0.76743,0.76751,2.25,1.00
2017.11.03 13:03:42.730,0.76741,0.76745,1.50,1.00
2017.11.03 13:03:42.784,0.76738,0.76745,1.69,1.50
2017.11.03 13:03:42.837,0.76737,0.76745,1.10,2.81
2017.11.03 13:03:43.240,0.76734,0.76744,1.57,3.94
2017.11.03 13:03:43.718,0.76733,0.76743,1.87,2.81
2017.11.03 13:03:43.999,0.76733,0.76743,2.25,3.94
2017.11.03 13:03:44.544,0.76733,0.76742,1.50,1.39
2017.11.03 13:03:45.077,0.76733,0.76742,1.50,2.32
2017.11.03 13:03:45.930,0.76733,0.76742,1.50,1.39
2017.11.03 13:03:47.394,0.76733,0.76742,1.50,4.57
2017.11.03 13:03:48.002,0.76733,0.76742,1.00,2.89
2017.11.03 13:03:48.381,0.76726,0.76736,3.45,1.38
2017.11.03 13:03:48.433,0.76725,0.76735,3.26,2.63
2017.11.03 13:03:48.996,0.76724,0.76734,4.95,1.25
2017.11.03 13:03:50.218,0.76724,0.76733,1.07,1.00
2017.11.03 13:03:51.304,0.76723,0.76733,6.08,1.00
2017.11.03 13:03:53.812,0.7673,0.76735,2.25,1.00
2017.11.03 13:03:54.237,0.76732,0.76742,1.37,1.95
2017.11.03 13:03:54.857,0.76732,0.76742,2.25,2.44
2017.11.03 13:03:57.340,0.76732,0.76742,1.87,1.39
2017.11.03 13:03:57.818,0.76732,0.76738,1.50,1.00
2017.11.03 13:03:58.940,0.76732,0.76736,1.50,1.00
2017.11.03 13:03:59.450,0.76731,0.76736,1.00,1.00
2017.11.03 13:03:59.842,0.76728,0.76733,7.50,1.00
2017.11.03 13:03:59.945,0.76726,0.76733,1.12,1.00
2017.11.03 13:04:00.100,0.76726,0.76731,1.00,1.00
2017.11.03 13:04:00.255,0.76724,0.7673,1.31,1.00
2017.11.03 13:04:00.616,0.76722,0.76729,1.00,1.00
2017.11.03 13:04:02.084,0.7672,0.76726,2.06,1.12
2017.11.03 13:04:02.136,0.76717,0.76725,1.00,1.00
2017.11.03 13:04:02.240,0.76717,0.76723,1.00,1.25
2017.11.03 13:04:02.399,0.76714,0.76722,2.62,1.10
2017.11.03 13:04:02.451,0.76716,0.76722,1.00,1.10
2017.11.03 13:04:02.991,0.76718,0.76725,1.12,1.00
2017.11.03 13:04:03.171,0.76721,0.76725,1.00,1.00
2017.11.03 13:04:03.274,0.7672,0.76725,1.00,1.00
2017.11.03 13:04:03.529,0.76719,0.76723,1.00,1.00
2017.11.03 13:04:04.051,0.76719,0.76724,1.00,1.00
2017.11.03 13:04:04.359,0.76718,0.76722,1.00,1.00
2017.11.03 13:04:04.780,0.76716,0.7672,1.00,1.00
2017.11.03 13:04:05.748,0.76717,0.76722,1.00,1.00
2017.11.03 13:04:06.846,0.76716,0.76722,1.00,1.00
2017.11.03 13:04:07.959,0.76716,0.76723,1.00,1.10
2017.11.03 13:04:08.114,0.76719,0.76724,1.00,1.00
2017.11.03 13:04:08.576,0.76719,0.76726,1.00,1.20
2017.11.03 13:04:08.628,0.76719,0.76724,1.00,1.00
2017.11.03 13:04:09.140,0.76717,0.76724,1.25,1.20
2017.11.03 13:04:09.651,0.76717,0.76722,1.00,1.00
2017.11.03 13:04:11.318,0.76718,0.76723,1.00,1.10
2017.11.03 13:04:11.370,0.76719,0.76725,1.00,1.00
2017.11.03 13:04:11.422,0.76721,0.76725,1.00,1.00
2017.11.03 13:04:11.729,0.76723,0.76727,1.00,1.00
2017.11.03 13:04:12.260,0.76723,0.76728,1.00,1.00
2017.11.03 13:04:12.772,0.76722,0.76728,1.12,1.00
2017.11.03 13:04:14.609,0.76724,0.76729,1.00,1.00
2017.11.03 13:04:18.561,0.76724,0.7673,1.00,1.12
2017.11.03 13:04:21.163,0.76724,0.76729,1.00,1.00
2017.11.03 13:04:21.690,0.76723,0.76729,1.12,1.00
2017.11.03 13:04:24.634,0.76723,0.76729,1.37,1.00
2017.11.03 13:04:24.737,0.76723,0.76731,2.25,1.00
2017.11.03 13:04:25.246,0.76723,0.7673,2.62,1.00
2017.11.03 13:04:31.100,0.76724,0.7673,1.50,1.00
2017.11.03 13:04:31.673,0.76724,0.76729,1.50,1.00
2017.11.03 13:04:35.014,0.76724,0.76729,1.84,1.00
2017.11.03 13:04:35.562,0.76724,0.76729,1.27,1.00
2017.11.03 13:04:37.016,0.76727,0.76731,1.00,1.00
2017.11.03 13:04:37.170,0.76725,0.76729,1.00,1.00
2017.11.03 13:04:37.679,0.76724,0.76729,1.28,1.00
2017.11.03 13:04:38.183,0.76725,0.76729,1.00,1.00
2017.11.03 13:04:38.963,0.76726,0.7673,1.00,1.00
2017.11.03 13:04:40.100,0.76728,0.76733,1.00,5.25
2017.11.03 13:04:40.203,0.76732,0.76737,1.12,1.00
2017.11.03 13:04:40.715,0.76733,0.76738,1.50,1.00
2017.11.03 13:04:43.788,0.76733,0.7674,1.12,1.50
2017.11.03 13:04:44.297,0.76733,0.76739,1.87,1.00
2017.11.03 13:04:45.459,0.76733,0.76739,2.25,1.00
2017.11.03 13:04:45.971,0.76733,0.76739,1.12,1.00
2017.11.03 13:04:46.872,0.76731,0.76742,7.35,3.00
2017.11.03 13:04:47.411,0.76732,0.76742,1.20,3.37
2017.11.03 13:04:47.921,0.76732,0.7674,1.50,1.00
2017.11.03 13:04:48.816,0.76732,0.76739,1.50,1.00
2017.11.03 13:04:49.424,0.76732,0.76738,1.00,1.00
2017.11.03 13:04:52.403,0.76732,0.76736,1.20,1.00
2017.11.03 13:04:52.455,0.76728,0.76734,2.81,1.00
2017.11.03 13:04:52.964,0.76726,0.76734,7.01,1.00
2017.11.03 13:04:54.493,0.76728,0.76735,2.06,1.00
2017.11.03 13:04:54.645,0.76731,0.76735,1.00,1.00
2017.11.03 13:04:54.697,0.76732,0.76737,1.12,1.00
2017.11.03 13:04:55.206,0.76732,0.76738,1.12,1.00
2017.11.03 13:05:02.106,0.76729,0.76735,2.51,1.00
2017.11.03 13:05:02.648,0.76729,0.76735,1.10,1.00
2017.11.03 13:05:02.700,0.76727,0.76735,2.89,1.00
2017.11.03 13:05:03.231,0.76728,0.76735,1.00,1.00
2017.11.03 13:05:03.905,0.7673,0.76738,6.56,1.50
2017.11.03 13:05:04.416,0.76732,0.76738,1.00,1.00
2017.11.03 13:05:07.740,0.76732,0.76738,1.44,1.00
2017.11.03 13:05:08.201,0.76731,0.76738,5.33,1.00
2017.11.03 13:05:08.252,0.76731,0.76738,7.58,1.00
2017.11.03 13:05:08.570,0.76731,0.76738,8.14,1.00
2017.11.03 13:05:09.153,0.76731,0.76738,7.58,1.00
2017.11.03 13:05:09.710,0.76731,0.76738,7.39,1.00
2017.11.03 13:05:12.207,0.76731,0.76739,4.95,1.00
2017.11.03 13:05:12.752,0.76732,0.76739,1.00,1.00
2017.11.03 13:05:15.358,0.76731,0.76739,5.51,1.00
2017.11.03 13:05:19.357,0.76731,0.76739,6.08,1.00
2017.11.03 13:05:19.562,0.76731,0.76739,6.08,1.00
2017.11.03 13:05:20.611,0.76731,0.76739,6.26,1.00
2017.11.03 13:05:21.515,0.76737,0.76742,3.60,2.32
2017.11.03 13:05:21.808,0.76742,0.76749,2.06,1.00
2017.11.03 13:05:21.911,0.76742,0.76751,2.06,2.25
2017.11.03 13:05:22.724,0.76742,0.76751,4.01,2.25
2017.11.03 13:05:24.793,0.76741,0.76751,9.19,1.87
2017.11.03 13:05:25.731,0.76741,0.76745,2.51,1.00
2017.11.03 13:05:25.782,0.76738,0.76745,2.14,1.00
2017.11.03 13:05:26.140,0.76736,0.76744,1.57,1.00
2017.11.03 13:05:26.192,0.76736,0.76742,1.20,1.00
2017.11.03 13:05:26.714,0.76735,0.76743,1.39,1.00
2017.11.03 13:05:27.814,0.76734,0.76743,1.25,1.50
2017.11.03 13:05:28.331,0.76733,0.76743,4.01,2.25
2017.11.03 13:05:31.178,0.76733,0.76741,1.39,1.12
2017.11.03 13:05:31.527,0.76729,0.76735,1.20,1.87
2017.11.03 13:05:31.731,0.76725,0.76734,2.14,1.87
2017.11.03 13:05:31.834,0.76723,0.76734,5.51,1.87
2017.11.03 13:05:32.038,0.76723,0.76732,1.29,1.00
2017.11.03 13:05:32.250,0.76722,0.76731,2.06,1.12
2017.11.03 13:05:32.301,0.76721,0.7673,3.64,1.37
2017.11.03 13:05:32.981,0.7672,0.76725,1.19,2.44
2017.11.03 13:05:33.137,0.76715,0.76724,1.29,5.44
2017.11.03 13:05:33.343,0.76713,0.76723,4.58,1.50
2017.11.03 13:05:33.713,0.76717,0.76724,1.00,1.00
2017.11.03 13:05:34.019,0.76714,0.76724,3.45,1.87
2017.11.03 13:05:34.223,0.76713,0.76722,1.31,1.00
2017.11.03 13:05:34.737,0.76711,0.7672,6.94,1.87
2017.11.03 13:05:35.249,0.76711,0.76721,3.37,1.50
2017.11.03 13:05:35.396,0.76715,0.76723,3.75,1.95
2017.11.03 13:05:35.907,0.76715,0.76724,1.98,1.57
2017.11.03 13:05:36.431,0.76715,0.76724,1.04,1.95
2017.11.03 13:05:37.387,0.76715,0.76725,1.79,1.95
2017.11.03 13:05:37.540,0.76719,0.76725,1.50,1.95
2017.11.03 13:05:37.764,0.76718,0.76727,2.25,1.50
2017.11.03 13:05:37.917,0.76717,0.76725,2.06,1.87
2017.11.03 13:05:38.275,0.76714,0.76724,3.56,1.87
2017.11.03 13:05:39.331,0.76717,0.76725,3.00,3.26
2017.11.03 13:05:39.704,0.76719,0.76727,2.25,1.00
2017.11.03 13:05:39.965,0.76721,0.76728,1.00,2.32
2017.11.03 13:05:40.068,0.76721,0.76729,2.44,1.00
2017.11.03 13:05:41.269,0.76719,0.76727,1.25,1.12
2017.11.03 13:05:41.372,0.76716,0.76725,1.69,1.00
2017.11.03 13:05:41.877,0.76714,0.76724,4.42,1.00
2017.11.03 13:05:42.426,0.76715,0.76725,2.92,1.87
2017.11.03 13:05:42.962,0.7672,0.76729,2.44,4.57
2017.11.03 13:05:43.013,0.7672,0.7673,3.38,3.45
2017.11.03 13:05:43.116,0.76721,0.7673,2.06,1.50
2017.11.03 13:05:44.291,0.7672,0.76729,1.25,1.00
2017.11.03 13:05:44.395,0.76719,0.76727,1.00,4.01
2017.11.03 13:05:44.446,0.76717,0.76726,2.81,1.95
2017.11.03 13:05:44.881,0.76715,0.76725,1.10,2.32
2017.11.03 13:05:45.395,0.76715,0.76724,1.00,3.19
2017.11.03 13:05:45.914,0.76714,0.76723,1.69,1.39
2017.11.03 13:05:48.379,0.76716,0.76723,1.00,1.00
2017.11.03 13:05:48.990,0.76716,0.76724,1.00,3.45
2017.11.03 13:05:53.193,0.76714,0.76724,2.81,1.50
2017.11.03 13:05:54.602,0.76714,0.76723,1.25,1.00
2017.11.03 13:05:54.653,0.76713,0.76721,1.69,1.00
2017.11.03 13:05:55.286,0.76712,0.76721,3.82,1.00
2017.11.03 13:05:55.968,0.76712,0.76721,1.87,1.50
2017.11.03 13:05:56.309,0.76711,0.76721,3.19,1.87
2017.11.03 13:05:56.821,0.76711,0.76721,3.38,2.62
2017.11.03 13:05:57.460,0.76711,0.76721,2.25,1.87
2017.11.03 13:05:57.563,0.76711,0.76718,1.69,1.00
2017.11.03 13:05:57.908,0.76705,0.76711,1.00,1.76
2017.11.03 13:05:58.199,0.76707,0.76714,1.00,1.10
2017.11.03 13:05:58.250,0.76715,0.76719,1.00,2.25
2017.11.03 13:05:58.353,0.76715,0.7672,1.00,1.87
2017.11.03 13:05:58.658,0.76715,0.76722,1.00,1.12
2017.11.03 13:05:59.252,0.76717,0.76722,1.00,1.00
2017.11.03 13:05:59.881,0.76719,0.76723,1.00,1.20
2017.11.03 13:05:59.984,0.76719,0.76725,1.00,1.45
2017.11.03 13:06:00.618,0.7672,0.76725,1.00,1.50
2017.11.03 13:06:00.669,0.76722,0.76727,1.00,1.50
2017.11.03 13:06:00.720,0.76722,0.76729,1.00,1.95
2017.11.03 13:06:00.772,0.76725,0.76729,1.00,1.20
2017.11.03 13:06:01.505,0.76725,0.76729,1.00,1.00
2017.11.03 13:06:03.539,0.76727,0.76731,1.00,1.00
2017.11.03 13:06:03.591,0.76728,0.76732,1.00,1.00
2017.11.03 13:06:03.755,0.76728,0.76733,1.00,1.12
2017.11.03 13:06:04.396,0.76729,0.76733,1.00,1.00
2017.11.03 13:06:04.550,0.76729,0.76736,1.12,1.57
2017.11.03 13:06:04.747,0.76732,0.76736,1.00,1.00
2017.11.03 13:06:04.799,0.7673,0.76736,1.12,1.00
2017.11.03 13:06:04.902,0.76732,0.76736,1.12,1.00
2017.11.03 13:06:04.954,0.76733,0.76741,1.37,1.50
2017.11.03 13:06:05.057,0.76735,0.76743,1.87,2.32
2017.11.03 13:06:05.365,0.76739,0.76745,1.00,1.39
2017.11.03 13:06:08.411,0.76735,0.76744,2.70,1.12
2017.11.03 13:06:08.462,0.76734,0.76744,5.81,1.12
2017.11.03 13:06:08.564,0.76733,0.76742,2.62,1.00
2017.11.03 13:06:08.870,0.76725,0.76735,1.57,2.14
2017.11.03 13:06:09.445,0.76724,0.76735,6.64,2.51
2017.11.03 13:06:09.985,0.76724,0.76733,3.37,1.10
2017.11.03 13:06:10.435,0.76723,0.7673,2.25,1.50
2017.11.03 13:06:10.745,0.7672,0.76729,2.06,1.50
2017.11.03 13:06:11.552,0.76719,0.76726,3.19,1.00
2017.11.03 13:06:12.165,0.76718,0.76726,2.81,1.00
2017.11.03 13:06:13.001,0.76721,0.76728,1.25,3.00
2017.11.03 13:06:13.559,0.76721,0.76728,2.81,1.00
2017.11.03 13:06:14.063,0.76719,0.76725,1.00,1.00
2017.11.03 13:06:14.273,0.76716,0.76724,1.31,1.95
2017.11.03 13:06:14.324,0.76714,0.76722,1.76,1.37
2017.11.03 13:06:14.744,0.76713,0.76721,2.06,1.50
2017.11.03 13:06:15.280,0.76712,0.7672,4.31,1.00
2017.11.03 13:06:16.305,0.76712,0.76721,3.56,1.50
2017.11.03 13:06:17.497,0.76717,0.76721,1.50,2.25
2017.11.03 13:06:17.549,0.7672,0.76724,2.25,1.00
2017.11.03 13:06:17.603,0.76718,0.76723,1.00,2.25
2017.11.03 13:06:17.807,0.76717,0.76725,7.87,1.00
2017.11.03 13:06:18.011,0.7672,0.76727,1.50,2.25
2017.11.03 13:06:18.328,0.76722,0.76728,1.00,1.00
2017.11.03 13:06:19.493,0.76722,0.76729,1.00,1.87
2017.11.03 13:06:20.051,0.76722,0.76727,1.00,1.00
2017.11.03 13:06:20.762,0.7672,0.76727,2.89,1.00
2017.11.03 13:06:21.309,0.76722,0.76727,1.25,1.00
2017.11.03 13:06:21.478,0.76722,0.7673,1.00,1.12
2017.11.03 13:06:21.993,0.76722,0.76729,1.39,1.50
2017.11.03 13:06:22.363,0.76719,0.76726,2.14,1.00
2017.11.03 13:06:23.132,0.76717,0.76726,4.01,1.50
2017.11.03 13:06:23.562,0.76714,0.76723,1.01,1.00
2017.11.03 13:06:23.666,0.76714,0.76721,1.01,1.00
2017.11.03 13:06:24.209,0.76712,0.7672,4.95,1.00
2017.11.03 13:06:28.430,0.76713,0.76721,1.76,1.00
2017.11.03 13:06:29.915,0.76712,0.76717,1.39,1.87
2017.11.03 13:06:29.966,0.76707,0.76715,1.70,1.12
2017.11.03 13:06:30.018,0.76706,0.76714,2.14,1.50
2017.11.03 13:06:30.213,0.76704,0.76714,1.31,2.25
2017.11.03 13:06:30.766,0.76703,0.76714,5.96,2.32
2017.11.03 13:06:31.286,0.76704,0.76714,1.29,2.32
2017.11.03 13:06:31.477,0.76706,0.76716,2.06,2.32
2017.11.03 13:06:31.788,0.76712,0.76719,1.00,1.07
2017.11.03 13:06:31.840,0.76712,0.7672,1.25,1.00
2017.11.03 13:06:32.379,0.76712,0.76721,1.31,3.07
2017.11.03 13:06:32.883,0.76712,0.76721,1.25,3.07
2017.11.03 13:06:33.396,0.76712,0.76721,1.63,3.07
2017.11.03 13:06:33.923,0.76712,0.76721,1.08,1.95
2017.11.03 13:06:35.572,0.76712,0.76721,1.08,2.32
2017.11.03 13:06:36.050,0.76712,0.76721,1.25,1.12
2017.11.03 13:06:36.267,0.76718,0.76723,2.44,1.12
2017.11.03 13:06:36.341,0.76717,0.76726,1.62,1.12
2017.11.03 13:06:36.393,0.76717,0.76726,1.62,2.25
2017.11.03 13:06:36.902,0.76717,0.76725,1.62,1.12
2017.11.03 13:06:37.289,0.76719,0.76727,1.50,1.00
2017.11.03 13:06:37.596,0.76721,0.76729,1.00,1.00
2017.11.03 13:06:37.698,0.76719,0.76725,1.20,1.00
2017.11.03 13:06:38.204,0.7672,0.76727,1.00,1.31
2017.11.03 13:06:38.667,0.76722,0.7673,1.12,1.95
2017.11.03 13:06:38.769,0.76722,0.76731,1.51,2.70
2017.11.03 13:06:39.315,0.76722,0.76731,1.50,2.25
2017.11.03 13:06:41.046,0.76722,0.76729,1.00,1.50
2017.11.03 13:06:41.199,0.76719,0.76727,1.12,1.12
2017.11.03 13:06:41.556,0.76717,0.76727,1.01,3.37
2017.11.03 13:06:41.709,0.76715,0.76724,1.25,1.00
2017.11.03 13:06:46.571,0.76715,0.76725,1.25,1.95
2017.11.03 13:06:47.113,0.76714,0.76724,1.00,1.00
2017.11.03 13:06:48.149,0.76714,0.76724,1.00,1.50
2017.11.03 13:06:48.697,0.76714,0.76724,1.00,1.25
2017.11.03 13:06:49.119,0.76712,0.76721,3.59,1.00
2017.11.03 13:06:49.632,0.76712,0.7672,1.00,1.00
2017.11.03 13:06:49.686,0.7671,0.7672,6.26,1.10
2017.11.03 13:06:50.327,0.76711,0.7672,3.00,1.10
2017.11.03 13:06:50.929,0.76712,0.7672,1.00,1.10
2017.11.03 13:06:51.850,0.76712,0.7672,1.00,1.01
2017.11.03 13:06:54.615,0.76712,0.7672,1.00,1.20
2017.11.03 13:06:58.573,0.76713,0.76721,1.00,1.12
2017.11.03 13:06:58.967,0.76711,0.7672,3.45,1.13
2017.11.03 13:06:59.602,0.76711,0.76719,2.25,1.00
2017.11.03 13:07:00.067,0.76706,0.76715,4.95,2.25
2017.11.03 13:07:00.223,0.76709,0.76719,4.12,4.20
2017.11.03 13:07:00.376,0.7671,0.7672,4.66,3.82
2017.11.03 13:07:00.922,0.76711,0.7672,1.00,1.57
2017.11.03 13:07:01.473,0.76711,0.7672,1.25,1.57
2017.11.03 13:07:02.001,0.76711,0.76721,1.69,1.00
2017.11.03 13:07:02.734,0.76711,0.76722,2.41,8.89
2017.11.03 13:07:03.951,0.76711,0.76721,2.78,1.12
2017.11.03 13:07:04.276,0.76711,0.76721,2.41,3.00
2017.11.03 13:07:04.862,0.76711,0.76721,2.60,3.00
2017.11.03 13:07:06.473,0.76711,0.76721,2.59,2.62
2017.11.03 13:07:06.974,0.76711,0.76721,2.59,2.81
2017.11.03 13:07:07.983,0.76711,0.76721,2.59,2.62
2017.11.03 13:07:08.575,0.76711,0.76721,2.59,2.62
2017.11.03 13:07:09.366,0.76711,0.76721,2.78,2.81
2017.11.03 13:07:10.435,0.76711,0.76722,4.66,3.64
2017.11.03 13:07:10.991,0.76711,0.76722,4.66,3.83
2017.11.03 13:07:12.005,0.76714,0.76721,1.00,1.00
2017.11.03 13:07:12.160,0.76714,0.76724,1.87,1.39
2017.11.03 13:07:12.212,0.76716,0.76725,1.00,2.89
2017.11.03 13:07:12.531,0.76717,0.76725,1.87,1.00
2017.11.03 13:07:13.069,0.76716,0.76726,2.70,3.26
2017.11.03 13:07:13.461,0.76715,0.76724,2.22,1.00
2017.11.03 13:07:13.631,0.76714,0.76722,1.20,1.13
2017.11.03 13:07:13.937,0.76712,0.7672,1.87,1.00
2017.11.03 13:07:14.865,0.76712,0.76719,1.37,1.25
2017.11.03 13:07:15.389,0.76712,0.7672,1.31,1.00
2017.11.03 13:07:19.414,0.76713,0.7672,1.00,1.00
2017.11.03 13:07:24.520,0.76711,0.76719,1.25,1.78
2017.11.03 13:07:24.998,0.76708,0.76715,1.00,1.50
2017.11.03 13:07:25.305,0.76706,0.76715,1.25,2.29
2017.11.03 13:07:25.458,0.76704,0.76713,1.20,1.12
2017.11.03 13:07:30.901,0.76709,0.76715,1.50,2.51
2017.11.03 13:07:31.259,0.76711,0.76718,1.12,1.19
2017.11.03 13:07:31.311,0.76711,0.76719,1.12,1.31
2017.11.03 13:07:31.618,0.76706,0.76716,2.32,1.84
2017.11.03 13:07:32.169,0.76705,0.76715,1.25,1.31
2017.11.03 13:07:32.809,0.76705,0.76715,4.31,1.50
2017.11.03 13:07:32.911,0.76707,0.76716,1.69,2.89
2017.11.03 13:07:33.115,0.76709,0.76718,1.00,2.14
2017.11.03 13:07:33.306,0.76707,0.76715,1.19,1.00
2017.11.03 13:07:33.663,0.76709,0.76718,4.88,2.89
2017.11.03 13:07:33.817,0.76707,0.76717,3.00,1.69
2017.11.03 13:07:33.868,0.76708,0.76718,1.69,2.89
2017.11.03 13:07:34.022,0.76711,0.76719,1.00,1.69
2017.11.03 13:07:34.412,0.76712,0.76721,1.00,2.70
2017.11.03 13:07:35.245,0.76712,0.76719,1.00,1.00
2017.11.03 13:07:35.347,0.76712,0.76721,1.00,2.51
2017.11.03 13:07:36.356,0.76712,0.76721,1.12,2.89
2017.11.03 13:07:37.111,0.76712,0.76721,1.00,2.14
2017.11.03 13:07:39.537,0.76712,0.76721,1.50,2.14
2017.11.03 13:07:40.548,0.76712,0.76721,1.50,2.14
2017.11.03 13:07:40.820,0.76711,0.76718,1.00,1.12
2017.11.03 13:07:40.973,0.76709,0.76718,1.25,1.12
2017.11.03 13:07:41.076,0.76707,0.76716,1.57,1.50
2017.11.03 13:07:41.383,0.7671,0.76718,1.88,1.10
2017.11.03 13:07:41.689,0.76711,0.76721,1.88,1.62
2017.11.03 13:07:42.526,0.76711,0.76721,2.81,1.69
2017.11.03 13:07:42.887,0.76711,0.76721,2.81,1.69
2017.11.03 13:07:43.198,0.76716,0.76724,1.00,1.37
2017.11.03 13:07:43.509,0.7672,0.76728,1.00,1.87
2017.11.03 13:07:43.561,0.76721,0.76728,1.50,1.00
2017.11.03 13:07:43.665,0.76723,0.76731,1.00,2.14
2017.11.03 13:07:43.974,0.76721,0.76731,3.37,1.76
2017.11.03 13:07:44.161,0.76727,0.76733,1.00,3.26
2017.11.03 13:07:44.221,0.76721,0.7673,1.87,1.01
2017.11.03 13:07:44.323,0.76719,0.76728,3.07,2.25
2017.11.03 13:07:44.630,0.76718,0.76726,1.00,1.50
2017.11.03 13:07:44.957,0.76722,0.76732,1.31,4.57
2017.11.03 13:07:45.162,0.76724,0.76732,1.00,1.39
2017.11.03 13:07:48.022,0.76724,0.76732,1.00,2.70
2017.11.03 13:07:48.329,0.76723,0.76731,1.00,3.64
2017.11.03 13:07:50.190,0.76723,0.76728,1.00,4.31
2017.11.03 13:07:50.496,0.7672,0.76728,1.00,1.12
2017.11.03 13:07:50.598,0.76722,0.7673,1.12,4.01
2017.11.03 13:07:50.913,0.76725,0.7673,1.00,1.00
2017.11.03 13:07:53.480,0.76725,0.76732,1.00,2.70
2017.11.03 13:07:54.542,0.76725,0.76732,1.00,1.50
2017.11.03 13:07:54.747,0.76726,0.76734,1.00,2.81
2017.11.03 13:07:55.323,0.76727,0.76734,1.00,1.69
2017.11.03 13:07:55.867,0.76728,0.76735,1.00,1.19
2017.11.03 13:08:02.841,0.76733,0.76741,1.00,5.32
2017.11.03 13:08:02.944,0.76737,0.76742,1.00,1.29
2017.11.03 13:08:02.995,0.76738,0.76743,1.00,1.25
2017.11.03 13:08:03.099,0.76738,0.76746,1.00,7.01
2017.11.03 13:08:07.087,0.76738,0.76746,1.00,5.51
2017.11.03 13:08:07.637,0.76738,0.76745,1.00,2.51
2017.11.03 13:08:08.672,0.76736,0.76745,1.00,3.45
2017.11.03 13:08:09.224,0.76736,0.76745,1.00,3.82
2017.11.03 13:08:09.437,0.76734,0.76743,2.25,1.12
2017.11.03 13:08:09.591,0.76733,0.76742,1.00,2.44
2017.11.03 13:08:10.105,0.76733,0.76742,1.00,4.57
2017.11.03 13:08:10.676,0.76733,0.76742,1.00,4.57
2017.11.03 13:08:10.983,0.76728,0.76735,1.00,3.94
2017.11.03 13:08:11.034,0.76726,0.76735,1.00,4.31
2017.11.03 13:08:11.380,0.76726,0.76736,2.32,4.20
2017.11.03 13:08:11.842,0.7673,0.76737,3.00,1.00
2017.11.03 13:08:12.107,0.76731,0.76741,1.10,1.39
2017.11.03 13:08:12.210,0.76733,0.76743,1.00,1.76
2017.11.03 13:08:12.312,0.76735,0.76743,1.00,1.00
2017.11.03 13:08:13.054,0.76736,0.76745,1.00,4.01
2017.11.03 13:08:13.410,0.76733,0.76743,1.10,7.01
2017.11.03 13:08:14.618,0.76732,0.7674,1.50,1.00
2017.11.03 13:08:15.153,0.76733,0.7674,1.00,1.12
2017.11.03 13:08:15.421,0.7673,0.76737,3.64,1.00
2017.11.03 13:08:15.473,0.76728,0.76737,1.31,4.69
2017.11.03 13:08:15.724,0.76725,0.76735,1.76,1.10
2017.11.03 13:08:15.776,0.76728,0.76736,2.25,1.50
2017.11.03 13:08:15.930,0.76726,0.76736,1.69,2.06
2017.11.03 13:08:16.482,0.76725,0.76734,6.26,1.00
2017.11.03 13:08:16.998,0.76725,0.76734,1.57,2.06
2017.11.03 13:08:21.023,0.76724,0.76734,1.00,1.95
2017.11.03 13:08:21.388,0.76728,0.76737,1.87,1.50
2017.11.03 13:08:21.592,0.7673,0.76741,4.57,4.95
2017.11.03 13:08:22.171,0.7673,0.76741,6.07,3.07
2017.11.03 13:08:22.803,0.76731,0.76741,2.13,2.70
2017.11.03 13:08:23.459,0.76731,0.76741,1.47,2.70
2017.11.03 13:08:26.200,0.76731,0.76741,5.32,1.95
2017.11.03 13:08:26.615,0.76733,0.76743,1.94,1.50
2017.11.03 13:08:27.129,0.76733,0.76744,3.44,2.25
2017.11.03 13:08:27.231,0.76733,0.76744,3.82,1.57
2017.11.03 13:08:28.246,0.76734,0.76744,1.50,1.12
2017.11.03 13:08:33.371,0.76734,0.76744,5.89,1.00
2017.11.03 13:08:37.373,0.76735,0.76744,2.89,1.00
2017.11.03 13:08:37.875,0.76735,0.76744,5.33,1.00
2017.11.03 13:08:39.070,0.7674,0.76747,3.56,1.69
2017.11.03 13:08:39.122,0.76738,0.76747,3.26,1.37
2017.11.03 13:08:39.276,0.76736,0.76745,2.89,1.87
2017.11.03 13:08:41.770,0.76737,0.76746,1.50,1.25
2017.11.03 13:08:42.276,0.76737,0.76746,1.10,3.37
2017.11.03 13:08:44.084,0.76737,0.76746,1.20,2.81
2017.11.03 13:08:44.615,0.76735,0.76745,4.39,1.00
2017.11.03 13:08:45.240,0.76736,0.76745,2.32,1.37
2017.11.03 13:08:45.445,0.76738,0.76747,1.50,3.00
2017.11.03 13:08:45.700,0.76738,0.76746,1.10,3.00
2017.11.03 13:08:46.233,0.76736,0.76745,2.32,2.62
2017.11.03 13:08:46.743,0.76736,0.76745,2.32,3.00
2017.11.03 13:08:48.448,0.76737,0.76746,1.00,1.50
2017.11.03 13:08:48.965,0.76737,0.76746,1.95,1.30
2017.11.03 13:08:50.100,0.76737,0.76746,1.95,1.50
2017.11.03 13:08:51.203,0.76737,0.76746,1.20,2.62
2017.11.03 13:08:51.738,0.76736,0.76745,1.87,1.00
2017.11.03 13:08:53.519,0.7674,0.76747,1.12,1.50
2017.11.03 13:08:53.623,0.76737,0.76746,1.50,4.88
2017.11.03 13:08:54.277,0.76736,0.76746,1.01,6.08
2017.11.03 13:08:55.127,0.76738,0.76744,3.38,1.00
2017.11.03 13:08:55.340,0.76736,0.76745,4.95,1.12
2017.11.03 13:08:55.853,0.76736,0.76744,1.56,1.00
2017.11.03 13:08:56.582,0.76736,0.76745,1.37,1.57
2017.11.03 13:08:57.077,0.76735,0.76745,1.01,1.95
2017.11.03 13:08:57.921,0.76734,0.76743,3.00,2.14
2017.11.03 13:08:58.178,0.76732,0.76741,2.32,1.50
2017.11.03 13:09:00.042,0.76733,0.76741,1.37,1.00
2017.11.03 13:09:00.362,0.76732,0.76741,1.10,3.19
2017.11.03 13:09:00.719,0.76729,0.76738,2.32,2.81
2017.11.03 13:09:00.821,0.76727,0.76736,3.07,1.00
2017.11.03 13:09:01.349,0.76726,0.76735,4.95,1.00
2017.11.03 13:09:02.271,0.76726,0.76735,3.56,1.00
2017.11.03 13:09:02.795,0.76725,0.76734,1.20,1.00
2017.11.03 13:09:03.494,0.76726,0.76735,1.12,2.81
2017.11.03 13:09:06.742,0.76724,0.76734,1.10,4.39
2017.11.03 13:09:06.794,0.76724,0.76733,1.31,3.19
2017.11.03 13:09:07.288,0.76725,0.76735,1.12,2.89
2017.11.03 13:09:07.765,0.76727,0.76736,1.00,4.95
2017.11.03 13:09:07.817,0.76728,0.76736,1.00,1.20
2017.11.03 13:09:08.345,0.76727,0.76735,1.50,1.00
2017.11.03 13:09:08.861,0.76727,0.76735,1.12,1.00
2017.11.03 13:09:09.859,0.76727,0.76736,1.69,1.50
2017.11.03 13:09:10.465,0.76726,0.76736,2.32,1.10
2017.11.03 13:09:11.313,0.76726,0.76736,1.57,2.33
2017.11.03 13:09:11.965,0.76726,0.76736,1.57,1.39
2017.11.03 13:09:12.069,0.76724,0.76733,3.64,1.12
2017.11.03 13:09:12.374,0.76723,0.76732,1.50,2.44
2017.11.03 13:09:12.720,0.76721,0.76732,5.51,3.00
2017.11.03 13:09:13.557,0.76722,0.76732,1.50,2.32
2017.11.03 13:09:14.205,0.76722,0.76732,1.88,1.10
2017.11.03 13:09:14.558,0.76723,0.76732,1.44,1.00
2017.11.03 13:09:15.088,0.76724,0.76734,1.12,1.87
2017.11.03 13:09:17.485,0.76724,0.76734,1.50,1.12
2017.11.03 13:09:18.018,0.76726,0.76735,1.00,1.50
2017.11.03 13:09:18.460,0.76726,0.76736,3.00,2.14
2017.11.03 13:09:19.187,0.7673,0.76738,1.00,1.95
2017.11.03 13:09:19.238,0.76728,0.76738,1.95,7.95
2017.11.03 13:09:19.289,0.76727,0.76736,4.01,1.00
2017.11.03 13:09:19.821,0.76727,0.76735,4.31,1.00
2017.11.03 13:09:20.346,0.76727,0.76736,7.50,1.00
2017.11.03 13:09:20.620,0.76727,0.76735,1.69,1.00
2017.11.03 13:09:22.967,0.7673,0.76735,1.50,1.00
2017.11.03 13:09:23.018,0.76731,0.76741,3.94,6.26
2017.11.03 13:09:23.121,0.76732,0.76742,3.75,2.14
2017.11.03 13:09:23.632,0.76733,0.76742,7.39,1.00
2017.11.03 13:09:24.696,0.76733,0.76742,5.70,1.00
2017.11.03 13:09:24.954,0.76734,0.76742,3.82,1.00
2017.11.03 13:09:25.475,0.76734,0.76742,3.08,1.00
2017.11.03 13:09:28.300,0.76734,0.76742,1.69,1.00
2017.11.03 13:09:29.197,0.76734,0.76742,2.25,1.00
2017.11.03 13:09:29.481,0.76733,0.76742,1.13,1.25
2017.11.03 13:09:29.990,0.76732,0.76741,1.10,1.25
2017.11.03 13:09:30.399,0.7673,0.76736,1.00,1.00
2017.11.03 13:09:30.501,0.76727,0.76735,3.37,1.00
2017.11.03 13:09:30.736,0.76725,0.76734,2.25,1.00
2017.11.03 13:09:31.253,0.76726,0.76734,2.62,1.00
2017.11.03 13:09:31.793,0.76727,0.76734,2.62,1.00
2017.11.03 13:09:32.200,0.76727,0.76734,1.01,1.00
2017.11.03 13:09:32.446,0.76727,0.76734,2.89,1.00
2017.11.03 13:09:34.105,0.76727,0.76734,1.00,1.00
2017.11.03 13:09:35.098,0.76727,0.76734,2.25,1.00
2017.11.03 13:09:35.809,0.76726,0.76734,1.39,1.00
2017.11.03 13:09:36.470,0.76726,0.76734,3.19,1.00
2017.11.03 13:09:36.522,0.76725,0.76735,3.26,2.51
2017.11.03 13:09:37.035,0.76726,0.76735,1.25,2.70
2017.11.03 13:09:37.563,0.76725,0.76735,2.14,2.89
2017.11.03 13:09:38.849,0.76726,0.76735,2.70,1.00
2017.11.03 13:09:39.373,0.76726,0.76735,4.20,1.00
2017.11.03 13:09:39.522,0.7673,0.76739,2.32,1.87
2017.11.03 13:09:39.627,0.76731,0.76741,2.06,3.75
2017.11.03 13:09:39.678,0.7673,0.76739,2.32,1.12
2017.11.03 13:09:39.984,0.76732,0.76741,1.00,2.62
2017.11.03 13:09:40.622,0.76735,0.76742,1.00,1.76
2017.11.03 13:09:41.127,0.76735,0.76742,1.00,1.76
2017.11.03 13:09:41.636,0.76732,0.7674,1.00,1.87
2017.11.03 13:09:41.942,0.76734,0.76741,1.00,1.47
2017.11.03 13:09:42.344,0.76734,0.76742,1.00,2.32
2017.11.03 13:09:42.849,0.76734,0.76741,1.00,1.00
2017.11.03 13:09:43.358,0.76733,0.7674,1.00,1.00
2017.11.03 13:09:44.356,0.76735,0.76741,1.00,3.37
2017.11.03 13:09:45.228,0.76735,0.76741,1.00,2.25
2017.11.03 13:09:45.812,0.76735,0.76742,1.00,1.39
2017.11.03 13:09:46.125,0.7673,0.76737,1.00,1.50
2017.11.03 13:09:46.726,0.76729,0.76736,1.00,2.25
2017.11.03 13:09:48.191,0.76729,0.76737,1.12,1.57
2017.11.03 13:09:48.293,0.76729,0.76738,1.00,2.62
2017.11.03 13:09:48.808,0.7673,0.76738,1.00,1.00
2017.11.03 13:09:49.237,0.76733,0.76739,1.00,1.00
2017.11.03 13:09:49.758,0.76733,0.76741,1.00,1.57
2017.11.03 13:09:50.450,0.76733,0.76741,1.00,2.70
2017.11.03 13:09:51.408,0.76734,0.76741,1.00,1.12
2017.11.03 13:09:52.063,0.76734,0.76741,1.00,1.57
2017.11.03 13:09:55.774,0.76734,0.76742,1.00,4.01
2017.11.03 13:09:56.606,0.76734,0.76742,1.00,1.69
2017.11.03 13:09:57.647,0.76734,0.7674,1.00,3.00
2017.11.03 13:09:57.750,0.76728,0.76736,1.12,1.50
2017.11.03 13:09:58.344,0.76727,0.76735,1.00,1.12
2017.11.03 13:09:59.011,0.76727,0.76735,1.00,3.00
2017.11.03 13:09:59.530,0.76727,0.76735,1.00,1.00
2017.11.03 13:10:00.070,0.76727,0.76735,1.00,1.37
2017.11.03 13:10:00.938,0.76727,0.76735,1.00,1.00
2017.11.03 13:10:01.407,0.76729,0.76735,1.00,1.00
2017.11.03 13:10:01.614,0.76727,0.76736,1.00,4.57
2017.11.03 13:10:02.130,0.76726,0.76735,1.00,1.95
2017.11.03 13:10:03.165,0.76728,0.76735,1.00,1.50
2017.11.03 13:10:03.539,0.76725,0.76735,1.31,1.87
2017.11.03 13:10:03.590,0.76724,0.76733,1.20,1.00
2017.11.03 13:10:04.163,0.76725,0.76734,1.00,1.87
2017.11.03 13:10:04.725,0.76725,0.76735,3.00,4.12
2017.11.03 13:10:05.741,0.76724,0.76734,3.19,2.25
2017.11.03 13:10:08.445,0.76726,0.76735,2.62,1.37
2017.11.03 13:10:08.497,0.76727,0.76736,1.95,1.50
2017.11.03 13:10:09.842,0.76726,0.76736,1.75,3.07
2017.11.03 13:10:09.894,0.76726,0.76736,1.00,3.07
2017.11.03 13:10:12.130,0.76725,0.76735,1.20,4.95
2017.11.03 13:10:12.654,0.76725,0.76734,1.20,1.50
2017.11.03 13:10:15.032,0.76724,0.76733,1.20,2.63
2017.11.03 13:10:15.236,0.76719,0.76729,3.07,3.56
2017.11.03 13:10:15.288,0.76718,0.76726,2.32,1.12
2017.11.03 13:10:15.339,0.76716,0.76725,1.39,1.69
2017.11.03 13:10:15.441,0.76715,0.76723,1.39,1.00
2017.11.03 13:10:15.666,0.76714,0.76722,1.95,1.00
2017.11.03 13:10:16.801,0.76713,0.76722,4.01,1.00
2017.11.03 13:10:17.216,0.76713,0.7672,2.33,1.00
2017.11.03 13:10:19.153,0.76713,0.7672,2.25,1.00
2017.11.03 13:10:20.430,0.76714,0.76722,2.33,1.00
2017.11.03 13:10:21.009,0.76714,0.76722,2.70,1.00
2017.11.03 13:10:22.023,0.76717,0.76724,1.00,1.00
2017.11.03 13:10:22.329,0.76719,0.76727,1.50,3.45
2017.11.03 13:10:22.838,0.76719,0.76725,1.00,1.87
2017.11.03 13:10:23.650,0.76722,0.76729,1.00,1.20
2017.11.03 13:10:24.159,0.76723,0.76731,1.00,2.14
2017.11.03 13:10:24.707,0.76724,0.76732,1.50,1.69
2017.11.03 13:10:24.809,0.76726,0.76733,1.00,1.31
2017.11.03 13:10:24.860,0.76726,0.76733,1.00,2.25
2017.11.03 13:10:25.426,0.76726,0.76734,1.00,2.81
2017.11.03 13:10:31.935,0.76726,0.76734,1.12,1.31
2017.11.03 13:10:32.600,0.76726,0.76734,1.12,1.25
2017.11.03 13:10:37.926,0.76727,0.76735,1.00,3.00
2017.11.03 13:10:38.132,0.76727,0.76734,1.00,1.88
2017.11.03 13:10:38.234,0.76725,0.76733,1.50,1.88
2017.11.03 13:10:38.745,0.76725,0.76732,1.50,3.37
2017.11.03 13:10:39.266,0.76725,0.76731,1.50,1.00
2017.11.03 13:10:39.786,0.76726,0.76733,1.00,2.51
2017.11.03 13:10:40.366,0.76727,0.76733,1.00,1.69
2017.11.03 13:10:41.376,0.76728,0.76734,1.00,2.81
2017.11.03 13:10:42.014,0.76727,0.76734,1.12,1.19
2017.11.03 13:10:44.585,0.76726,0.76734,1.12,1.19
2017.11.03 13:10:44.690,0.76726,0.76736,1.12,12.64
2017.11.03 13:10:45.352,0.76726,0.76736,1.00,5.63
2017.11.03 13:10:45.928,0.76726,0.76735,1.00,1.50
2017.11.03 13:10:46.505,0.76726,0.76736,1.00,4.88
2017.11.03 13:10:47.468,0.76726,0.76735,1.00,1.50
2017.11.03 13:10:48.047,0.76725,0.76735,3.45,1.50
2017.11.03 13:10:49.115,0.76725,0.76735,1.57,1.13
2017.11.03 13:10:51.094,0.76726,0.76735,1.50,1.00
2017.11.03 13:10:51.609,0.76725,0.76735,1.10,3.00
2017.11.03 13:10:52.065,0.76726,0.76734,1.00,1.69
2017.11.03 13:10:52.602,0.76724,0.76733,2.25,1.50
2017.11.03 13:10:52.806,0.76721,0.76731,2.70,2.25
2017.11.03 13:10:53.368,0.76721,0.7673,2.62,1.69
2017.11.03 13:10:53.897,0.76721,0.7673,2.62,2.81
2017.11.03 13:10:54.405,0.76721,0.7673,2.62,1.87
2017.11.03 13:10:54.650,0.7672,0.76727,1.00,1.00
2017.11.03 13:10:54.753,0.76718,0.76727,1.10,1.88
2017.11.03 13:10:55.499,0.76717,0.76724,1.00,2.81
2017.11.03 13:10:55.551,0.76713,0.76722,3.82,1.50
2017.11.03 13:10:56.063,0.76712,0.76723,4.20,5.70
2017.11.03 13:10:56.546,0.76712,0.76721,1.87,4.12
2017.11.03 13:10:56.857,0.7671,0.76715,1.00,2.25
2017.11.03 13:10:57.010,0.76703,0.76713,3.64,1.50
2017.11.03 13:10:57.061,0.76703,0.76713,2.32,1.50
2017.11.03 13:10:57.564,0.76703,0.76713,1.25,3.75
2017.11.03 13:10:58.090,0.76704,0.76713,1.10,1.00
2017.11.03 13:10:58.959,0.76704,0.76713,1.47,1.00
2017.11.03 13:10:59.665,0.76704,0.76713,1.95,1.00
2017.11.03 13:11:00.551,0.76704,0.76713,1.44,1.00
2017.11.03 13:11:01.192,0.76704,0.76713,1.31,1.00
2017.11.03 13:11:01.754,0.76704,0.76713,1.50,1.00
2017.11.03 13:11:02.333,0.76703,0.76713,2.25,3.00
2017.11.03 13:11:02.844,0.76704,0.76714,4.01,1.47
2017.11.03 13:11:03.371,0.76705,0.76714,1.00,1.20
2017.11.03 13:11:03.892,0.76705,0.76715,1.87,2.44
2017.11.03 13:11:04.404,0.76709,0.76716,1.00,4.01
2017.11.03 13:11:04.590,0.7671,0.76719,1.12,2.25
2017.11.03 13:11:05.119,0.76709,0.76718,1.37,1.10
2017.11.03 13:11:05.665,0.76709,0.76719,1.63,2.32
2017.11.03 13:11:06.212,0.76709,0.76719,3.00,1.95
2017.11.03 13:11:06.713,0.7671,0.7672,5.62,2.06
2017.11.03 13:11:07.224,0.76713,0.76722,1.00,3.26
2017.11.03 13:11:07.275,0.76713,0.76722,1.00,1.76
2017.11.03 13:11:08.008,0.76712,0.76721,1.10,3.00
2017.11.03 13:11:08.313,0.7671,0.76716,1.12,2.62
2017.11.03 13:11:08.889,0.7671,0.76715,1.12,1.00
2017.11.03 13:11:09.489,0.7671,0.76716,1.12,2.32
2017.11.03 13:11:09.661,0.76706,0.76716,1.50,3.07
2017.11.03 13:11:10.178,0.76706,0.76716,1.00,4.39
2017.11.03 13:11:10.723,0.76706,0.76715,1.50,1.20
2017.11.03 13:11:10.774,0.76707,0.76717,4.12,1.95
2017.11.03 13:11:10.877,0.76708,0.76717,1.87,1.12
2017.11.03 13:11:12.089,0.76708,0.76716,1.00,2.06
2017.11.03 13:11:12.142,0.76706,0.76715,1.00,1.25
2017.11.03 13:11:12.246,0.76705,0.76714,1.50,3.45
2017.11.03 13:11:12.781,0.76703,0.76712,3.08,1.25
2017.11.03 13:11:12.986,0.76703,0.76713,1.20,1.76
2017.11.03 13:11:13.139,0.76704,0.76714,1.50,1.95
2017.11.03 13:11:13.659,0.76705,0.76714,1.12,1.50
2017.11.03 13:11:14.214,0.76704,0.76715,5.62,4.58
2017.11.03 13:11:14.991,0.76706,0.76715,1.75,2.81
2017.11.03 13:11:15.043,0.7671,0.76721,4.57,3.19
2017.11.03 13:11:15.556,0.76712,0.7672,1.12,1.25
2017.11.03 13:11:15.658,0.76712,0.76722,3.82,3.19
2017.11.03 13:11:16.321,0.76713,0.76721,1.00,1.00
2017.11.03 13:11:16.729,0.76711,0.76721,5.32,1.12
2017.11.03 13:11:17.342,0.76712,0.76721,1.00,1.00
2017.11.03 13:11:17.860,0.76711,0.76721,4.20,1.50
2017.11.03 13:11:18.739,0.76712,0.76721,1.37,1.50
2017.11.03 13:11:19.306,0.76713,0.76723,1.10,4.01
2017.11.03 13:11:19.821,0.76712,0.76722,1.87,1.25
2017.11.03 13:11:20.129,0.76711,0.76719,1.00,1.88
2017.11.03 13:11:20.385,0.76706,0.76716,1.57,4.39
2017.11.03 13:11:21.225,0.76706,0.76714,1.20,1.00
2017.11.03 13:11:28.361,0.7671,0.76717,1.37,3.00
2017.11.03 13:11:28.413,0.7671,0.76719,2.62,1.69
2017.11.03 13:11:28.464,0.76712,0.76721,1.00,6.45
2017.11.03 13:11:29.009,0.76712,0.76721,1.00,4.87
2017.11.03 13:11:30.818,0.76711,0.76721,3.75,1.69
2017.11.03 13:11:33.014,0.76709,0.76717,1.20,1.00
2017.11.03 13:11:33.526,0.76707,0.76716,1.37,1.50
2017.11.03 13:11:34.227,0.76706,0.76716,7.57,2.25
2017.11.03 13:11:35.046,0.76706,0.76716,7.57,2.25
2017.11.03 13:11:35.478,0.76706,0.76716,5.89,1.50
2017.11.03 13:11:36.422,0.76711,0.76717,1.00,1.95
2017.11.03 13:11:36.474,0.76712,0.76719,1.00,1.95
2017.11.03 13:11:37.036,0.76712,0.76721,1.12,2.51
2017.11.03 13:11:40.990,0.76712,0.7672,1.50,1.00
2017.11.03 13:11:46.651,0.76712,0.7672,1.00,1.00
2017.11.03 13:11:47.189,0.76712,0.7672,1.50,1.00
2017.11.03 13:11:48.651,0.76711,0.76717,1.00,2.63
2017.11.03 13:11:48.706,0.76709,0.76715,1.00,1.25
2017.11.03 13:11:48.860,0.76708,0.76712,1.12,1.00
2017.11.03 13:11:49.015,0.76705,0.76712,1.87,1.00
2017.11.03 13:11:50.403,0.76703,0.76711,2.06,1.00
2017.11.03 13:12:01.220,0.76702,0.76711,3.37,1.25
2017.11.03 13:12:01.271,0.76702,0.76711,6.00,1.25
2017.11.03 13:12:01.777,0.76703,0.76711,1.00,1.25
2017.11.03 13:12:02.863,0.76702,0.76711,4.76,1.25
2017.11.03 13:12:03.403,0.76702,0.7671,5.14,1.00
2017.11.03 13:12:06.183,0.76703,0.76712,2.33,1.19
2017.11.03 13:12:06.286,0.76705,0.76714,1.25,1.13
2017.11.03 13:12:08.355,0.76705,0.76714,3.00,1.13
2017.11.03 13:12:13.657,0.76704,0.76714,2.81,1.00
2017.11.03 13:12:16.725,0.76706,0.76715,1.50,1.88
2017.11.03 13:12:17.713,0.76706,0.76715,1.50,1.56
2017.11.03 13:12:18.766,0.76706,0.76716,1.00,4.01
2017.11.03 13:12:24.270,0.7671,0.76716,1.00,1.31
2017.11.03 13:12:24.579,0.76708,0.76717,4.39,1.00
2017.11.03 13:12:24.734,0.76707,0.76716,1.95,1.00
2017.11.03 13:12:24.786,0.76707,0.76714,1.10,1.00
2017.11.03 13:12:26.163,0.76707,0.76716,2.62,1.00
2017.11.03 13:12:26.215,0.76709,0.76718,1.50,1.20
2017.11.03 13:12:26.268,0.76709,0.76718,3.45,1.12
2017.11.03 13:12:26.729,0.76712,0.76719,3.00,1.00
2017.11.03 13:12:27.253,0.76712,0.7672,1.50,1.00
2017.11.03 13:12:28.076,0.76713,0.76721,1.12,1.00
2017.11.03 13:12:28.587,0.76713,0.76721,2.32,1.00
2017.11.03 13:12:28.919,0.76718,0.76725,1.12,1.10
2017.11.03 13:12:32.455,0.76722,0.76726,1.00,1.00
2017.11.03 13:12:32.507,0.76722,0.76729,1.37,1.20
2017.11.03 13:12:32.866,0.76722,0.76731,1.87,1.20
2017.11.03 13:12:33.390,0.76723,0.76732,4.50,1.25
2017.11.03 13:12:34.112,0.76722,0.76731,1.20,2.44
2017.11.03 13:12:34.164,0.76723,0.76731,1.37,1.69
2017.11.03 13:12:34.714,0.76723,0.7673,1.00,1.00
2017.11.03 13:12:36.717,0.76723,0.76731,1.00,2.25
2017.11.03 13:12:37.262,0.76723,0.76731,1.37,1.00
2017.11.03 13:12:37.944,0.76723,0.7673,1.37,1.00
2017.11.03 13:12:41.998,0.76722,0.76731,1.75,1.00
2017.11.03 13:12:42.507,0.76719,0.76727,1.00,1.12
2017.11.03 13:12:42.748,0.76717,0.76725,1.69,1.00
2017.11.03 13:12:43.274,0.76717,0.76726,2.44,1.12
2017.11.03 13:12:44.818,0.7672,0.76727,1.00,1.20
2017.11.03 13:12:44.869,0.76721,0.76729,1.12,1.20
2017.11.03 13:12:45.124,0.76722,0.7673,1.75,1.57
2017.11.03 13:12:48.763,0.76724,0.76731,1.12,1.12
2017.11.03 13:12:49.325,0.76724,0.76733,1.87,7.31
2017.11.03 13:12:49.828,0.76724,0.76733,2.62,5.62
2017.11.03 13:12:51.106,0.76726,0.76734,1.12,2.06
2017.11.03 13:12:51.158,0.76726,0.76736,2.62,2.89
2017.11.03 13:12:51.689,0.76727,0.76735,1.12,1.25
2017.11.03 13:12:52.229,0.76727,0.76736,1.12,4.50
2017.11.03 13:12:52.828,0.76727,0.76735,1.12,1.00
2017.11.03 13:12:53.355,0.76725,0.76732,2.14,1.00
2017.11.03 13:12:53.901,0.76725,0.76732,1.62,1.00
2017.11.03 13:12:54.004,0.76724,0.76733,1.12,1.12
2017.11.03 13:12:54.416,0.76723,0.76732,1.12,2.81
2017.11.03 13:12:55.441,0.76723,0.76732,1.12,1.12
2017.11.03 13:12:58.190,0.76723,0.76732,2.32,1.12
2017.11.03 13:13:00.001,0.76723,0.76733,4.57,1.25
2017.11.03 13:13:00.307,0.76726,0.76734,1.37,1.00
2017.11.03 13:13:00.637,0.76725,0.76732,2.25,1.00
2017.11.03 13:13:01.580,0.76725,0.76733,2.25,1.00
2017.11.03 13:13:01.775,0.76727,0.76736,1.00,1.12
2017.11.03 13:13:03.648,0.7673,0.76738,2.25,2.62
2017.11.03 13:13:03.825,0.76733,0.76741,2.62,1.25
2017.11.03 13:13:04.340,0.76733,0.76742,1.87,1.00
2017.11.03 13:13:04.392,0.76736,0.76744,1.50,2.32
2017.11.03 13:13:04.920,0.76737,0.76744,1.00,2.25
2017.11.03 13:13:05.471,0.76737,0.76743,1.00,1.00
2017.11.03 13:13:05.573,0.76737,0.76746,2.25,2.06
2017.11.03 13:13:05.675,0.7674,0.76747,1.50,1.19
2017.11.03 13:13:05.931,0.76738,0.76746,1.00,1.00
2017.11.03 13:13:06.439,0.76738,0.76745,1.00,1.00
2017.11.03 13:13:07.039,0.76737,0.76746,1.39,1.00
2017.11.03 13:13:07.345,0.7674,0.76746,2.62,1.00
2017.11.03 13:13:07.881,0.7674,0.76746,1.00,1.00
2017.11.03 13:13:08.755,0.76738,0.76746,4.12,1.00
2017.11.03 13:13:08.983,0.76737,0.76746,1.01,1.50
2017.11.03 13:13:09.158,0.76736,0.76743,1.00,1.00
2017.11.03 13:13:09.464,0.76733,0.76741,2.44,1.00
2017.11.03 13:13:09.973,0.76733,0.76742,1.87,1.00
2017.11.03 13:13:11.089,0.76733,0.76742,2.25,1.00
2017.11.03 13:13:12.597,0.76733,0.76742,1.50,1.00
2017.11.03 13:13:12.955,0.76732,0.7674,1.37,1.00
2017.11.03 13:13:13.483,0.76732,0.76741,1.12,1.50
2017.11.03 13:13:14.599,0.76732,0.76742,1.12,2.25
2017.11.03 13:13:15.136,0.76733,0.76742,1.00,2.25
2017.11.03 13:13:15.444,0.76734,0.76742,1.37,1.00
2017.11.03 13:13:16.349,0.76734,0.76743,1.31,1.00
2017.11.03 13:13:18.576,0.76734,0.76743,1.44,1.00
2017.11.03 13:13:19.114,0.76734,0.76743,1.50,1.00
2017.11.03 13:13:19.419,0.76735,0.76743,1.62,1.00
2017.11.03 13:13:20.268,0.76736,0.76743,1.62,1.00
2017.11.03 13:13:20.422,0.76736,0.76745,3.75,1.00
2017.11.03 13:13:20.931,0.76738,0.76745,1.50,1.00
2017.11.03 13:13:21.974,0.76737,0.76745,1.12,2.25
2017.11.03 13:13:23.476,0.76738,0.76745,1.00,1.00
2017.11.03 13:13:23.996,0.76738,0.76747,2.32,5.25
2017.11.03 13:13:26.775,0.7674,0.76747,1.00,2.06
2017.11.03 13:13:28.067,0.7674,0.76745,1.00,1.00
2017.11.03 13:13:28.577,0.7674,0.76746,1.00,1.25
2017.11.03 13:13:29.159,0.7674,0.76745,1.00,1.00
2017.11.03 13:13:29.363,0.76741,0.76747,1.00,1.50
2017.11.03 13:13:30.668,0.76743,0.76748,1.00,1.00
2017.11.03 13:13:30.720,0.76744,0.76752,1.12,1.69
2017.11.03 13:13:30.771,0.76744,0.76752,1.00,1.00
2017.11.03 13:13:30.822,0.76747,0.76752,1.00,1.00
2017.11.03 13:13:30.874,0.76748,0.76754,1.00,1.69
2017.11.03 13:13:31.664,0.76748,0.76753,1.00,1.00
2017.11.03 13:13:32.307,0.76748,0.76754,1.00,1.00
2017.11.03 13:13:32.812,0.76748,0.76753,1.00,1.00
2017.11.03 13:13:33.435,0.76748,0.76754,1.10,1.00
2017.11.03 13:13:33.985,0.76748,0.76753,1.10,1.00
2017.11.03 13:13:34.037,0.76748,0.76756,1.10,1.69
2017.11.03 13:13:34.089,0.7675,0.76756,1.00,2.44
2017.11.03 13:13:34.684,0.76748,0.76756,1.20,3.19
2017.11.03 13:13:35.219,0.76749,0.76756,1.20,1.25
2017.11.03 13:13:37.051,0.76752,0.76759,1.00,4.12
2017.11.03 13:13:37.409,0.76749,0.76757,2.70,1.31
2017.11.03 13:13:39.163,0.76753,0.76759,1.12,3.55
2017.11.03 13:13:39.368,0.76754,0.76762,1.12,3.37
2017.11.03 13:13:39.522,0.76755,0.76762,1.20,1.12
2017.11.03 13:13:40.030,0.76755,0.76763,1.20,3.19
2017.11.03 13:13:43.630,0.76756,0.76764,2.32,1.69
2017.11.03 13:13:43.941,0.76758,0.76766,2.70,3.37
2017.11.03 13:13:45.589,0.76758,0.76765,2.70,1.00
2017.11.03 13:13:46.617,0.76758,0.76766,2.32,1.12
2017.11.03 13:13:50.887,0.76758,0.76766,3.07,1.00
2017.11.03 13:13:51.394,0.76762,0.76767,1.00,1.00
2017.11.03 13:13:51.497,0.76764,0.7677,1.12,1.00
2017.11.03 13:13:51.549,0.76766,0.76772,1.00,1.19
2017.11.03 13:13:51.652,0.76761,0.76769,2.70,3.37
2017.11.03 13:13:51.703,0.76763,0.76767,1.00,1.00
2017.11.03 13:13:51.755,0.76761,0.76767,1.00,1.00
2017.11.03 13:13:52.607,0.76763,0.7677,1.00,3.94
2017.11.03 13:13:52.763,0.76765,0.76772,1.57,1.31
2017.11.03 13:13:53.730,0.76768,0.76774,1.00,1.63
2017.11.03 13:13:53.834,0.76768,0.76775,1.00,1.00
2017.11.03 13:13:54.090,0.7677,0.76775,1.00,1.13
2017.11.03 13:13:56.236,0.76771,0.76776,1.00,1.31
2017.11.03 13:13:57.239,0.76771,0.76776,1.00,1.31
2017.11.03 13:13:57.758,0.76771,0.76778,1.00,4.69
2017.11.03 13:14:00.131,0.76771,0.76777,1.00,1.00
2017.11.03 13:14:00.665,0.76771,0.76778,1.10,1.69
2017.11.03 13:14:01.182,0.76771,0.76777,1.00,1.06
2017.11.03 13:14:01.650,0.76771,0.76775,1.10,1.00
2017.11.03 13:14:01.968,0.76771,0.76777,1.10,2.19
2017.11.03 13:14:02.494,0.7677,0.76776,1.50,1.00
2017.11.03 13:14:02.698,0.76775,0.76779,1.00,1.00
2017.11.03 13:14:02.749,0.76777,0.76783,1.00,1.50
2017.11.03 13:14:02.801,0.76777,0.76784,1.00,2.25
2017.11.03 13:14:03.005,0.76778,0.76786,1.07,2.81
2017.11.03 13:14:03.629,0.76778,0.76786,1.00,2.06
2017.11.03 13:14:04.141,0.76777,0.76785,1.20,3.37
2017.11.03 13:14:07.817,0.76779,0.76785,1.00,2.81
2017.11.03 13:14:07.868,0.76777,0.76785,1.10,1.50
2017.11.03 13:14:07.920,0.76775,0.76779,1.00,1.87
2017.11.03 13:14:07.972,0.76771,0.76776,1.19,1.25
2017.11.03 13:14:08.023,0.7677,0.76775,1.12,1.00
2017.11.03 13:14:08.638,0.76769,0.76775,1.00,1.00
2017.11.03 13:14:09.632,0.76769,0.76776,1.00,1.25
2017.11.03 13:14:10.158,0.76768,0.76776,1.57,1.69
2017.11.03 13:14:10.675,0.76767,0.76773,1.00,1.25
2017.11.03 13:14:10.980,0.76766,0.76771,1.00,1.00
2017.11.03 13:14:11.499,0.76764,0.76771,1.07,1.69
2017.11.03 13:14:11.805,0.7676,0.76766,1.00,1.87
2017.11.03 13:14:12.340,0.76761,0.76765,1.00,1.00
2017.11.03 13:14:12.917,0.76759,0.76764,1.00,1.00
2017.11.03 13:14:13.435,0.7676,0.76764,1.00,1.00
2017.11.03 13:14:16.313,0.76759,0.76765,1.00,1.50
2017.11.03 13:14:17.380,0.76759,0.76765,1.00,1.50
2017.11.03 13:14:17.901,0.76759,0.76764,1.00,1.12
2017.11.03 13:14:19.559,0.76755,0.76759,1.50,1.00
2017.11.03 13:14:19.610,0.76752,0.76758,1.20,1.50
2017.11.03 13:14:19.662,0.76754,0.76761,1.00,1.10
2017.11.03 13:14:19.714,0.76757,0.76761,1.00,1.00
2017.11.03 13:14:20.247,0.76757,0.76762,1.00,1.00
2017.11.03 13:14:20.925,0.76755,0.76762,1.10,1.00
2017.11.03 13:14:21.439,0.76756,0.76761,1.00,1.50
2017.11.03 13:14:21.652,0.76752,0.76757,1.00,1.12
2017.11.03 13:14:21.959,0.76749,0.76756,1.10,1.75
2017.11.03 13:14:22.318,0.76747,0.76754,1.95,1.00
2017.11.03 13:14:22.904,0.76747,0.76754,1.37,2.62
2017.11.03 13:14:23.883,0.76747,0.76753,1.12,1.12
2017.11.03 13:14:24.139,0.76749,0.76753,1.00,1.12
2017.11.03 13:14:24.660,0.76748,0.76753,1.00,1.00
2017.11.03 13:14:25.220,0.76749,0.76753,1.00,1.00
2017.11.03 13:14:25.324,0.76748,0.76755,1.31,1.12
2017.11.03 13:14:25.478,0.7675,0.76755,1.00,1.00
2017.11.03 13:14:25.532,0.76748,0.76755,1.12,1.00
2017.11.03 13:14:25.634,0.7675,0.76755,1.00,1.00
2017.11.03 13:14:26.092,0.76748,0.76755,1.01,1.00
2017.11.03 13:14:26.194,0.76748,0.76755,1.48,1.00
2017.11.03 13:14:26.536,0.76752,0.76756,1.00,1.00
2017.11.03 13:14:26.740,0.76752,0.76759,1.00,1.00
2017.11.03 13:14:26.842,0.76753,0.7676,1.50,1.00
2017.11.03 13:14:29.955,0.76755,0.7676,1.00,1.00
2017.11.03 13:14:30.903,0.76754,0.76759,1.00,1.00
2017.11.03 13:14:30.955,0.76752,0.76761,1.50,1.95
2017.11.03 13:14:31.007,0.76755,0.76761,1.00,1.95
2017.11.03 13:14:34.500,0.76757,0.76761,1.00,1.00
2017.11.03 13:14:34.603,0.76757,0.76764,1.00,1.25
2017.11.03 13:14:40.075,0.76758,0.76764,1.00,1.00
2017.11.03 13:14:40.883,0.76758,0.76763,1.00,1.00
2017.11.03 13:14:42.663,0.76758,0.76765,1.00,1.12
2017.11.03 13:14:42.921,0.7676,0.76764,1.00,1.00
2017.11.03 13:14:43.756,0.7676,0.76766,1.00,1.87
2017.11.03 13:14:44.755,0.7676,0.76765,1.00,1.00
2017.11.03 13:14:45.807,0.7676,0.76766,1.00,2.62
2017.11.03 13:14:46.499,0.7676,0.76764,1.00,1.00
2017.11.03 13:14:46.651,0.7676,0.76766,1.00,2.06
2017.11.03 13:14:48.655,0.7676,0.76766,1.00,3.56
2017.11.03 13:14:48.760,0.76763,0.76769,1.00,3.19
2017.11.03 13:14:48.863,0.76763,0.76769,1.00,2.25
2017.11.03 13:14:48.915,0.76766,0.7677,1.00,4.69
2017.11.03 13:14:49.075,0.76765,0.76771,1.00,1.50
2017.11.03 13:14:49.179,0.76767,0.76772,1.00,1.87
2017.11.03 13:14:49.737,0.76767,0.76772,1.00,1.12
2017.11.03 13:14:50.247,0.76768,0.76773,1.00,1.00
2017.11.03 13:14:52.007,0.76768,0.76774,1.00,1.31
2017.11.03 13:14:52.537,0.76768,0.76773,1.00,1.00
2017.11.03 13:14:53.388,0.76768,0.76775,1.00,2.06
2017.11.03 13:14:53.690,0.76771,0.76776,1.00,4.58
2017.11.03 13:14:54.407,0.76771,0.76776,1.00,1.12
2017.11.03 13:14:54.459,0.76769,0.76776,1.00,1.12
2017.11.03 13:14:55.708,0.76769,0.76775,1.00,1.00
2017.11.03 13:14:57.268,0.76769,0.76777,1.00,4.50
2017.11.03 13:14:58.342,0.76772,0.7678,1.00,5.06
2017.11.03 13:14:58.869,0.76773,0.7678,1.00,1.31
2017.11.03 13:15:00.309,0.76773,0.76778,1.00,5.44
2017.11.03 13:15:00.360,0.76769,0.76777,1.10,1.87
2017.11.03 13:15:00.884,0.7677,0.76777,1.00,1.87
2017.11.03 13:15:01.037,0.76768,0.76777,1.57,1.50
2017.11.03 13:15:01.920,0.76769,0.76777,1.00,6.00
2017.11.03 13:15:04.106,0.76769,0.76776,1.00,1.00
2017.11.03 13:15:04.555,0.76766,0.76771,1.29,1.12
2017.11.03 13:15:04.607,0.76765,0.76771,1.00,1.00
2017.11.03 13:15:05.117,0.76766,0.76773,1.00,5.62
2017.11.03 13:15:05.751,0.76766,0.76774,1.00,3.94
2017.11.03 13:15:05.802,0.76768,0.76774,1.00,1.95
2017.11.03 13:15:05.955,0.76769,0.76775,1.00,2.81
2017.11.03 13:15:09.312,0.76767,0.76774,1.50,3.75
2017.11.03 13:15:09.414,0.76767,0.76774,1.00,5.06
2017.11.03 13:15:09.619,0.76766,0.76772,1.00,1.00
2017.11.03 13:15:10.147,0.76766,0.76772,1.00,2.81
2017.11.03 13:15:11.394,0.76766,0.76772,1.00,1.87
2017.11.03 13:15:11.890,0.76763,0.76767,1.00,1.31
2017.11.03 13:15:11.942,0.7676,0.76767,1.12,2.81
2017.11.03 13:15:12.099,0.7676,0.76767,1.00,5.62
2017.11.03 13:15:12.151,0.76757,0.76765,1.10,1.00
2017.11.03 13:15:12.405,0.76756,0.76762,1.00,1.00
2017.11.03 13:15:12.867,0.76755,0.76761,1.00,1.37
2017.11.03 13:15:12.918,0.76757,0.76762,1.00,1.31
2017.11.03 13:15:13.929,0.76755,0.76763,1.00,3.19
2017.11.03 13:15:15.257,0.76755,0.76763,1.00,1.00
2017.11.03 13:15:15.778,0.76754,0.76762,1.10,1.31
2017.11.03 13:15:17.091,0.76753,0.76762,1.25,1.12
2017.11.03 13:15:17.193,0.76752,0.76761,1.76,3.94
2017.11.03 13:15:18.762,0.7675,0.76757,1.10,3.19
2017.11.03 13:15:18.864,0.76747,0.76755,1.07,2.81
2017.11.03 13:15:19.074,0.76745,0.76754,2.89,1.12
2017.11.03 13:15:21.114,0.76745,0.76754,1.01,2.25
2017.11.03 13:15:21.625,0.76744,0.76753,1.87,1.50
2017.11.03 13:15:21.931,0.76743,0.76751,1.10,1.00
2017.11.03 13:15:22.495,0.76742,0.76751,1.01,1.00
2017.11.03 13:15:23.035,0.76742,0.76752,1.01,3.37
2017.11.03 13:15:23.556,0.76742,0.76752,1.01,2.25
2017.11.03 13:15:24.131,0.76743,0.76752,1.00,2.62
2017.11.03 13:15:24.669,0.76743,0.76752,1.20,2.62
2017.11.03 13:15:25.718,0.76743,0.76752,1.20,1.12
2017.11.03 13:15:27.110,0.76744,0.76753,1.57,1.37
2017.11.03 13:15:27.164,0.76746,0.76754,1.87,1.00
2017.11.03 13:15:27.420,0.76745,0.76752,2.14,1.00
2017.11.03 13:15:27.928,0.76744,0.76752,2.51,1.00
2017.11.03 13:15:31.896,0.76746,0.76752,1.00,1.00
2017.11.03 13:15:32.049,0.76743,0.76752,2.32,1.00
2017.11.03 13:15:32.574,0.76745,0.76752,1.10,1.00
2017.11.03 13:15:34.392,0.76747,0.76752,1.00,1.00
2017.11.03 13:15:34.903,0.76745,0.76752,1.20,1.00
2017.11.03 13:15:36.951,0.76745,0.76752,1.18,1.00
2017.11.03 13:15:37.158,0.76746,0.76754,2.12,1.00
2017.11.03 13:15:37.315,0.76749,0.76755,2.25,1.00
2017.11.03 13:15:37.762,0.76748,0.76753,1.00,1.00
2017.11.03 13:15:42.273,0.76746,0.76753,1.20,1.00
2017.11.03 13:15:43.061,0.76747,0.76753,1.10,1.00
2017.11.03 13:15:43.866,0.76748,0.76755,1.00,1.12
2017.11.03 13:15:43.917,0.76746,0.76755,1.20,1.12
2017.11.03 13:15:45.720,0.76746,0.76755,1.57,1.37
2017.11.03 13:15:46.335,0.76745,0.76753,1.39,1.00
2017.11.03 13:15:46.851,0.76745,0.76751,1.00,1.00
2017.11.03 13:15:47.397,0.76744,0.7675,1.00,1.00
2017.11.03 13:15:54.702,0.76745,0.76753,2.25,1.25
2017.11.03 13:15:55.008,0.76748,0.76755,1.00,5.44
2017.11.03 13:16:00.228,0.76748,0.76752,1.00,1.00
2017.11.03 13:16:00.280,0.76745,0.76752,1.95,1.00
2017.11.03 13:16:00.629,0.76743,0.76752,3.19,1.00
2017.11.03 13:16:01.991,0.76743,0.76752,2.81,1.00
2017.11.03 13:16:02.528,0.76743,0.76752,2.44,1.00
2017.11.03 13:16:03.087,0.76742,0.76751,1.69,1.00
2017.11.03 13:16:03.283,0.76739,0.76745,2.06,1.00
2017.11.03 13:16:03.335,0.76738,0.76745,1.12,1.00
2017.11.03 13:16:06.392,0.76737,0.76745,1.00,1.13
2017.11.03 13:16:06.443,0.76736,0.76743,1.00,1.00
2017.11.03 13:16:06.547,0.76734,0.76743,1.76,1.13
2017.11.03 13:16:06.598,0.76733,0.7674,1.00,1.00
2017.11.03 13:16:10.354,0.76731,0.7674,3.94,1.12
2017.11.03 13:16:10.964,0.76731,0.76741,3.75,2.32
2017.11.03 13:16:13.254,0.76731,0.76739,1.31,3.75
2017.11.03 13:16:13.407,0.76726,0.76735,1.95,1.00
2017.11.03 13:16:13.901,0.76726,0.76737,2.14,3.64
2017.11.03 13:16:14.416,0.76726,0.76736,3.45,2.14
2017.11.03 13:16:14.467,0.76725,0.76734,1.50,1.12
2017.11.03 13:16:14.973,0.76724,0.76734,1.37,2.70
2017.11.03 13:16:15.543,0.76723,0.76732,1.95,1.00
2017.11.03 13:16:16.069,0.76722,0.76732,3.64,1.12
2017.11.03 13:16:16.771,0.76723,0.76734,1.95,3.19
2017.11.03 13:16:18.220,0.76723,0.76731,1.87,1.13
2017.11.03 13:16:18.526,0.76721,0.76726,1.87,1.37
2017.11.03 13:16:18.578,0.76716,0.76726,2.70,1.87
2017.11.03 13:16:18.630,0.76718,0.76727,1.37,1.00
2017.11.03 13:16:18.784,0.76717,0.76726,1.10,1.50
2017.11.03 13:16:19.231,0.7672,0.76726,1.00,1.50
2017.11.03 13:16:19.283,0.76721,0.7673,2.70,1.50
2017.11.03 13:16:19.792,0.76722,0.76731,1.87,1.12
2017.11.03 13:16:20.512,0.76722,0.76732,4.39,1.00
2017.11.03 13:16:21.069,0.76722,0.76732,4.20,1.00
2017.11.03 13:16:21.592,0.76722,0.76731,1.57,1.00
2017.11.03 13:16:22.232,0.76722,0.76731,5.14,1.00
2017.11.03 13:16:22.764,0.76722,0.76731,5.33,1.00
2017.11.03 13:16:27.283,0.76722,0.76731,3.75,1.00
2017.11.03 13:16:27.859,0.76723,0.76731,1.50,1.00
2017.11.03 13:16:27.980,0.76723,0.76733,3.37,1.25
2017.11.03 13:16:28.330,0.76732,0.76741,1.00,1.39
2017.11.03 13:16:28.858,0.76731,0.76741,3.45,1.01
2017.11.03 13:16:29.922,0.76732,0.7674,2.25,1.00
2017.11.03 13:16:30.432,0.76734,0.7674,1.00,1.00
2017.11.03 13:16:30.945,0.76735,0.76743,1.00,1.50
2017.11.03 13:16:31.098,0.76735,0.76744,1.00,2.81
2017.11.03 13:16:31.637,0.76736,0.76745,1.00,4.50
2017.11.03 13:16:34.558,0.76736,0.76744,1.12,1.50
2017.11.03 13:16:36.194,0.76736,0.76744,1.12,1.31
2017.11.03 13:16:38.105,0.76735,0.76745,1.12,3.56
2017.11.03 13:16:41.959,0.76734,0.76741,1.95,1.00
2017.11.03 13:16:42.469,0.76734,0.76742,1.00,2.44
2017.11.03 13:16:43.405,0.76734,0.76742,1.00,2.25
2017.11.03 13:16:43.969,0.76734,0.76742,1.00,1.12
2017.11.03 13:16:44.479,0.76734,0.76742,1.00,2.25
2017.11.03 13:16:44.784,0.7673,0.76737,1.12,2.81
2017.11.03 13:16:44.836,0.76727,0.76737,4.57,4.31
2017.11.03 13:16:45.149,0.76727,0.76736,1.00,3.83
2017.11.03 13:16:45.960,0.76726,0.76736,1.39,1.10
2017.11.03 13:16:46.597,0.76725,0.76736,5.51,2.70
2017.11.03 13:16:47.507,0.76725,0.76737,4.39,7.01
2017.11.03 13:16:48.111,0.76726,0.76736,1.01,1.58
2017.11.03 13:16:48.639,0.76726,0.76735,1.01,1.00
2017.11.03 13:16:49.539,0.76725,0.76735,4.01,2.25
2017.11.03 13:16:49.846,0.76725,0.76732,1.00,1.00
2017.11.03 13:16:50.366,0.76724,0.76732,1.50,1.00
2017.11.03 13:16:51.150,0.76724,0.76733,1.12,1.50
2017.11.03 13:16:51.534,0.76727,0.76736,1.50,1.13
2017.11.03 13:16:51.895,0.76725,0.76735,2.14,1.01
2017.11.03 13:16:52.502,0.76725,0.76735,2.14,1.95
2017.11.03 13:16:53.038,0.76725,0.76735,2.14,1.20
2017.11.03 13:16:54.500,0.76725,0.76735,3.64,1.95
2017.11.03 13:16:54.755,0.76727,0.76735,1.50,1.00
2017.11.03 13:16:55.061,0.76733,0.76741,1.00,1.25
2017.11.03 13:16:58.019,0.7673,0.76737,1.00,1.87
2017.11.03 13:16:58.071,0.76728,0.76737,1.87,3.00
2017.11.03 13:16:58.275,0.76726,0.76736,4.20,1.69
2017.11.03 13:16:58.816,0.76726,0.76736,3.00,2.00
2017.11.03 13:16:59.417,0.76726,0.76736,1.50,1.81
2017.11.03 13:16:59.468,0.76728,0.76737,1.37,1.00
2017.11.03 13:16:59.810,0.76732,0.76741,3.37,1.50
2017.11.03 13:17:01.240,0.76732,0.7674,1.87,2.25
2017.11.03 13:17:01.343,0.76728,0.76737,2.32,1.88
2017.11.03 13:17:01.752,0.76727,0.76736,1.69,1.50
2017.11.03 13:17:02.033,0.76728,0.76737,1.50,1.00
2017.11.03 13:17:02.888,0.76728,0.76739,2.62,3.64
2017.11.03 13:17:03.333,0.76732,0.76741,1.50,2.25
2017.11.03 13:17:03.644,0.76732,0.76737,1.00,1.37
2017.11.03 13:17:03.696,0.76728,0.76737,1.57,1.87
2017.11.03 13:17:03.851,0.76727,0.76736,1.20,1.25
2017.11.03 13:17:04.513,0.76727,0.76736,1.95,1.44
2017.11.03 13:17:05.133,0.76727,0.76736,1.20,1.31
2017.11.03 13:17:05.826,0.76727,0.76736,1.95,1.31
2017.11.03 13:17:06.383,0.76727,0.76736,1.95,1.69
2017.11.03 13:17:08.312,0.76727,0.76736,1.50,3.64
2017.11.03 13:17:08.820,0.76727,0.76736,1.00,6.45
2017.11.03 13:17:09.132,0.76725,0.76733,1.07,1.50
2017.11.03 13:17:09.643,0.76725,0.76732,1.12,1.00
2017.11.03 13:17:10.356,0.76725,0.76732,1.12,1.19
2017.11.03 13:17:10.907,0.76725,0.76732,1.00,1.00
2017.11.03 13:17:11.446,0.76725,0.76733,1.00,4.50
2017.11.03 13:17:11.548,0.76725,0.76733,1.00,2.81
2017.11.03 13:17:12.215,0.76725,0.76733,1.00,3.94
2017.11.03 13:17:12.896,0.76725,0.76733,1.00,3.00
2017.11.03 13:17:13.554,0.76725,0.76733,1.00,3.00
2017.11.03 13:17:14.208,0.76725,0.76733,1.00,2.81
2017.11.03 13:17:14.948,0.76725,0.76733,1.00,3.00
2017.11.03 13:17:15.564,0.76725,0.76733,1.00,2.81
2017.11.03 13:17:17.555,0.76724,0.76733,2.70,1.00
2017.11.03 13:17:17.607,0.76726,0.76733,1.12,1.00
2017.11.03 13:17:17.971,0.7673,0.76739,1.50,5.89
2017.11.03 13:17:18.022,0.76731,0.7674,3.00,1.57
2017.11.03 13:17:18.277,0.76731,0.76741,3.37,1.00
2017.11.03 13:17:18.824,0.76732,0.76741,1.57,1.00
2017.11.03 13:17:22.417,0.76732,0.76741,2.51,1.00
2017.11.03 13:17:22.723,0.76728,0.76736,1.37,1.12
2017.11.03 13:17:22.775,0.76726,0.76735,3.45,1.00
2017.11.03 13:17:23.776,0.76729,0.76735,1.12,1.00
2017.11.03 13:17:23.880,0.76731,0.76739,4.50,1.87
2017.11.03 13:17:23.983,0.76734,0.76742,1.87,1.20
2017.11.03 13:17:24.303,0.76732,0.76739,1.00,3.38
2017.11.03 13:17:24.609,0.7673,0.76739,5.32,1.00
2017.11.03 13:17:25.292,0.7673,0.76739,1.37,1.50
2017.11.03 13:17:25.450,0.7673,0.76737,1.12,1.00
2017.11.03 13:17:25.559,0.76727,0.76735,1.10,1.00
2017.11.03 13:17:26.576,0.76727,0.76735,1.12,1.88
2017.11.03 13:17:27.118,0.76727,0.76735,1.00,1.69
2017.11.03 13:17:27.796,0.76725,0.76735,3.26,2.44
2017.11.03 13:17:28.488,0.76727,0.76735,1.00,2.06
2017.11.03 13:17:29.019,0.76725,0.76735,3.37,2.81
2017.11.03 13:17:29.070,0.76725,0.76733,3.75,1.00
2017.11.03 13:17:29.581,0.76725,0.76733,1.00,3.45
2017.11.03 13:17:30.370,0.76724,0.76733,3.37,1.76
2017.11.03 13:17:30.958,0.76725,0.76733,2.25,1.39
2017.11.03 13:17:32.394,0.76724,0.76733,3.75,1.87
2017.11.03 13:17:32.913,0.76724,0.76733,4.50,1.25
2017.11.03 13:17:34.252,0.76726,0.76733,2.25,1.00
2017.11.03 13:17:34.303,0.76725,0.76735,5.06,2.06
2017.11.03 13:17:34.354,0.76725,0.76735,2.62,2.06
2017.11.03 13:17:37.227,0.76725,0.76735,7.12,1.69
2017.11.03 13:17:37.278,0.76727,0.76735,1.37,1.25
2017.11.03 13:17:38.721,0.76727,0.76735,1.00,1.39
2017.11.03 13:17:40.146,0.76727,0.76734,1.12,1.13
2017.11.03 13:17:40.565,0.7672,0.76726,1.69,2.44
2017.11.03 13:17:40.626,0.76718,0.76726,1.69,1.00
2017.11.03 13:17:40.677,0.76722,0.76727,2.25,1.00
2017.11.03 13:17:40.782,0.76723,0.7673,1.00,1.76
2017.11.03 13:17:41.088,0.76723,0.76731,1.12,2.14
2017.11.03 13:17:41.510,0.7672,0.76727,1.39,1.50
2017.11.03 13:17:41.768,0.76718,0.76726,1.00,2.44
2017.11.03 13:17:42.493,0.7672,0.76726,3.00,1.00
2017.11.03 13:17:42.544,0.76721,0.76728,3.75,1.25
2017.11.03 13:17:43.063,0.76721,0.76728,1.50,1.00
2017.11.03 13:17:43.167,0.76719,0.76727,1.00,1.88
2017.11.03 13:17:43.669,0.76718,0.76726,2.25,1.00
2017.11.03 13:17:44.344,0.76717,0.76725,3.56,1.00
2017.11.03 13:17:50.356,0.76717,0.76725,2.81,1.00
2017.11.03 13:17:53.103,0.76717,0.76725,1.69,1.00
2017.11.03 13:17:53.410,0.76721,0.76727,2.62,1.95
2017.11.03 13:17:53.462,0.7672,0.76729,2.62,2.14
2017.11.03 13:17:53.806,0.76721,0.7673,2.62,1.20
2017.11.03 13:17:53.857,0.76723,0.76731,1.12,1.00
2017.11.03 13:17:57.423,0.76723,0.7673,1.57,1.00
2017.11.03 13:17:57.626,0.76722,0.76727,1.10,1.00
2017.11.03 13:17:57.678,0.7672,0.76727,3.56,1.50
2017.11.03 13:17:57.729,0.7672,0.76725,2.81,1.00
2017.11.03 13:17:57.933,0.76717,0.76725,3.82,1.00
2017.11.03 13:17:58.789,0.76721,0.76727,1.00,1.76
2017.11.03 13:17:58.892,0.76726,0.76733,1.00,1.70
2017.11.03 13:17:58.943,0.76731,0.76735,2.25,1.87
2017.11.03 13:17:58.994,0.76733,0.76737,1.37,1.50
2017.11.03 13:17:59.046,0.76735,0.76742,1.45,2.31
2017.11.03 13:17:59.149,0.76738,0.76744,1.00,1.69
2017.11.03 13:17:59.284,0.7674,0.76744,1.00,1.25
2017.11.03 13:17:59.803,0.76739,0.76746,1.00,1.29
2017.11.03 13:18:08.499,0.76739,0.76748,1.12,6.64
2017.11.03 13:18:09.019,0.76739,0.76746,1.12,1.31
2017.11.03 13:18:09.577,0.76739,0.76747,1.12,2.25
2017.11.03 13:18:15.621,0.76737,0.76746,1.10,3.56
2017.11.03 13:18:15.937,0.7673,0.76738,3.45,3.00
2017.11.03 13:18:16.243,0.76734,0.76741,1.00,2.63
2017.11.03 13:18:16.548,0.76731,0.7674,3.07,3.47
2017.11.03 13:18:16.600,0.7673,0.76737,1.50,1.50
2017.11.03 13:18:16.702,0.7673,0.76735,1.12,1.00
2017.11.03 13:18:16.906,0.7673,0.76738,1.50,2.44
2017.11.03 13:18:17.042,0.76733,0.76738,2.25,1.00
2017.11.03 13:18:17.094,0.76731,0.76737,1.10,1.12
2017.11.03 13:18:17.942,0.76729,0.76737,1.95,1.50
2017.11.03 13:18:18.408,0.76728,0.76737,1.57,2.63
2017.11.03 13:18:19.000,0.76728,0.76736,1.57,1.69
2017.11.03 13:18:19.532,0.76728,0.76737,1.57,2.44
2017.11.03 13:18:20.898,0.76735,0.76741,1.00,1.01
2017.11.03 13:18:21.415,0.76735,0.76744,1.00,5.25
2017.11.03 13:18:22.405,0.76735,0.76743,1.50,1.31
2017.11.03 13:18:22.945,0.76735,0.76743,1.00,1.19
2017.11.03 13:18:23.564,0.76736,0.76745,1.12,1.39
2017.11.03 13:18:23.740,0.76736,0.76746,4.95,1.76
2017.11.03 13:18:24.202,0.76741,0.76748,1.12,1.00
2017.11.03 13:18:24.355,0.76744,0.76752,1.12,1.10
2017.11.03 13:18:24.898,0.76746,0.76753,1.00,2.63
2017.11.03 13:18:25.424,0.76746,0.76755,1.00,1.44
2017.11.03 13:18:25.731,0.76747,0.76756,1.57,2.06
2017.11.03 13:18:26.837,0.76747,0.76756,1.20,3.19
2017.11.03 13:18:27.352,0.76747,0.76755,1.57,1.00
2017.11.03 13:18:27.958,0.76747,0.76756,1.57,3.19
2017.11.03 13:18:28.514,0.76745,0.76753,3.26,1.25
2017.11.03 13:18:29.015,0.76745,0.76754,4.76,1.00
2017.11.03 13:18:29.541,0.76746,0.76753,1.07,1.00
2017.11.03 13:18:30.149,0.76746,0.76754,1.07,1.00
2017.11.03 13:18:30.663,0.76745,0.76753,2.51,1.00
2017.11.03 13:18:31.233,0.76745,0.76753,3.07,1.00
2017.11.03 13:18:31.285,0.76746,0.76755,1.95,1.00
2017.11.03 13:18:31.796,0.76753,0.76758,1.50,1.69
2017.11.03 13:18:32.111,0.76759,0.76767,1.37,2.70
2017.11.03 13:18:32.264,0.76761,0.7677,1.85,2.53
2017.11.03 13:18:32.367,0.7676,0.76767,1.50,1.25
2017.11.03 13:18:32.911,0.76758,0.76767,1.95,1.87
2017.11.03 13:18:33.422,0.76758,0.76767,1.57,1.88
2017.11.03 13:18:34.036,0.76757,0.76765,1.57,1.25
2017.11.03 13:18:34.552,0.76758,0.76766,1.12,1.12
2017.11.03 13:18:35.148,0.76758,0.76766,1.10,1.31
2017.11.03 13:18:35.698,0.76758,0.76766,1.10,1.31
2017.11.03 13:18:36.927,0.76758,0.76766,1.10,1.31
2017.11.03 13:18:37.472,0.76758,0.76767,1.10,1.76
2017.11.03 13:18:38.080,0.76758,0.76767,1.10,3.45
2017.11.03 13:18:38.699,0.76758,0.76767,1.10,2.44
2017.11.03 13:18:39.936,0.76757,0.76764,1.20,1.25
2017.11.03 13:18:40.455,0.76757,0.76765,1.12,1.25
2017.11.03 13:18:41.112,0.76757,0.76764,1.12,1.25
2017.11.03 13:18:43.263,0.76757,0.76765,1.00,1.25
2017.11.03 13:18:43.567,0.76755,0.76762,1.20,2.06
2017.11.03 13:18:43.619,0.76753,0.76763,2.25,3.82
2017.11.03 13:18:43.722,0.76755,0.76764,1.57,1.01
2017.11.03 13:18:44.029,0.76758,0.76766,1.00,1.01
2017.11.03 13:18:44.408,0.76758,0.76767,1.87,1.44
2017.11.03 13:18:44.959,0.76759,0.76768,1.57,2.89
2017.11.03 13:18:45.477,0.76759,0.76768,1.00,4.58
2017.11.03 13:18:46.031,0.76759,0.76768,1.00,3.83
2017.11.03 13:18:46.573,0.76758,0.76766,1.00,2.25
2017.11.03 13:18:47.693,0.76762,0.76768,3.37,1.20
2017.11.03 13:18:47.745,0.76762,0.76771,3.38,1.39
2017.11.03 13:18:47.796,0.76761,0.76768,1.95,1.00
2017.11.03 13:18:47.848,0.76762,0.76772,1.87,1.01
2017.11.03 13:18:48.316,0.76765,0.76773,1.76,1.00
2017.11.03 13:18:48.368,0.76766,0.76775,3.26,1.25
2017.11.03 13:18:48.891,0.76766,0.76775,3.26,1.25
2017.11.03 13:18:49.612,0.76766,0.76775,3.26,1.00
2017.11.03 13:18:53.017,0.76768,0.76775,1.57,1.00
2017.11.03 13:18:53.523,0.76766,0.76775,3.45,1.00
2017.11.03 13:18:58.788,0.76766,0.76775,3.07,1.44
2017.11.03 13:18:58.980,0.76765,0.76771,1.95,1.00
2017.11.03 13:18:59.186,0.76763,0.76771,1.57,1.00
2017.11.03 13:19:00.078,0.76763,0.76771,2.70,1.00
2017.11.03 13:19:02.492,0.7676,0.76767,1.95,1.00
2017.11.03 13:19:02.800,0.76758,0.76765,1.47,1.00
2017.11.03 13:19:03.372,0.76757,0.76765,2.70,1.00
2017.11.03 13:19:03.920,0.76757,0.76764,1.20,1.00
2017.11.03 13:19:04.586,0.76757,0.76764,1.50,1.00
2017.11.03 13:19:06.225,0.76759,0.76765,1.37,1.00
2017.11.03 13:19:09.551,0.76758,0.76765,1.95,1.00
2017.11.03 13:19:10.058,0.76758,0.76765,1.10,1.00
2017.11.03 13:19:10.365,0.7676,0.76766,1.20,1.00
2017.11.03 13:19:10.875,0.76761,0.76766,1.12,1.00
2017.11.03 13:19:11.041,0.76761,0.76768,1.20,1.00
2017.11.03 13:19:13.718,0.76761,0.7677,1.57,2.06
2017.11.03 13:19:14.412,0.76762,0.76772,1.88,3.82
2017.11.03 13:19:14.463,0.76764,0.76773,1.00,2.51
2017.11.03 13:19:14.566,0.76766,0.76775,1.00,2.51
2017.11.03 13:19:14.617,0.76766,0.76775,1.00,2.44
2017.11.03 13:19:15.128,0.76767,0.76776,1.57,1.12
2017.11.03 13:19:15.979,0.76769,0.76777,1.00,2.81
2017.11.03 13:19:24.289,0.76769,0.76777,1.50,1.25
2017.11.03 13:19:24.443,0.76772,0.76781,6.00,1.25
2017.11.03 13:19:26.371,0.76774,0.76783,1.00,1.25
2017.11.03 13:19:26.831,0.76774,0.76785,4.57,3.56
2017.11.03 13:19:26.934,0.76775,0.76785,1.20,2.81
2017.11.03 13:19:29.214,0.76775,0.76785,1.95,2.62
2017.11.03 13:19:29.654,0.76777,0.76787,1.12,4.20
2017.11.03 13:19:30.165,0.76778,0.76785,1.00,1.13
2017.11.03 13:19:30.704,0.76778,0.76786,1.00,1.50
2017.11.03 13:19:31.222,0.76778,0.76785,1.00,1.25
2017.11.03 13:19:31.751,0.76778,0.76786,1.00,1.50
2017.11.03 13:19:32.269,0.76778,0.76785,1.00,1.31
2017.11.03 13:19:35.098,0.76778,0.76787,1.00,2.81
2017.11.03 13:19:36.156,0.76777,0.76785,1.10,1.00
2017.11.03 13:19:45.502,0.76777,0.76786,1.31,1.01
2017.11.03 13:19:46.561,0.76779,0.76786,1.00,1.25
2017.11.03 13:19:48.463,0.76778,0.76786,2.25,1.25
2017.11.03 13:19:49.033,0.76778,0.76785,1.50,1.19
2017.11.03 13:19:49.681,0.76779,0.76785,1.00,1.19
2017.11.03 13:19:50.452,0.76777,0.76784,1.10,1.31
2017.11.03 13:19:50.656,0.76775,0.76783,1.87,1.25
2017.11.03 13:19:51.187,0.76773,0.76783,4.57,2.14
2017.11.03 13:19:51.766,0.76775,0.76783,1.00,1.19
2017.11.03 13:19:52.267,0.76774,0.76783,2.70,1.19
2017.11.03 13:19:52.921,0.7677,0.76777,2.25,1.69
2017.11.03 13:19:53.463,0.7677,0.76777,1.00,1.62
2017.11.03 13:19:53.770,0.76772,0.7678,1.69,1.70
2017.11.03 13:19:53.822,0.7677,0.76778,1.95,1.69
2017.11.03 13:19:54.107,0.76772,0.76783,2.81,4.01
2017.11.03 13:19:54.210,0.76774,0.76781,1.00,1.10
2017.11.03 13:19:54.728,0.76774,0.76782,1.00,1.76
2017.11.03 13:19:56.912,0.76771,0.76779,3.00,1.95
2017.11.03 13:19:57.218,0.76769,0.76778,1.00,5.89
2017.11.03 13:19:59.948,0.7677,0.76778,3.38,1.50
2017.11.03 13:20:00.410,0.76769,0.76776,1.87,1.00
2017.11.03 13:20:00.937,0.76769,0.76778,1.50,4.39
2017.11.03 13:20:01.940,0.7677,0.76778,1.00,1.39
2017.11.03 13:20:02.459,0.76769,0.76778,1.95,3.64
2017.11.03 13:20:03.507,0.76771,0.76778,1.00,1.69
2017.11.03 13:20:03.866,0.76771,0.7678,1.50,1.76
2017.11.03 13:20:04.222,0.76773,0.7678,1.00,1.69
2017.11.03 13:20:04.634,0.76772,0.76777,1.00,1.25
2017.11.03 13:20:04.686,0.7677,0.76777,1.12,1.25
2017.11.03 13:20:04.839,0.76771,0.76777,1.50,1.25
2017.11.03 13:20:04.891,0.76772,0.7678,1.50,2.14
2017.11.03 13:20:05.045,0.76775,0.76782,1.00,1.39
2017.11.03 13:20:06.732,0.76777,0.76783,1.00,1.19
2017.11.03 13:20:06.784,0.76777,0.76785,1.00,1.69
2017.11.03 13:20:07.293,0.76777,0.76784,1.50,1.00
2017.11.03 13:20:07.813,0.76777,0.76786,2.25,1.76
2017.11.03 13:20:07.865,0.76779,0.76786,1.00,1.19
2017.11.03 13:20:09.401,0.7678,0.76786,1.00,1.19
2017.11.03 13:20:09.928,0.76779,0.76786,1.00,1.19
2017.11.03 13:20:11.393,0.7678,0.76786,1.00,1.19
2017.11.03 13:20:12.758,0.76778,0.76784,1.12,1.00
2017.11.03 13:20:12.913,0.76776,0.76783,2.62,1.00
2017.11.03 13:20:13.827,0.76776,0.76782,1.12,1.00
2017.11.03 13:20:14.436,0.76776,0.76783,1.12,1.00
2017.11.03 13:20:15.120,0.76776,0.76782,1.00,1.00
2017.11.03 13:20:15.737,0.76776,0.76783,1.00,1.00
2017.11.03 13:20:16.416,0.76776,0.76782,1.00,1.00
2017.11.03 13:20:17.838,0.76776,0.76783,1.00,1.00
2017.11.03 13:20:18.648,0.76776,0.76784,1.00,1.57
2017.11.03 13:20:19.449,0.76777,0.76785,1.00,1.76
2017.11.03 13:20:20.025,0.76777,0.76785,1.00,1.31
2017.11.03 13:20:20.740,0.76777,0.76784,1.00,1.00
2017.11.03 13:20:21.365,0.76777,0.76785,1.00,1.31
2017.11.03 13:20:23.017,0.76777,0.76784,1.00,1.00
2017.11.03 13:20:23.538,0.76777,0.76785,1.00,1.31
2017.11.03 13:20:24.441,0.76777,0.76784,1.00,1.25
2017.11.03 13:20:33.069,0.76778,0.76785,1.50,1.19
2017.11.03 13:20:35.117,0.76779,0.76785,1.12,1.19
2017.11.03 13:20:35.219,0.76782,0.76787,1.50,1.25
2017.11.03 13:20:35.271,0.7678,0.76788,1.37,2.81
2017.11.03 13:20:35.374,0.76779,0.76788,3.07,4.31
2017.11.03 13:20:35.887,0.7678,0.76788,1.50,1.69
2017.11.03 13:20:38.630,0.76781,0.7679,1.00,3.07
2017.11.03 13:20:38.943,0.7678,0.76787,1.95,1.00
2017.11.03 13:20:39.456,0.76778,0.76787,4.57,1.31
2017.11.03 13:20:39.960,0.76778,0.76786,5.32,1.00
2017.11.03 13:20:40.767,0.76778,0.76787,4.20,1.25
2017.11.03 13:20:41.466,0.76778,0.76786,4.20,1.00
2017.11.03 13:20:54.879,0.7678,0.76787,1.00,2.44
2017.11.03 13:20:55.083,0.76778,0.76787,3.45,1.69
2017.11.03 13:20:55.622,0.76779,0.76787,1.57,1.69
2017.11.03 13:20:57.274,0.7678,0.76787,1.10,1.31
2017.11.03 13:20:59.526,0.7678,0.76787,1.00,2.14
2017.11.03 13:21:00.792,0.7678,0.76787,1.00,2.14
2017.11.03 13:21:01.593,0.7678,0.76788,1.00,3.26
2017.11.03 13:21:02.152,0.7678,0.76787,1.00,1.00
2017.11.03 13:21:02.517,0.76778,0.76787,1.87,1.57
2017.11.03 13:21:03.996,0.76778,0.76787,1.50,2.70
2017.11.03 13:21:04.522,0.76778,0.76786,1.50,1.00
2017.11.03 13:21:07.009,0.76778,0.76786,1.50,1.95
2017.11.03 13:21:08.529,0.76778,0.76786,1.87,1.57
2017.11.03 13:21:16.255,0.76777,0.76786,1.37,2.51
2017.11.03 13:21:16.506,0.76773,0.76777,1.00,1.00
2017.11.03 13:21:16.558,0.76772,0.7678,3.37,1.25
2017.11.03 13:21:16.762,0.76774,0.76782,1.12,1.20
2017.11.03 13:21:17.265,0.76776,0.76782,1.00,1.00
2017.11.03 13:21:17.861,0.76775,0.76782,1.50,1.00
2017.11.03 13:21:21.715,0.76774,0.76781,1.37,1.00
2017.11.03 13:21:22.023,0.76769,0.76775,1.12,1.00
2017.11.03 13:21:24.026,0.76768,0.76775,1.50,1.00
2017.11.03 13:21:24.584,0.76767,0.76775,1.00,1.20
2017.11.03 13:21:25.307,0.76768,0.76775,1.00,1.00
2017.11.03 13:21:25.826,0.76767,0.76775,1.00,1.95
2017.11.03 13:21:26.441,0.76767,0.76774,1.00,1.00
2017.11.03 13:21:27.271,0.76768,0.76774,1.00,1.00
2017.11.03 13:21:28.340,0.76767,0.76773,1.00,1.00
2017.11.03 13:21:28.864,0.76766,0.76772,1.00,1.00
2017.11.03 13:21:29.550,0.76766,0.76773,1.00,1.10
2017.11.03 13:21:30.061,0.76764,0.76772,4.31,1.00
2017.11.03 13:21:30.647,0.76764,0.76771,1.00,1.12
2017.11.03 13:21:30.704,0.76762,0.76771,2.81,1.50
2017.11.03 13:21:32.022,0.76762,0.7677,2.81,1.00
2017.11.03 13:21:32.228,0.76759,0.76768,3.37,1.00
2017.11.03 13:21:32.534,0.76757,0.76765,3.37,1.10
2017.11.03 13:21:32.936,0.76761,0.76769,4.12,1.20
2017.11.03 13:21:33.401,0.76761,0.7677,5.25,1.20
2017.11.03 13:21:33.606,0.76759,0.76768,3.82,1.00
2017.11.03 13:21:33.833,0.76762,0.76769,1.50,1.00
2017.11.03 13:21:34.344,0.76761,0.7677,2.70,2.32
2017.11.03 13:21:35.751,0.76761,0.76772,5.70,2.51
2017.11.03 13:21:38.110,0.76763,0.76771,1.00,1.39
2017.11.03 13:21:38.460,0.76764,0.76773,1.20,1.95
2017.11.03 13:21:40.867,0.76764,0.76773,1.12,1.95
2017.11.03 13:21:41.383,0.76764,0.76773,1.69,1.57
2017.11.03 13:21:41.637,0.76764,0.76771,1.69,1.00
2017.11.03 13:21:42.039,0.76767,0.76773,1.12,1.00
2017.11.03 13:21:42.192,0.76767,0.76775,1.12,1.12
2017.11.03 13:21:42.345,0.76765,0.76772,1.69,1.00
2017.11.03 13:21:42.870,0.76765,0.76772,1.50,1.00
2017.11.03 13:21:43.454,0.76766,0.76772,1.00,1.00
2017.11.03 13:21:47.192,0.76764,0.76772,2.25,1.00
2017.11.03 13:21:55.315,0.76763,0.76772,4.57,1.57
2017.11.03 13:21:55.982,0.76763,0.76772,3.56,2.32
2017.11.03 13:21:56.562,0.76764,0.76772,1.87,1.12
2017.11.03 13:22:01.966,0.76762,0.76771,2.51,1.50
2017.11.03 13:22:02.490,0.76763,0.76771,1.50,1.10
2017.11.03 13:22:03.924,0.76763,0.76772,3.00,1.95
2017.11.03 13:22:04.713,0.76764,0.76772,1.12,1.20
2017.11.03 13:22:06.143,0.76765,0.76774,1.00,3.26
2017.11.03 13:22:15.361,0.76764,0.76772,1.12,3.08
2017.11.03 13:22:15.917,0.76763,0.76772,1.12,2.14
2017.11.03 13:22:16.454,0.76764,0.76773,1.00,3.82
2017.11.03 13:22:16.969,0.76764,0.76773,1.00,2.14
2017.11.03 13:22:17.821,0.76765,0.76773,1.00,1.45
2017.11.03 13:22:23.280,0.76765,0.76774,2.25,1.76
2017.11.03 13:22:24.609,0.76765,0.76774,2.81,1.57
2017.11.03 13:22:30.252,0.76765,0.76774,2.81,2.51
2017.11.03 13:22:30.795,0.76765,0.76773,1.87,1.10
2017.11.03 13:22:32.910,0.76765,0.76774,1.87,1.76
2017.11.03 13:22:33.400,0.76768,0.76775,2.44,1.39
2017.11.03 13:22:33.452,0.76771,0.76779,1.12,1.31
2017.11.03 13:22:33.504,0.76772,0.7678,1.00,1.12
2017.11.03 13:22:33.556,0.76774,0.76782,3.00,1.76
2017.11.03 13:22:34.065,0.76773,0.76783,3.82,2.51
2017.11.03 13:22:44.241,0.76773,0.76781,1.31,1.25
2017.11.03 13:22:47.591,0.76773,0.76779,1.50,1.00
2017.11.03 13:22:47.897,0.7677,0.76776,1.87,1.00
2017.11.03 13:22:48.049,0.76768,0.76776,1.50,1.00
2017.11.03 13:22:48.469,0.7677,0.76776,1.12,1.12
2017.11.03 13:22:48.776,0.76771,0.76779,2.62,1.19
2017.11.03 13:22:48.930,0.76769,0.76777,1.45,1.00
2017.11.03 13:22:49.124,0.76768,0.76776,4.01,1.25
2017.11.03 13:22:50.744,0.76768,0.76776,1.50,1.01
2017.11.03 13:22:55.580,0.76766,0.76775,5.70,1.37
2017.11.03 13:22:55.733,0.76766,0.76773,1.50,1.00
2017.11.03 13:22:56.176,0.76766,0.76771,1.00,1.00
2017.11.03 13:22:56.688,0.76766,0.7677,1.00,1.00
2017.11.03 13:22:56.739,0.76763,0.7677,1.00,1.00
2017.11.03 13:23:00.721,0.76761,0.76766,1.10,1.00
2017.11.03 13:23:00.774,0.76759,0.76767,1.20,1.88
2017.11.03 13:23:03.019,0.7676,0.76767,1.50,1.76
2017.11.03 13:23:03.121,0.76762,0.76769,1.00,2.14
2017.11.03 13:23:03.631,0.76761,0.76769,1.37,1.31
2017.11.03 13:23:05.313,0.7676,0.76767,1.10,2.44
2017.11.03 13:23:05.417,0.76758,0.76767,1.87,2.81
2017.11.03 13:23:10.568,0.76758,0.76766,1.50,1.99
2017.11.03 13:23:11.386,0.76758,0.76767,1.50,4.12
2017.11.03 13:23:11.890,0.76757,0.76765,1.50,1.61
2017.11.03 13:23:12.196,0.76757,0.76764,1.00,1.69
2017.11.03 13:23:12.298,0.76755,0.76764,2.32,1.69
2017.11.03 13:23:15.691,0.76755,0.76765,1.50,4.57
2017.11.03 13:23:16.723,0.76755,0.76764,1.50,1.01
2017.11.03 13:23:18.779,0.76755,0.76765,1.50,4.20
2017.11.03 13:23:21.209,0.76755,0.76763,1.50,1.01
2017.11.03 13:23:21.968,0.76755,0.76762,1.50,1.39
2017.11.03 13:23:31.097,0.76755,0.76764,1.50,2.89
2017.11.03 13:23:31.637,0.76756,0.76764,1.50,1.19
2017.11.03 13:23:32.162,0.76755,0.76764,1.95,1.76
2017.11.03 13:23:32.805,0.76755,0.76763,1.00,5.70
2017.11.03 13:23:32.955,0.76754,0.76759,1.00,1.12
2017.11.03 13:23:33.007,0.76752,0.76759,1.00,1.12
2017.11.03 13:23:33.573,0.76753,0.76761,1.50,2.51
2017.11.03 13:23:34.120,0.76753,0.76761,1.50,2.14
2017.11.03 13:23:37.663,0.76754,0.76761,1.00,1.25
2017.11.03 13:23:41.231,0.76753,0.76761,1.50,1.88
2017.11.03 13:23:41.385,0.76751,0.7676,1.87,2.63
2017.11.03 13:23:42.229,0.76751,0.7676,1.00,2.70
2017.11.03 13:23:42.768,0.76753,0.76761,1.00,2.32
2017.11.03 13:23:43.277,0.76753,0.76762,1.00,4.12
2017.11.03 13:23:43.818,0.76752,0.7676,1.20,5.06
2017.11.03 13:23:44.126,0.76748,0.76756,2.70,1.12
2017.11.03 13:23:44.718,0.76748,0.76757,3.07,2.32
2017.11.03 13:23:44.821,0.7675,0.76758,1.12,1.69
2017.11.03 13:23:44.975,0.76751,0.76761,2.70,1.69
2017.11.03 13:23:45.486,0.76753,0.76762,1.50,1.31
2017.11.03 13:23:46.484,0.76753,0.76762,3.00,1.50
2017.11.03 13:23:47.518,0.76754,0.76762,1.00,1.00
2017.11.03 13:23:48.082,0.76755,0.76762,1.00,1.00
2017.11.03 13:23:51.486,0.76755,0.76764,1.10,3.64
2017.11.03 13:23:51.999,0.76755,0.76764,1.57,2.51
2017.11.03 13:23:53.019,0.76755,0.76764,1.20,3.45
2017.11.03 13:23:54.516,0.76755,0.76762,1.10,1.00
2017.11.03 13:23:55.066,0.76755,0.76763,1.10,1.12
2017.11.03 13:23:55.794,0.76755,0.76762,1.10,1.00
2017.11.03 13:23:56.840,0.76755,0.76763,1.10,1.25
2017.11.03 13:23:58.469,0.76755,0.76762,1.00,1.25
2017.11.03 13:23:58.980,0.76754,0.76761,1.10,1.00
2017.11.03 13:24:00.601,0.76752,0.76761,5.14,1.00
2017.11.03 13:24:00.908,0.76748,0.76756,2.32,1.00
2017.11.03 13:24:01.011,0.76746,0.76755,4.01,1.87
2017.11.03 13:24:01.357,0.76746,0.76753,1.10,1.00
2017.11.03 13:24:04.699,0.76745,0.76754,3.07,1.10
2017.11.03 13:24:05.203,0.76745,0.76754,1.10,1.76
2017.11.03 13:24:07.231,0.76745,0.76754,2.62,1.00
2017.11.03 13:24:08.162,0.76745,0.76754,1.00,1.00
2017.11.03 13:24:08.469,0.7675,0.76758,2.06,1.00
2017.11.03 13:24:08.813,0.76749,0.76756,1.00,1.12
2017.11.03 13:24:08.967,0.76747,0.76756,1.01,2.81
2017.11.03 13:24:09.472,0.76745,0.76754,4.01,1.00
2017.11.03 13:24:10.524,0.76746,0.76756,1.29,1.07
2017.11.03 13:24:11.099,0.76746,0.76756,1.01,2.81
2017.11.03 13:24:14.229,0.76747,0.76756,1.00,1.31
2017.11.03 13:24:23.355,0.76747,0.76755,1.10,1.62
2017.11.03 13:24:24.209,0.76747,0.76755,1.10,1.31
2017.11.03 13:24:24.749,0.76747,0.76756,5.89,2.25
2017.11.03 13:24:27.938,0.76747,0.76752,2.14,1.00
2017.11.03 13:24:28.170,0.76743,0.76751,1.00,1.00
2017.11.03 13:24:28.481,0.76744,0.76751,1.20,1.00
2017.11.03 13:24:28.687,0.76743,0.7675,1.57,1.00
2017.11.03 13:24:29.830,0.76743,0.7675,1.00,1.69
2017.11.03 13:24:29.942,0.76741,0.76747,1.57,1.00
2017.11.03 13:24:29.999,0.76737,0.76746,4.20,2.06
2017.11.03 13:24:30.525,0.76737,0.76746,2.32,1.31
2017.11.03 13:24:31.648,0.76738,0.76746,1.00,1.69
2017.11.03 13:24:32.699,0.76737,0.76746,3.26,1.69
2017.11.03 13:24:32.750,0.7674,0.76749,3.37,1.57
2017.11.03 13:24:33.083,0.76743,0.76752,1.01,1.31
2017.11.03 13:24:33.694,0.76743,0.76752,1.20,1.31
2017.11.03 13:24:34.271,0.76743,0.76752,1.20,2.63
2017.11.03 13:24:34.834,0.76744,0.76752,1.00,1.25
2017.11.03 13:24:35.388,0.76744,0.76753,1.57,1.57
2017.11.03 13:24:39.350,0.76744,0.76753,1.69,1.00
2017.11.03 13:24:39.945,0.7675,0.76754,1.12,1.00
2017.11.03 13:24:39.997,0.7675,0.76756,1.00,1.00
2017.11.03 13:24:40.202,0.7675,0.76758,4.69,1.00
2017.11.03 13:24:40.305,0.76752,0.76759,1.50,1.00
2017.11.03 13:24:40.356,0.76752,0.76761,1.20,1.57
2017.11.03 13:24:40.510,0.76753,0.7676,1.37,1.00
2017.11.03 13:24:40.654,0.76753,0.76762,1.50,1.57
2017.11.03 13:24:41.785,0.76754,0.76762,1.12,1.87
2017.11.03 13:24:44.703,0.76755,0.76764,1.50,2.06
2017.11.03 13:24:44.907,0.76755,0.76765,4.95,3.00
2017.11.03 13:24:44.958,0.76755,0.76765,5.70,2.06
2017.11.03 13:24:45.493,0.76757,0.76766,2.25,1.69
2017.11.03 13:24:46.056,0.76757,0.76765,1.00,1.00
2017.11.03 13:24:46.339,0.76756,0.76765,5.70,1.00
2017.11.03 13:24:46.761,0.7676,0.76767,1.37,3.75
2017.11.03 13:24:46.915,0.76759,0.76767,1.10,5.06
2017.11.03 13:24:47.124,0.76757,0.76766,1.69,1.50
2017.11.03 13:24:47.660,0.76757,0.76766,1.25,1.50
2017.11.03 13:24:48.191,0.76756,0.76766,2.25,1.58
2017.11.03 13:24:48.702,0.76756,0.76766,2.32,2.25
2017.11.03 13:24:49.404,0.76756,0.76766,2.32,1.58
2017.11.03 13:24:49.785,0.76756,0.76766,2.32,2.33
2017.11.03 13:24:50.309,0.76756,0.76766,1.57,2.25
2017.11.03 13:24:50.912,0.76756,0.76766,2.32,1.50
2017.11.03 13:24:51.439,0.76756,0.76767,2.32,5.89
2017.11.03 13:24:51.989,0.76756,0.76766,1.57,1.00
2017.11.03 13:24:52.295,0.76757,0.76766,5.33,1.00
2017.11.03 13:24:52.841,0.76758,0.76767,1.12,3.75
2017.11.03 13:24:53.526,0.76758,0.76766,1.12,1.88
2017.11.03 13:24:54.102,0.76758,0.76767,1.00,3.75
2017.11.03 13:24:54.610,0.76757,0.76766,1.12,1.31
2017.11.03 13:24:55.478,0.76756,0.76766,1.95,1.12
2017.11.03 13:24:56.086,0.76756,0.76766,1.95,2.44
2017.11.03 13:24:56.630,0.76756,0.76765,1.12,1.44
2017.11.03 13:24:57.955,0.76756,0.76766,1.00,3.45
2017.11.03 13:24:58.490,0.76756,0.76765,1.00,2.14
2017.11.03 13:25:00.180,0.76756,0.76763,1.00,1.00
2017.11.03 13:25:00.858,0.76756,0.76762,1.00,1.00
2017.11.03 13:25:01.983,0.76755,0.76762,1.12,1.00
2017.11.03 13:25:03.183,0.76754,0.76762,1.76,1.00
2017.11.03 13:25:03.336,0.76754,0.76764,2.51,1.25
2017.11.03 13:25:04.952,0.76754,0.76764,3.94,1.01
2017.11.03 13:25:05.105,0.76756,0.76765,1.37,1.29
2017.11.03 13:25:05.413,0.76758,0.76766,1.12,1.10
2017.11.03 13:25:06.876,0.76761,0.76768,2.06,1.87
2017.11.03 13:25:06.928,0.76762,0.76771,1.20,1.01
2017.11.03 13:25:08.101,0.76763,0.76773,1.00,3.45
2017.11.03 13:25:09.043,0.76762,0.76772,1.57,3.07
2017.11.03 13:25:11.968,0.76763,0.76773,1.12,5.70
2017.11.03 13:25:12.589,0.76763,0.76773,1.95,3.07
2017.11.03 13:25:13.981,0.76763,0.76773,1.20,6.26
2017.11.03 13:25:14.491,0.76764,0.76773,1.95,1.69
2017.11.03 13:25:15.230,0.76764,0.76773,3.07,1.25
2017.11.03 13:25:15.282,0.76764,0.76773,3.07,1.00
2017.11.03 13:25:16.076,0.76764,0.76771,1.57,1.00
2017.11.03 13:25:16.231,0.76758,0.76766,2.32,1.00
2017.11.03 13:25:17.149,0.76757,0.76766,2.14,1.88
2017.11.03 13:25:17.735,0.76757,0.76766,2.14,1.13
2017.11.03 13:25:18.404,0.76757,0.76765,2.14,1.00
2017.11.03 13:25:19.604,0.76756,0.76763,1.26,1.00
2017.11.03 13:25:20.128,0.76755,0.76763,2.33,1.00
2017.11.03 13:25:20.703,0.76755,0.76762,1.32,1.00
2017.11.03 13:25:22.539,0.76756,0.76764,1.10,1.00
2017.11.03 13:25:24.979,0.76755,0.76764,1.01,1.00
2017.11.03 13:25:28.073,0.76756,0.76764,1.20,1.00
2017.11.03 13:25:28.624,0.76756,0.76764,1.20,1.00
2017.11.03 13:25:30.251,0.7676,0.76766,1.10,1.13
2017.11.03 13:25:31.257,0.76758,0.76766,1.95,1.69
2017.11.03 13:25:34.567,0.76758,0.76766,1.20,1.12
2017.11.03 13:25:35.124,0.7676,0.76769,6.64,1.00
2017.11.03 13:25:35.668,0.76763,0.76772,4.57,2.06
2017.11.03 13:25:36.750,0.76762,0.76772,6.45,1.12
2017.11.03 13:25:37.382,0.76764,0.76772,1.10,1.12
2017.11.03 13:25:39.848,0.76762,0.76771,5.70,1.00
2017.11.03 13:25:39.951,0.76762,0.76769,1.87,1.00
2017.11.03 13:25:40.304,0.76761,0.76771,6.64,2.06
2017.11.03 13:25:41.715,0.76764,0.76771,1.00,1.50
2017.11.03 13:25:43.476,0.76763,0.76772,3.08,1.87
2017.11.03 13:25:43.528,0.76763,0.7677,2.63,1.00
2017.11.03 13:25:44.047,0.76763,0.76771,1.00,1.00
2017.11.03 13:25:44.933,0.76764,0.76772,1.10,1.12
2017.11.03 13:25:46.237,0.76763,0.76772,1.95,1.00
2017.11.03 13:25:46.705,0.76763,0.76772,4.20,1.00
2017.11.03 13:25:47.221,0.76763,0.76772,5.70,1.00
2017.11.03 13:25:49.697,0.76765,0.76773,4.12,1.25
2017.11.03 13:25:49.851,0.76767,0.76775,1.37,1.50
2017.11.03 13:25:50.274,0.76766,0.76775,1.20,3.45
2017.11.03 13:25:51.194,0.76766,0.76774,1.00,1.88
2017.11.03 13:25:52.905,0.76766,0.76774,1.00,1.50
2017.11.03 13:25:53.523,0.76765,0.76774,1.20,1.50
2017.11.03 13:25:53.575,0.76765,0.76772,1.95,1.00
2017.11.03 13:25:54.040,0.76762,0.76772,2.70,1.50
2017.11.03 13:25:54.449,0.76761,0.7677,7.39,1.13
2017.11.03 13:25:57.110,0.76763,0.7677,1.95,1.00
2017.11.03 13:26:00.437,0.76764,0.7677,1.57,1.00
2017.11.03 13:26:01.366,0.76764,0.7677,1.57,1.00
2017.11.03 13:26:01.419,0.76764,0.76772,1.57,1.12
2017.11.03 13:26:02.284,0.76764,0.76772,2.14,1.00
2017.11.03 13:26:02.495,0.76767,0.76775,5.25,1.00
2017.11.03 13:26:03.105,0.76766,0.76775,1.95,1.50
2017.11.03 13:26:03.618,0.76766,0.76773,1.57,1.00
2017.11.03 13:26:12.383,0.76766,0.76775,1.20,1.00
2017.11.03 13:26:13.232,0.76766,0.76775,1.10,1.00
2017.11.03 13:26:13.875,0.76766,0.76775,1.95,1.00
2017.11.03 13:26:16.373,0.76769,0.76775,1.00,1.00
2017.11.03 13:26:16.580,0.76767,0.76777,3.07,3.75
2017.11.03 13:26:17.564,0.76766,0.76775,2.32,1.00
2017.11.03 13:26:18.065,0.76766,0.76775,1.95,1.00
2017.11.03 13:26:22.365,0.76765,0.76774,2.89,1.00
2017.11.03 13:26:24.155,0.76765,0.76774,4.57,1.00
2017.11.03 13:26:25.350,0.76764,0.76773,5.70,1.00
2017.11.03 13:26:25.503,0.76763,0.76771,1.95,1.25
2017.11.03 13:26:25.554,0.76763,0.76771,1.57,1.25
2017.11.03 13:26:26.085,0.76762,0.76772,5.70,2.62
2017.11.03 13:26:26.340,0.76763,0.76772,4.95,1.69
2017.11.03 13:26:27.073,0.76763,0.76772,6.82,1.69
2017.11.03 13:26:31.475,0.76762,0.7677,2.51,1.00
2017.11.03 13:26:31.629,0.7676,0.76769,1.76,3.56
2017.11.03 13:26:32.120,0.76762,0.76771,1.95,1.76
2017.11.03 13:26:33.470,0.76763,0.76771,1.12,1.25
2017.11.03 13:26:33.573,0.76764,0.76773,2.62,1.31
