2014.12.04 21:00:00.127,0.83847,0.83859,0.52,0.15
2014.12.04 21:00:00.480,0.83849,0.83861,0.15,0.15
2014.12.04 21:00:00.983,0.8385,0.8386,0.10,0.10
2014.12.04 21:00:02.035,0.83851,0.8386,0.37,0.10
2014.12.04 21:00:02.086,0.83852,0.83862,0.10,0.10
2014.12.04 21:00:02.237,0.83854,0.83862,0.37,0.10
2014.12.04 21:00:02.288,0.83854,0.83864,0.37,0.15
2014.12.04 21:00:09.717,0.83853,0.83863,0.45,0.10
2014.12.04 21:00:10.228,0.83854,0.83864,0.45,0.10
2014.12.04 21:00:14.500,0.83856,0.83868,0.15,0.15
2014.12.04 21:00:14.802,0.83855,0.83865,0.45,0.10
2014.12.04 21:00:18.402,0.83856,0.83865,0.37,0.10
2014.12.04 21:00:18.754,0.83855,0.83863,0.37,0.10
2014.12.04 21:00:19.430,0.83855,0.83864,0.37,0.10
2014.12.04 21:00:22.049,0.83855,0.83863,0.37,0.10
2014.12.04 21:00:23.273,0.83854,0.83863,0.37,0.10
2014.12.04 21:00:23.323,0.83854,0.83865,0.37,0.15
2014.12.04 21:00:24.433,0.83854,0.83864,0.37,0.15
2014.12.04 21:00:25.427,0.83853,0.83863,0.37,0.10
2014.12.04 21:00:25.969,0.83853,0.83862,0.37,0.10
2014.12.04 21:00:26.482,0.83853,0.83863,0.37,0.10
2014.12.04 21:00:28.526,0.83852,0.83863,0.37,0.10
2014.12.04 21:00:29.029,0.83852,0.83862,0.37,0.15
2014.12.04 21:00:29.634,0.83852,0.83863,0.37,0.10
2014.12.04 21:00:31.111,0.83854,0.83863,0.37,0.10
2014.12.04 21:00:31.619,0.83854,0.83864,0.45,0.10
2014.12.04 21:00:32.178,0.83854,0.83863,0.37,0.10
2014.12.04 21:00:32.729,0.83854,0.83864,0.45,0.10
2014.12.04 21:00:33.244,0.83854,0.83865,0.37,0.10
2014.12.04 21:00:33.557,0.83854,0.83863,0.37,0.10
2014.12.04 21:00:34.657,0.83854,0.83864,0.45,0.10
2014.12.04 21:00:44.451,0.83855,0.83864,0.37,0.15
2014.12.04 21:00:46.643,0.83854,0.83864,0.37,0.15
2014.12.04 21:00:47.307,0.83854,0.83865,0.37,0.15
2014.12.04 21:01:02.735,0.83855,0.83864,0.37,0.37
2014.12.04 21:01:06.428,0.83854,0.83864,0.45,0.45
2014.12.04 21:01:11.777,0.83853,0.83864,0.15,1.12
2014.12.04 21:01:12.292,0.83852,0.83864,0.45,0.82
2014.12.04 21:01:12.657,0.83854,0.83864,0.10,0.82
2014.12.04 21:01:16.203,0.83853,0.83864,0.45,0.75
2014.12.04 21:01:16.707,0.83854,0.83865,0.37,1.27
2014.12.04 21:01:19.786,0.83853,0.83865,0.52,0.90
2014.12.04 21:01:20.123,0.83852,0.83863,0.37,0.45
2014.12.04 21:01:20.626,0.83853,0.83863,0.37,0.82
2014.12.04 21:01:29.200,0.83853,0.83861,0.37,0.10
2014.12.04 21:01:29.301,0.83851,0.83861,1.20,0.15
2014.12.04 21:01:29.402,0.83851,0.83863,1.20,0.90
2014.12.04 21:01:30.413,0.83851,0.83862,1.12,0.10
2014.12.04 21:01:31.022,0.83852,0.83862,0.10,0.10
2014.12.04 21:01:45.652,0.83852,0.83859,0.37,0.10
2014.12.04 21:01:46.373,0.8385,0.83859,1.12,0.10
2014.12.04 21:01:46.474,0.8385,0.83857,0.75,0.10
2014.12.04 21:01:46.575,0.83848,0.83857,0.37,0.10
2014.12.04 21:01:47.666,0.83848,0.83858,0.37,0.10
2014.12.04 21:01:49.282,0.83849,0.83858,0.37,0.10
2014.12.04 21:01:53.346,0.83849,0.83857,0.37,0.10
2014.12.04 21:01:57.072,0.83846,0.83857,1.12,0.10
2014.12.04 21:01:57.903,0.83846,0.83856,0.45,0.10
2014.12.04 21:01:59.874,0.83846,0.83858,0.45,0.15
2014.12.04 21:02:00.769,0.83846,0.83856,0.45,0.10
2014.12.04 21:02:02.387,0.83846,0.83858,0.45,0.15
2014.12.04 21:02:02.943,0.83846,0.83857,0.37,0.10
2014.12.04 21:02:03.472,0.83847,0.83857,0.10,0.10
2014.12.04 21:02:04.036,0.83846,0.83857,0.37,0.15
2014.12.04 21:02:05.728,0.83846,0.83858,0.45,0.10
2014.12.04 21:02:06.727,0.83846,0.83857,0.37,0.15
2014.12.04 21:02:07.336,0.83846,0.83858,0.52,0.15
2014.12.04 21:02:08.207,0.83846,0.83856,0.45,0.10
2014.12.04 21:02:08.717,0.83846,0.83858,0.45,0.10
2014.12.04 21:02:10.092,0.83847,0.83858,0.37,0.15
2014.12.04 21:02:10.445,0.83849,0.8386,0.10,0.10
2014.12.04 21:02:12.140,0.83848,0.8386,0.15,0.15
2014.12.04 21:02:12.643,0.83849,0.8386,0.37,0.15
2014.12.04 21:02:14.224,0.83851,0.83861,0.10,0.82
2014.12.04 21:02:14.727,0.8385,0.83861,0.15,0.75
2014.12.04 21:02:15.230,0.83849,0.83861,1.20,0.82
2014.12.04 21:02:15.838,0.8385,0.83861,0.15,0.75
2014.12.04 21:02:19.158,0.83851,0.83862,0.75,0.15
2014.12.04 21:02:20.218,0.83854,0.83862,0.37,0.15
2014.12.04 21:02:20.420,0.83851,0.83862,0.75,0.15
2014.12.04 21:02:21.586,0.8385,0.83862,0.90,0.90
2014.12.04 21:02:21.932,0.83852,0.83862,0.75,0.15
2014.12.04 21:02:22.448,0.83852,0.83863,0.75,0.15
2014.12.04 21:02:23.052,0.83854,0.83863,0.37,0.15
2014.12.04 21:02:23.455,0.83854,0.83861,0.37,0.10
2014.12.04 21:02:23.657,0.83853,0.83863,0.37,0.10
2014.12.04 21:02:24.342,0.83851,0.83863,0.82,0.10
2014.12.04 21:02:25.563,0.83853,0.83863,0.37,0.10
2014.12.04 21:02:30.394,0.83853,0.83862,0.37,0.10
2014.12.04 21:02:30.696,0.83851,0.83862,0.75,0.15
2014.12.04 21:02:34.059,0.83851,0.83861,0.82,0.10
2014.12.04 21:02:34.160,0.83853,0.83861,0.37,0.10
2014.12.04 21:02:35.568,0.83853,0.83863,0.37,0.15
2014.12.04 21:02:35.771,0.83853,0.83861,0.37,0.10
2014.12.04 21:02:36.408,0.83853,0.83862,0.37,0.10
2014.12.04 21:02:36.935,0.83854,0.83862,0.37,0.15
2014.12.04 21:02:37.321,0.83852,0.83862,0.37,0.10
2014.12.04 21:02:38.219,0.83853,0.83862,0.37,0.10
2014.12.04 21:02:40.381,0.83853,0.83863,0.37,0.10
2014.12.04 21:02:40.986,0.83853,0.83862,0.37,0.10
2014.12.04 21:02:41.492,0.83853,0.83863,0.37,0.10
2014.12.04 21:02:42.985,0.83853,0.83861,0.37,0.10
2014.12.04 21:02:43.086,0.83853,0.83863,0.37,0.15
2014.12.04 21:02:43.438,0.83853,0.83861,0.37,0.10
2014.12.04 21:02:44.248,0.83853,0.83862,0.37,0.10
2014.12.04 21:02:44.881,0.83853,0.83861,0.37,0.10
2014.12.04 21:02:45.404,0.83853,0.8386,0.37,0.10
2014.12.04 21:02:45.555,0.83853,0.83862,0.37,0.10
2014.12.04 21:02:46.513,0.83854,0.83862,0.37,0.10
2014.12.04 21:02:47.613,0.83852,0.83862,0.37,0.10
2014.12.04 21:02:48.648,0.83853,0.83862,0.37,0.15
2014.12.04 21:02:48.800,0.83853,0.8386,0.37,0.10
2014.12.04 21:02:49.377,0.83853,0.83861,0.37,0.10
2014.12.04 21:02:50.520,0.83852,0.83861,0.37,0.10
2014.12.04 21:02:50.822,0.83854,0.83862,0.37,0.10
2014.12.04 21:02:51.825,0.83852,0.83862,0.37,0.10
2014.12.04 21:02:51.976,0.83852,0.8386,0.37,0.10
2014.12.04 21:02:52.507,0.83852,0.83861,0.37,0.10
2014.12.04 21:02:54.886,0.83852,0.8386,0.37,0.10
2014.12.04 21:02:55.390,0.83852,0.83861,0.37,0.10
2014.12.04 21:02:58.261,0.83851,0.83861,1.20,0.10
2014.12.04 21:03:08.672,0.83852,0.83861,0.37,0.10
2014.12.04 21:03:09.185,0.83851,0.83862,1.12,0.10
2014.12.04 21:03:09.820,0.83851,0.83861,1.20,0.10
2014.12.04 21:03:14.209,0.83852,0.8386,0.37,0.10
2014.12.04 21:03:14.313,0.83852,0.83862,0.37,0.10
2014.12.04 21:03:21.713,0.83851,0.83862,1.12,0.15
2014.12.04 21:03:24.421,0.83853,0.83862,0.37,0.15
2014.12.04 21:03:25.031,0.83852,0.83862,0.37,0.15
2014.12.04 21:03:25.864,0.83853,0.83862,0.37,0.15
2014.12.04 21:03:26.174,0.8385,0.83862,0.15,0.15
2014.12.04 21:03:26.998,0.83854,0.83862,0.37,0.15
2014.12.04 21:03:27.099,0.8385,0.83862,0.52,0.15
2014.12.04 21:03:28.081,0.83852,0.83862,0.37,0.15
2014.12.04 21:03:28.385,0.83854,0.83862,0.37,0.15
2014.12.04 21:03:28.486,0.83851,0.83863,0.15,0.15
2014.12.04 21:03:29.197,0.83853,0.83863,0.37,0.15
2014.12.04 21:03:41.341,0.83853,0.83862,0.37,0.10
2014.12.04 21:03:42.043,0.83853,0.83863,0.37,0.10
2014.12.04 21:03:43.382,0.83853,0.83861,0.37,0.10
2014.12.04 21:03:43.534,0.83853,0.83863,0.37,0.10
2014.12.04 21:03:48.840,0.83852,0.83863,0.37,0.10
2014.12.04 21:03:50.229,0.83854,0.83863,0.37,0.10
2014.12.04 21:03:50.744,0.83853,0.83863,0.37,0.10
2014.12.04 21:03:51.389,0.83853,0.83862,0.37,0.10
2014.12.04 21:03:51.951,0.83855,0.83862,0.37,0.10
2014.12.04 21:03:53.747,0.83855,0.83863,0.37,0.15
2014.12.04 21:03:58.116,0.83851,0.83863,1.27,0.90
2014.12.04 21:03:59.147,0.83851,0.83862,1.20,0.10
2014.12.04 21:03:59.668,0.83851,0.83863,1.27,0.90
2014.12.04 21:04:05.243,0.83851,0.83863,1.20,1.17
2014.12.04 21:04:05.752,0.83851,0.83863,1.20,1.10
2014.12.04 21:04:25.512,0.83851,0.83863,1.00,1.17
2014.12.04 21:04:26.097,0.8385,0.83862,1.20,1.10
2014.12.04 21:04:26.254,0.8385,0.83862,1.17,1.10
2014.12.04 21:04:26.405,0.8385,0.83862,1.10,1.10
2014.12.04 21:04:26.725,0.8385,0.83862,1.17,1.10
2014.12.04 21:04:31.719,0.8385,0.83862,1.07,1.07
2014.12.04 21:04:32.259,0.8385,0.83862,1.15,1.00
2014.12.04 21:04:32.859,0.8385,0.83862,1.17,1.10
2014.12.04 21:04:32.959,0.8385,0.83862,1.10,1.10
2014.12.04 21:04:33.161,0.8385,0.83864,1.52,1.15
2014.12.04 21:04:38.769,0.8385,0.83864,1.27,1.27
2014.12.04 21:04:39.405,0.8385,0.83864,1.27,1.27
2014.12.04 21:05:16.145,0.83849,0.83862,1.52,1.00
2014.12.04 21:05:16.654,0.83848,0.83861,2.02,1.00
2014.12.04 21:05:33.750,0.83849,0.83861,1.17,1.07
2014.12.04 21:05:34.509,0.83849,0.83861,1.17,1.20
2014.12.04 21:05:39.066,0.83849,0.83861,1.07,1.07
2014.12.04 21:05:39.616,0.83849,0.83861,1.15,1.10
2014.12.04 21:05:43.136,0.83849,0.83861,1.20,1.20
2014.12.04 21:05:43.877,0.83849,0.83861,1.17,1.00
2014.12.04 21:05:46.244,0.83849,0.83861,1.20,1.20
2014.12.04 21:05:46.756,0.83849,0.83861,1.17,1.00
2014.12.04 21:05:48.717,0.83849,0.83861,1.20,1.20
2014.12.04 21:05:49.680,0.83849,0.83861,1.17,1.00
2014.12.04 21:05:50.197,0.83849,0.83861,1.10,1.10
2014.12.04 21:05:50.751,0.83849,0.83861,1.17,1.00
2014.12.04 21:05:55.688,0.83849,0.83861,1.10,1.10
2014.12.04 21:05:56.289,0.83849,0.83861,1.15,1.00
2014.12.04 21:05:59.694,0.83849,0.83861,1.10,1.10
2014.12.04 21:06:07.789,0.83849,0.83861,1.07,1.00
2014.12.04 21:06:11.197,0.83849,0.83861,1.27,1.10
2014.12.04 21:06:11.297,0.83849,0.83861,1.20,1.10
2014.12.04 21:06:11.895,0.83849,0.83861,1.27,1.10
2014.12.04 21:06:12.721,0.83849,0.83861,1.17,1.07
2014.12.04 21:06:13.307,0.83849,0.83861,1.17,1.00
2014.12.04 21:06:14.103,0.83849,0.83861,1.20,1.10
2014.12.04 21:06:14.627,0.83849,0.83861,1.15,1.00
2014.12.04 21:06:16.616,0.83849,0.83866,1.15,4.87
2014.12.04 21:06:20.465,0.83849,0.83864,1.15,2.70
2014.12.04 21:06:20.716,0.83849,0.83866,1.17,2.70
2014.12.04 21:06:42.339,0.83846,0.83866,2.70,3.07
2014.12.04 21:06:44.117,0.83847,0.83867,2.70,5.25
2014.12.04 21:06:45.635,0.83846,0.83866,2.70,3.07
2014.12.04 21:06:46.136,0.83847,0.83867,2.70,3.07
2014.12.04 21:06:48.227,0.83846,0.83866,4.87,3.07
2014.12.04 21:06:52.935,0.83847,0.83867,2.70,5.25
2014.12.04 21:06:53.508,0.83848,0.83866,2.70,3.07
2014.12.04 21:06:54.256,0.83847,0.83865,2.70,2.70
2014.12.04 21:06:55.194,0.83847,0.8386,3.45,1.00
2014.12.04 21:06:55.294,0.83847,0.8386,2.02,1.10
2014.12.04 21:06:55.345,0.83847,0.8386,2.02,1.10
2014.12.04 21:07:11.628,0.83849,0.8386,1.20,1.00
2014.12.04 21:07:17.700,0.83849,0.8386,1.27,1.00
2014.12.04 21:07:18.026,0.83849,0.8386,1.27,1.00
2014.12.04 21:07:19.437,0.83849,0.8386,1.27,1.00
2014.12.04 21:07:23.952,0.83849,0.8386,1.27,1.00
2014.12.04 21:07:24.942,0.83849,0.8386,1.27,1.00
2014.12.04 21:07:25.643,0.83849,0.8386,1.27,1.00
2014.12.04 21:07:26.466,0.83849,0.8386,1.27,1.00
2014.12.04 21:07:26.835,0.83849,0.8386,1.20,1.00
2014.12.04 21:07:28.824,0.83849,0.8386,1.27,1.00
2014.12.04 21:07:29.670,0.83849,0.8386,1.20,1.00
2014.12.04 21:07:29.771,0.83849,0.8386,1.27,1.00
2014.12.04 21:07:30.348,0.83849,0.8386,1.27,1.10
2014.12.04 21:07:31.769,0.83849,0.8386,1.27,1.00
2014.12.04 21:07:32.351,0.83849,0.8386,1.27,1.10
2014.12.04 21:07:33.647,0.83849,0.8386,1.20,1.00
2014.12.04 21:07:35.985,0.83849,0.8386,1.27,1.00
2014.12.04 21:07:36.500,0.83849,0.8386,1.20,1.10
2014.12.04 21:07:38.680,0.83849,0.8386,1.20,1.00
2014.12.04 21:07:41.172,0.83848,0.83859,2.02,1.00
2014.12.04 21:07:41.678,0.83849,0.8386,1.15,1.12
2014.12.04 21:07:42.193,0.83848,0.83861,2.02,1.12
2014.12.04 21:07:42.646,0.83848,0.83861,2.02,1.20
2014.12.04 21:07:47.454,0.8385,0.83863,1.57,1.52
2014.12.04 21:07:47.966,0.83852,0.83863,1.37,1.20
2014.12.04 21:07:48.535,0.83852,0.83863,1.12,1.10
2014.12.04 21:07:51.514,0.83852,0.83863,1.20,1.12
2014.12.04 21:07:52.134,0.83852,0.83863,1.20,1.12
2014.12.04 21:07:54.997,0.83852,0.83865,1.10,1.17
2014.12.04 21:07:57.245,0.83852,0.83865,1.47,1.55
2014.12.04 21:07:57.771,0.83852,0.83865,1.47,1.55
2014.12.04 21:08:00.607,0.83852,0.83865,1.37,1.55
2014.12.04 21:08:01.510,0.83851,0.83865,1.47,1.52
2014.12.04 21:08:01.843,0.83851,0.83865,1.47,3.45
2014.12.04 21:08:02.351,0.83851,0.83865,1.37,1.52
2014.12.04 21:08:02.870,0.83851,0.83865,1.47,3.45
2014.12.04 21:08:03.021,0.83851,0.83865,1.47,1.52
2014.12.04 21:08:03.720,0.83851,0.83865,1.47,3.45
2014.12.04 21:08:04.022,0.83851,0.83865,1.47,1.52
2014.12.04 21:08:04.577,0.83851,0.83865,1.37,1.52
2014.12.04 21:08:13.301,0.83851,0.83865,1.55,1.52
2014.12.04 21:08:13.452,0.83851,0.83864,1.37,2.70
2014.12.04 21:08:14.064,0.83851,0.83865,1.37,1.52
2014.12.04 21:08:14.583,0.83851,0.83865,1.37,3.45
2014.12.04 21:08:15.693,0.83851,0.83865,1.37,1.52
2014.12.04 21:08:16.215,0.83851,0.83865,1.37,3.45
2014.12.04 21:08:17.361,0.83851,0.83865,1.37,1.52
2014.12.04 21:08:20.093,0.83851,0.83863,1.37,1.52
2014.12.04 21:08:21.420,0.83851,0.83863,1.37,1.55
2014.12.04 21:08:22.606,0.83851,0.83863,1.37,1.55
2014.12.04 21:08:23.402,0.83851,0.83863,1.37,1.52
2014.12.04 21:08:27.415,0.83851,0.83863,1.37,1.55
2014.12.04 21:08:28.701,0.83851,0.83863,1.47,1.52
2014.12.04 21:08:42.459,0.83851,0.83863,1.57,1.20
2014.12.04 21:08:46.052,0.83851,0.83863,1.57,1.57
2014.12.04 21:09:01.372,0.83851,0.83863,1.57,1.27
2014.12.04 21:09:01.725,0.83851,0.83863,1.47,1.27
2014.12.04 21:09:03.718,0.83851,0.83863,1.47,1.52
2014.12.04 21:09:04.966,0.83847,0.83857,3.07,1.00
2014.12.04 21:09:05.067,0.83844,0.83857,1.55,1.27
2014.12.04 21:09:05.436,0.83842,0.83856,1.47,1.52
2014.12.04 21:09:05.917,0.83841,0.83855,1.55,1.55
2014.12.04 21:09:07.411,0.83841,0.83853,1.55,1.00
2014.12.04 21:09:07.714,0.83843,0.83855,1.37,1.55
2014.12.04 21:09:13.345,0.83843,0.83855,1.45,1.10
2014.12.04 21:09:14.574,0.83843,0.83855,1.45,1.00
2014.12.04 21:09:15.086,0.83843,0.83855,1.55,1.27
2014.12.04 21:09:18.977,0.83843,0.83855,1.55,1.10
2014.12.04 21:09:29.271,0.83843,0.83855,1.55,1.20
2014.12.04 21:09:30.103,0.83843,0.83855,1.57,1.27
2014.12.04 21:09:30.726,0.83843,0.83855,1.55,1.27
2014.12.04 21:09:31.273,0.83843,0.83855,1.55,1.20
2014.12.04 21:09:31.784,0.83843,0.83855,1.55,1.27
2014.12.04 21:09:32.376,0.83843,0.83855,1.55,1.17
2014.12.04 21:09:35.179,0.83843,0.83855,1.55,1.10
2014.12.04 21:09:36.388,0.83843,0.83855,1.55,1.07
2014.12.04 21:09:37.445,0.83843,0.83855,1.55,1.17
2014.12.04 21:09:38.331,0.83843,0.83855,1.55,1.10
2014.12.04 21:09:38.902,0.83845,0.83856,1.37,1.10
2014.12.04 21:09:39.204,0.83842,0.83855,2.02,1.10
2014.12.04 21:09:39.708,0.83845,0.83856,1.12,1.17
2014.12.04 21:09:39.909,0.83845,0.83856,1.12,1.20
2014.12.04 21:09:40.420,0.83842,0.83855,2.02,1.10
2014.12.04 21:09:40.958,0.83842,0.83855,2.02,1.20
2014.12.04 21:09:41.890,0.83842,0.83855,2.02,1.10
2014.12.04 21:10:02.745,0.83842,0.83855,3.45,1.00
2014.12.04 21:10:03.872,0.83843,0.83856,1.52,1.10
2014.12.04 21:10:06.765,0.83843,0.83856,3.45,1.00
2014.12.04 21:10:13.014,0.83845,0.83858,1.55,1.07
2014.12.04 21:10:37.287,0.83847,0.83858,1.47,1.07
2014.12.04 21:10:37.388,0.83849,0.8386,1.00,1.27
2014.12.04 21:10:37.896,0.83847,0.8386,1.52,1.00
2014.12.04 21:10:39.327,0.83847,0.8386,3.45,1.00
2014.12.04 21:10:39.997,0.83847,0.8386,1.52,1.10
2014.12.04 21:10:44.745,0.83847,0.8386,3.45,1.00
2014.12.04 21:10:44.897,0.83847,0.8386,1.52,1.00
2014.12.04 21:10:52.125,0.83847,0.8386,1.52,1.00
2014.12.04 21:10:52.635,0.83847,0.8386,1.52,1.00
2014.12.04 21:10:53.652,0.83847,0.8386,1.52,1.00
2014.12.04 21:10:54.181,0.83847,0.8386,1.52,1.00
2014.12.04 21:10:55.784,0.83848,0.83861,1.27,1.10
2014.12.04 21:10:55.884,0.83848,0.83861,3.45,1.00
2014.12.04 21:10:56.186,0.83848,0.83861,1.27,1.00
2014.12.04 21:10:57.748,0.83848,0.83861,3.45,1.00
2014.12.04 21:10:58.281,0.83848,0.83861,1.27,1.10
2014.12.04 21:11:06.934,0.83851,0.83862,1.07,1.20
2014.12.04 21:11:07.470,0.83853,0.83864,1.00,1.27
2014.12.04 21:11:11.754,0.83853,0.83864,1.00,1.27
2014.12.04 21:11:12.268,0.83853,0.83864,1.00,1.27
2014.12.04 21:11:14.272,0.83853,0.83866,1.00,3.45
2014.12.04 21:11:14.775,0.83853,0.83865,1.00,2.70
2014.12.04 21:11:15.778,0.83853,0.83866,1.00,3.45
2014.12.04 21:11:16.281,0.83853,0.83866,1.00,1.52
2014.12.04 21:11:19.189,0.83853,0.83866,1.00,3.45
2014.12.04 21:11:23.418,0.83854,0.83866,1.00,2.70
2014.12.04 21:11:24.985,0.83854,0.83867,1.12,1.52
2014.12.04 21:11:25.494,0.83855,0.83867,1.00,2.70
2014.12.04 21:11:26.059,0.83855,0.83868,1.00,3.45
2014.12.04 21:11:26.567,0.83855,0.83868,1.00,1.52
2014.12.04 21:11:29.500,0.83855,0.83867,1.00,2.70
2014.12.04 21:11:30.001,0.83855,0.83868,1.00,3.45
2014.12.04 21:11:31.155,0.83855,0.83868,1.37,3.45
2014.12.04 21:11:33.246,0.83855,0.83868,1.00,3.45
2014.12.04 21:11:37.661,0.83855,0.83868,1.37,3.45
2014.12.04 21:11:42.113,0.83855,0.83868,1.12,3.45
2014.12.04 21:11:44.291,0.83854,0.83867,1.47,1.52
2014.12.04 21:11:51.913,0.83854,0.83867,1.45,1.17
2014.12.04 21:11:51.964,0.83854,0.83867,1.55,1.10
2014.12.04 21:11:52.468,0.83854,0.83867,1.52,1.17
2014.12.04 21:11:52.984,0.83854,0.83867,1.55,1.15
2014.12.04 21:12:02.422,0.83854,0.83867,1.55,1.15
2014.12.04 21:12:04.559,0.83854,0.83867,1.57,1.27
2014.12.04 21:12:09.168,0.83854,0.83867,1.57,1.65
2014.12.04 21:12:09.792,0.83854,0.83867,1.47,2.40
2014.12.04 21:12:12.826,0.83854,0.83867,1.57,2.40
2014.12.04 21:12:13.338,0.83854,0.83867,1.27,2.40
2014.12.04 21:12:14.529,0.83854,0.83867,1.27,2.02
2014.12.04 21:12:14.680,0.83854,0.83867,1.27,2.40
2014.12.04 21:12:14.932,0.83854,0.83867,1.20,1.72
2014.12.04 21:12:20.313,0.83854,0.83867,1.27,2.32
2014.12.04 21:12:20.819,0.83854,0.83867,1.20,2.40
2014.12.04 21:12:20.870,0.83854,0.83867,1.20,2.02
2014.12.04 21:12:21.124,0.83854,0.83867,1.20,2.40
2014.12.04 21:12:21.906,0.83854,0.83867,1.20,2.02
2014.12.04 21:12:22.423,0.83854,0.83867,1.47,1.65
2014.12.04 21:12:23.992,0.83854,0.83867,1.47,1.72
2014.12.04 21:12:26.296,0.83854,0.83867,1.47,2.10
2014.12.04 21:12:26.799,0.83854,0.83867,1.47,2.02
2014.12.04 21:12:28.074,0.83854,0.83867,1.55,1.57
2014.12.04 21:12:33.402,0.83854,0.83867,1.52,1.75
2014.12.04 21:12:33.705,0.83857,0.83866,1.10,1.12
2014.12.04 21:12:34.007,0.83857,0.83868,1.10,1.12
2014.12.04 21:12:34.108,0.83857,0.8387,1.10,2.77
2014.12.04 21:12:34.159,0.8386,0.8387,1.00,1.92
2014.12.04 21:12:37.794,0.83861,0.8387,1.00,1.65
2014.12.04 21:12:46.349,0.83861,0.8387,1.00,1.27
2014.12.04 21:12:46.500,0.83863,0.83872,1.00,1.20
2014.12.04 21:12:46.601,0.83863,0.83874,1.00,1.72
2014.12.04 21:12:47.269,0.83863,0.83873,1.00,1.15
2014.12.04 21:12:59.337,0.83863,0.83873,1.00,1.65
2014.12.04 21:13:00.643,0.83862,0.83873,1.00,2.40
2014.12.04 21:13:09.135,0.83861,0.83872,1.20,1.52
2014.12.04 21:13:10.857,0.83861,0.83872,1.47,1.65
2014.12.04 21:13:12.581,0.83861,0.83872,1.47,1.35
2014.12.04 21:13:13.089,0.83859,0.83872,1.17,1.35
2014.12.04 21:13:13.139,0.83859,0.83872,1.17,1.95
2014.12.04 21:13:19.360,0.83859,0.83872,1.17,1.95
2014.12.04 21:13:25.606,0.83861,0.83871,1.50,1.57
2014.12.04 21:13:25.759,0.83865,0.83877,1.87,1.35
2014.12.04 21:13:30.461,0.83866,0.83877,1.00,1.27
2014.12.04 21:13:32.102,0.83865,0.83877,1.87,1.27
2014.12.04 21:13:33.394,0.83865,0.83878,2.40,2.02
2014.12.04 21:13:33.495,0.83863,0.83876,2.40,1.95
2014.12.04 21:13:33.596,0.83863,0.83874,1.00,1.72
2014.12.04 21:13:34.101,0.83863,0.83874,1.00,2.02
2014.12.04 21:13:34.252,0.83863,0.83874,1.00,1.42
2014.12.04 21:13:49.672,0.83862,0.83873,1.20,1.10
2014.12.04 21:13:50.225,0.83862,0.83873,1.15,1.10
2014.12.04 21:13:56.224,0.83861,0.83875,1.20,1.72
2014.12.04 21:14:07.934,0.83861,0.83875,1.57,1.72
2014.12.04 21:14:15.965,0.83861,0.83875,1.57,1.42
2014.12.04 21:14:36.813,0.83862,0.83874,1.10,1.42
2014.12.04 21:14:38.893,0.83863,0.83876,1.00,3.45
2014.12.04 21:14:47.068,0.83863,0.83877,1.07,1.72
2014.12.04 21:14:49.767,0.83863,0.83877,1.10,3.90
2014.12.04 21:14:50.091,0.83863,0.83877,1.20,1.72
2014.12.04 21:14:50.293,0.83863,0.83877,1.10,3.90
2014.12.04 21:14:50.494,0.83863,0.83877,1.20,1.72
2014.12.04 21:15:18.424,0.83863,0.83877,1.20,1.97
2014.12.04 21:15:35.693,0.83863,0.83877,1.20,1.72
2014.12.04 21:15:35.999,0.83865,0.83879,1.00,6.37
2014.12.04 21:15:37.877,0.83865,0.83878,1.00,2.85
2014.12.04 21:15:38.381,0.83865,0.83879,1.00,4.20
2014.12.04 21:15:40.572,0.83865,0.83878,1.00,2.85
2014.12.04 21:15:44.899,0.83865,0.83879,1.00,6.37
2014.12.04 21:15:46.615,0.83865,0.83877,1.00,2.85
2014.12.04 21:15:47.126,0.83865,0.83878,1.00,2.85
2014.12.04 21:16:04.431,0.83865,0.8387,1.00,1.00
2014.12.04 21:16:04.482,0.83862,0.8387,1.20,1.00
2014.12.04 21:16:04.986,0.83862,0.83869,1.00,1.00
2014.12.04 21:16:10.217,0.83862,0.8387,1.00,1.00
2014.12.04 21:16:20.758,0.83861,0.8387,1.50,1.00
2014.12.04 21:16:22.431,0.83868,0.83876,1.00,7.57
2014.12.04 21:16:22.532,0.83866,0.83878,1.00,1.52
2014.12.04 21:16:22.583,0.83866,0.8388,1.00,2.10
2014.12.04 21:16:22.734,0.83867,0.83871,1.00,1.00
2014.12.04 21:16:22.835,0.83864,0.8387,1.07,1.00
2014.12.04 21:16:23.351,0.83864,0.83869,1.00,1.00
2014.12.04 21:16:23.857,0.83863,0.8387,1.00,1.00
2014.12.04 21:16:23.958,0.8386,0.8387,1.00,1.00
2014.12.04 21:16:24.962,0.83862,0.8387,1.00,1.00
2014.12.04 21:16:25.776,0.83862,0.83869,1.00,1.00
2014.12.04 21:16:25.877,0.83862,0.83871,1.00,1.20
2014.12.04 21:16:26.398,0.83862,0.8387,1.00,1.10
2014.12.04 21:16:26.903,0.83862,0.83869,1.00,1.00
2014.12.04 21:16:27.931,0.83861,0.83869,1.10,1.00
2014.12.04 21:16:28.439,0.8386,0.83869,1.10,1.00
2014.12.04 21:16:28.590,0.83863,0.83869,1.00,1.00
2014.12.04 21:16:30.643,0.83864,0.83869,1.00,1.00
2014.12.04 21:16:31.668,0.83865,0.83869,1.00,1.00
2014.12.04 21:16:32.892,0.83865,0.8387,1.00,1.00
2014.12.04 21:16:32.992,0.83863,0.8387,1.00,1.00
2014.12.04 21:16:33.397,0.8386,0.8387,1.30,1.10
2014.12.04 21:16:33.750,0.83862,0.8387,1.00,1.00
2014.12.04 21:16:34.254,0.83862,0.83871,1.00,1.00
2014.12.04 21:16:34.513,0.8386,0.83871,1.20,1.20
2014.12.04 21:16:34.614,0.83862,0.83871,1.00,1.20
2014.12.04 21:16:35.128,0.83862,0.8387,1.00,1.00
2014.12.04 21:16:35.431,0.83864,0.83875,1.00,5.32
2014.12.04 21:16:35.532,0.83866,0.83877,1.00,1.27
2014.12.04 21:16:35.582,0.83866,0.83878,1.07,3.45
2014.12.04 21:16:35.734,0.83866,0.83873,1.00,1.00
2014.12.04 21:16:35.885,0.83865,0.8387,1.10,1.00
2014.12.04 21:16:35.935,0.83862,0.8387,1.00,1.00
2014.12.04 21:16:39.003,0.83863,0.8387,1.00,1.00
2014.12.04 21:16:43.681,0.83863,0.83869,1.00,1.00
2014.12.04 21:16:44.290,0.83863,0.8387,1.00,1.00
2014.12.04 21:16:44.391,0.83865,0.83872,1.00,1.27
2014.12.04 21:16:44.643,0.83866,0.83878,1.65,2.40
2014.12.04 21:16:44.706,0.83866,0.83878,2.02,2.32
2014.12.04 21:16:44.807,0.83866,0.83876,2.02,1.10
2014.12.04 21:16:48.209,0.83866,0.83878,1.15,1.85
2014.12.04 21:16:48.726,0.83864,0.83878,1.20,1.72
2014.12.04 21:16:48.828,0.83864,0.83876,1.20,1.27
2014.12.04 21:16:52.377,0.83864,0.83876,1.17,1.15
2014.12.04 21:16:52.744,0.83865,0.83877,1.10,1.45
2014.12.04 21:16:52.896,0.83864,0.83877,1.17,1.12
2014.12.04 21:16:53.400,0.83865,0.83878,1.15,1.57
2014.12.04 21:17:03.578,0.83866,0.83877,1.15,1.50
2014.12.04 21:17:08.631,0.83866,0.83877,1.15,1.57
2014.12.04 21:17:08.782,0.83866,0.83877,1.15,1.27
2014.12.04 21:17:10.306,0.83866,0.83877,1.15,1.27
2014.12.04 21:17:12.624,0.83866,0.83877,1.15,1.15
2014.12.04 21:17:13.163,0.83866,0.83877,1.15,1.00
2014.12.04 21:17:17.031,0.83866,0.83877,1.15,1.00
2014.12.04 21:17:17.240,0.83866,0.83877,1.17,1.00
2014.12.04 21:17:19.501,0.83869,0.8388,1.10,1.65
2014.12.04 21:17:20.004,0.8387,0.83881,1.00,2.02
2014.12.04 21:17:29.447,0.8387,0.83881,1.00,2.02
2014.12.04 21:17:45.902,0.8387,0.83881,1.00,2.40
2014.12.04 21:17:46.686,0.8387,0.83881,1.00,2.02
2014.12.04 21:17:47.211,0.8387,0.83881,1.00,2.02
2014.12.04 21:17:57.252,0.8387,0.83879,1.00,1.07
2014.12.04 21:17:57.555,0.8387,0.83879,1.00,1.12
2014.12.04 21:17:58.103,0.83869,0.83879,1.00,1.12
2014.12.04 21:17:58.408,0.83872,0.83879,1.00,1.05
2014.12.04 21:18:01.777,0.83872,0.83881,1.00,1.87
2014.12.04 21:18:01.828,0.83872,0.83881,1.00,1.27
2014.12.04 21:18:02.511,0.83872,0.83881,1.00,1.27
2014.12.04 21:18:03.032,0.83872,0.83881,1.00,1.27
2014.12.04 21:18:04.645,0.83872,0.83881,1.00,1.10
2014.12.04 21:18:08.338,0.83869,0.83882,1.62,1.00
2014.12.04 21:18:14.368,0.83872,0.8388,1.00,1.00
2014.12.04 21:18:14.885,0.83872,0.83881,1.00,1.00
2014.12.04 21:18:20.388,0.83871,0.83881,1.12,1.00
2014.12.04 21:18:20.894,0.83871,0.83882,1.12,1.10
2014.12.04 21:18:22.915,0.83871,0.83881,1.12,1.00
2014.12.04 21:18:23.453,0.83872,0.83881,1.00,1.00
2014.12.04 21:18:34.009,0.83872,0.83881,1.00,1.07
2014.12.04 21:18:34.211,0.83871,0.83884,1.12,2.77
2014.12.04 21:18:34.886,0.83871,0.83884,1.12,2.77
2014.12.04 21:18:36.466,0.8387,0.83884,1.20,2.77
2014.12.04 21:18:36.799,0.8387,0.83884,1.47,2.77
2014.12.04 21:18:37.202,0.8387,0.83883,1.47,1.95
2014.12.04 21:18:37.727,0.8387,0.83883,1.47,1.20
2014.12.04 21:18:38.246,0.8387,0.83883,1.47,1.57
2014.12.04 21:18:41.276,0.8387,0.83883,1.47,1.20
2014.12.04 21:18:42.608,0.8387,0.83883,1.47,1.20
2014.12.04 21:18:43.202,0.8387,0.83883,1.20,1.20
2014.12.04 21:18:53.534,0.8387,0.83884,1.37,3.52
2014.12.04 21:18:54.853,0.8387,0.83882,1.00,1.20
2014.12.04 21:18:55.309,0.83869,0.83881,1.00,3.52
2014.12.04 21:18:55.360,0.83867,0.83881,1.00,3.60
2014.12.04 21:18:55.763,0.83868,0.83882,1.10,1.65
2014.12.04 21:18:57.483,0.8387,0.83882,1.00,1.65
2014.12.04 21:19:03.862,0.8387,0.83882,1.00,1.95
2014.12.04 21:19:04.373,0.8387,0.83881,1.00,1.12
2014.12.04 21:19:24.608,0.8387,0.83882,1.00,1.87
2014.12.04 21:19:26.286,0.8387,0.83882,1.00,1.87
2014.12.04 21:19:26.797,0.83869,0.83881,1.20,1.50
2014.12.04 21:19:30.392,0.83869,0.83881,1.17,1.50
2014.12.04 21:19:31.061,0.83869,0.83881,1.20,1.50
2014.12.04 21:19:33.353,0.83869,0.83881,1.17,1.50
2014.12.04 21:19:45.613,0.83869,0.83881,1.17,1.12
2014.12.04 21:19:45.765,0.83871,0.83883,1.10,1.57
2014.12.04 21:19:46.984,0.83871,0.83883,1.10,1.50
2014.12.04 21:19:47.507,0.83871,0.83883,1.07,1.50
2014.12.04 21:19:49.126,0.83871,0.83883,1.07,1.20
2014.12.04 21:19:49.380,0.83873,0.83886,2.32,4.20
2014.12.04 21:19:49.481,0.83877,0.83889,1.00,2.32
2014.12.04 21:19:49.583,0.83881,0.83889,1.00,1.75
2014.12.04 21:19:50.106,0.83881,0.83891,1.00,4.12
2014.12.04 21:19:50.257,0.83881,0.83892,1.00,1.57
2014.12.04 21:19:50.897,0.83879,0.83891,1.00,1.27
2014.12.04 21:19:52.812,0.83877,0.83889,1.27,1.00
2014.12.04 21:19:53.418,0.83877,0.83889,1.27,1.00
2014.12.04 21:19:58.388,0.83877,0.83889,1.27,1.10
2014.12.04 21:20:02.795,0.83878,0.83892,1.45,2.02
2014.12.04 21:20:03.457,0.83878,0.83892,1.55,1.27
2014.12.04 21:20:23.126,0.83878,0.83892,2.77,1.20
2014.12.04 21:20:23.437,0.83876,0.8389,2.77,1.07
2014.12.04 21:20:23.841,0.83874,0.83888,1.45,1.20
2014.12.04 21:20:23.942,0.83873,0.83885,1.50,1.00
2014.12.04 21:20:24.446,0.83873,0.83886,1.50,1.20
2014.12.04 21:20:24.968,0.83873,0.83885,1.50,1.00
2014.12.04 21:20:25.673,0.83873,0.83885,1.65,1.00
2014.12.04 21:20:26.135,0.83873,0.83883,1.65,1.00
2014.12.04 21:20:26.186,0.83872,0.83883,1.57,1.00
2014.12.04 21:20:31.187,0.83872,0.83883,1.65,1.10
2014.12.04 21:20:37.232,0.83873,0.83887,1.20,1.85
2014.12.04 21:20:37.333,0.83873,0.83887,1.20,1.27
2014.12.04 21:20:37.894,0.83873,0.83887,2.70,1.20
2014.12.04 21:20:40.137,0.83873,0.83887,2.70,1.10
2014.12.04 21:20:40.640,0.83873,0.83887,2.70,1.10
2014.12.04 21:20:41.195,0.83873,0.83887,2.70,1.27
2014.12.04 21:20:41.891,0.83873,0.83887,2.70,1.20
2014.12.04 21:20:46.156,0.83873,0.83887,2.70,1.30
2014.12.04 21:20:47.559,0.83874,0.83886,1.00,1.00
2014.12.04 21:21:00.403,0.83874,0.83886,1.37,1.00
2014.12.04 21:21:00.992,0.83874,0.83888,1.37,1.35
2014.12.04 21:21:08.925,0.83875,0.83889,2.77,1.17
2014.12.04 21:21:09.127,0.83878,0.83892,2.77,1.12
2014.12.04 21:21:47.453,0.83879,0.83892,1.00,1.45
2014.12.04 21:21:47.605,0.83874,0.83888,1.12,1.52
2014.12.04 21:21:48.058,0.83872,0.83886,1.10,1.72
2014.12.04 21:21:48.310,0.83869,0.83882,2.40,1.00
2014.12.04 21:21:48.411,0.83869,0.83882,1.10,1.00
2014.12.04 21:21:48.817,0.83869,0.83882,1.10,1.20
2014.12.04 21:21:50.820,0.83869,0.83882,1.10,1.00
2014.12.04 21:22:00.762,0.83869,0.83882,1.20,1.00
2014.12.04 21:22:03.337,0.8387,0.83884,1.17,1.35
2014.12.04 21:22:08.606,0.8387,0.83884,1.17,1.57
2014.12.04 21:22:09.155,0.83869,0.83881,3.52,1.07
2014.12.04 21:22:15.716,0.83869,0.83883,3.15,1.72
2014.12.04 21:22:16.472,0.83866,0.8388,1.15,1.47
2014.12.04 21:22:16.522,0.83866,0.8388,1.10,1.65
2014.12.04 21:22:16.573,0.83864,0.83872,1.25,1.00
2014.12.04 21:22:16.699,0.83864,0.83876,1.65,1.00
2014.12.04 21:22:16.900,0.83864,0.83876,1.20,1.00
2014.12.04 21:22:17.002,0.83864,0.83874,1.00,1.00
2014.12.04 21:22:17.203,0.83861,0.83876,1.70,1.00
2014.12.04 21:22:17.304,0.83861,0.83876,1.17,1.95
2014.12.04 21:22:17.355,0.83857,0.83876,1.90,2.02
2014.12.04 21:22:17.406,0.83857,0.83875,1.27,2.40
2014.12.04 21:22:17.558,0.83856,0.83866,1.15,1.00
2014.12.04 21:22:17.659,0.83852,0.83865,2.77,1.00
2014.12.04 21:22:17.760,0.83853,0.83864,1.27,1.00
2014.12.04 21:22:18.115,0.83855,0.83865,1.15,1.00
2014.12.04 21:22:18.217,0.83855,0.83865,1.17,1.00
2014.12.04 21:22:18.519,0.83853,0.83863,1.27,1.00
2014.12.04 21:22:18.671,0.83852,0.83865,2.70,1.00
2014.12.04 21:22:18.822,0.83849,0.83865,6.00,1.17
2014.12.04 21:22:19.427,0.83849,0.83865,3.90,1.27
2014.12.04 21:22:20.181,0.83849,0.83865,3.90,1.27
2014.12.04 21:22:20.984,0.83849,0.83866,6.07,1.20
2014.12.04 21:22:21.488,0.8385,0.83862,3.07,1.37
2014.12.04 21:22:21.538,0.83847,0.83862,1.15,1.55
2014.12.04 21:22:21.639,0.83847,0.83856,1.37,1.00
2014.12.04 21:22:21.690,0.83847,0.83856,1.00,1.00
2014.12.04 21:22:21.942,0.83845,0.83856,1.00,1.10
2014.12.04 21:22:22.452,0.83843,0.83856,1.15,1.20
2014.12.04 21:22:22.880,0.8384,0.83854,2.70,1.00
2014.12.04 21:22:23.132,0.83831,0.8385,1.17,5.70
2014.12.04 21:22:23.234,0.83831,0.83843,1.17,1.65
2014.12.04 21:22:23.335,0.83825,0.83843,1.17,4.57
2014.12.04 21:22:23.437,0.83824,0.8384,1.50,1.50
2014.12.04 21:22:23.589,0.83826,0.83839,1.00,1.45
2014.12.04 21:22:23.791,0.83817,0.83833,1.50,1.12
2014.12.04 21:22:24.044,0.83814,0.8383,1.00,1.10
2014.12.04 21:22:24.095,0.83814,0.8383,1.00,1.85
2014.12.04 21:22:24.145,0.8381,0.83828,1.00,1.12
2014.12.04 21:22:24.246,0.83804,0.83824,1.57,1.00
2014.12.04 21:22:24.297,0.83802,0.83823,2.02,2.25
2014.12.04 21:22:24.348,0.83804,0.83822,1.00,1.52
2014.12.04 21:22:24.751,0.83804,0.83819,1.00,1.87
2014.12.04 21:22:24.889,0.838,0.83819,1.00,3.00
2014.12.04 21:22:24.940,0.838,0.83814,1.00,1.00
2014.12.04 21:22:25.142,0.83798,0.83814,1.20,1.00
2014.12.04 21:22:25.344,0.83798,0.83814,1.57,1.45
2014.12.04 21:22:25.660,0.83798,0.83814,1.95,1.17
2014.12.04 21:22:26.215,0.83801,0.83814,3.75,1.17
2014.12.04 21:22:26.467,0.83805,0.83823,1.95,1.87
2014.12.04 21:22:26.999,0.83808,0.83823,1.00,1.20
2014.12.04 21:22:27.050,0.83809,0.83823,1.07,1.12
2014.12.04 21:22:27.101,0.83809,0.83826,1.17,1.20
2014.12.04 21:22:27.606,0.83811,0.83826,1.00,1.07
2014.12.04 21:22:29.333,0.83811,0.83826,1.37,1.07
2014.12.04 21:22:29.837,0.83811,0.83828,1.00,1.45
2014.12.04 21:22:31.594,0.83813,0.83828,1.00,1.87
2014.12.04 21:22:32.099,0.83811,0.83828,1.87,1.87
2014.12.04 21:22:32.401,0.83815,0.83831,2.70,2.25
2014.12.04 21:22:32.827,0.83817,0.83833,3.37,1.75
2014.12.04 21:22:32.928,0.8382,0.83835,1.47,1.12
2014.12.04 21:22:33.029,0.83821,0.83836,1.37,1.87
2014.12.04 21:22:33.130,0.8382,0.83833,2.32,1.07
2014.12.04 21:22:33.333,0.83818,0.83834,1.12,1.87
2014.12.04 21:22:33.585,0.83818,0.83833,1.12,1.12
2014.12.04 21:22:43.833,0.83818,0.83833,1.12,1.45
2014.12.04 21:22:44.702,0.83818,0.83834,3.37,1.75
2014.12.04 21:22:44.904,0.83818,0.83836,3.37,1.87
2014.12.04 21:22:45.440,0.83818,0.83836,3.52,1.17
2014.12.04 21:22:45.591,0.83819,0.83836,1.57,1.17
2014.12.04 21:22:45.894,0.83822,0.83836,1.12,1.00
2014.12.04 21:22:45.995,0.83822,0.83836,1.37,1.00
2014.12.04 21:22:46.499,0.83822,0.83838,2.32,1.07
2014.12.04 21:22:46.701,0.83824,0.83842,2.02,1.87
2014.12.04 21:22:51.369,0.83825,0.83842,1.45,1.12
2014.12.04 21:22:51.420,0.83825,0.83842,1.45,1.75
2014.12.04 21:22:52.601,0.83829,0.83842,1.00,1.75
2014.12.04 21:22:52.753,0.8383,0.83846,4.20,1.12
2014.12.04 21:22:53.271,0.83831,0.83846,1.87,1.75
2014.12.04 21:22:53.423,0.83831,0.83846,2.25,1.12
2014.12.04 21:22:53.524,0.83831,0.83848,2.25,1.12
2014.12.04 21:22:54.037,0.83831,0.83848,3.75,1.12
2014.12.04 21:23:00.328,0.83832,0.83851,2.62,1.57
2014.12.04 21:23:05.500,0.83833,0.83851,1.57,1.57
2014.12.04 21:23:06.834,0.83834,0.83852,1.87,1.12
2014.12.04 21:23:07.335,0.83834,0.83852,1.87,1.45
2014.12.04 21:23:08.072,0.83834,0.83852,1.87,1.12
2014.12.04 21:23:09.002,0.83834,0.83852,4.12,1.45
2014.12.04 21:23:09.669,0.83835,0.83853,1.87,1.12
2014.12.04 21:23:10.378,0.83835,0.83853,1.87,1.12
2014.12.04 21:23:11.903,0.83835,0.83853,1.87,1.12
2014.12.04 21:23:22.454,0.83836,0.83854,1.12,1.12
2014.12.04 21:23:25.346,0.83834,0.83853,1.50,1.57
2014.12.04 21:23:25.447,0.83834,0.83853,1.12,1.57
2014.12.04 21:23:32.708,0.83834,0.83852,2.25,1.12
2014.12.04 21:23:39.111,0.83835,0.83853,1.57,1.57
2014.12.04 21:23:41.645,0.83837,0.83854,1.37,1.12
2014.12.04 21:23:44.453,0.83838,0.83854,1.37,1.57
2014.12.04 21:23:45.454,0.83838,0.83855,1.95,1.57
2014.12.04 21:23:49.999,0.83838,0.83854,1.87,1.57
2014.12.04 21:23:51.109,0.83838,0.83853,1.57,1.12
2014.12.04 21:23:52.559,0.8384,0.83853,1.75,1.20
2014.12.04 21:23:52.660,0.83844,0.83862,3.07,3.37
2014.12.04 21:23:52.761,0.83847,0.83862,1.45,1.12
2014.12.04 21:24:04.068,0.83847,0.83864,1.87,1.27
2014.12.04 21:24:04.693,0.83847,0.83864,1.87,1.52
2014.12.04 21:24:13.259,0.8385,0.83864,1.00,1.47
2014.12.04 21:24:13.309,0.8385,0.83868,2.32,1.85
2014.12.04 21:24:13.461,0.83856,0.83872,1.87,1.20
2014.12.04 21:24:13.925,0.83856,0.83872,1.87,1.10
2014.12.04 21:24:22.327,0.83856,0.83872,1.37,1.27
2014.12.04 21:24:22.579,0.8385,0.83866,2.62,1.00
2014.12.04 21:24:22.630,0.8385,0.83864,1.87,1.00
2014.12.04 21:24:22.680,0.8385,0.83864,1.45,1.00
2014.12.04 21:24:22.782,0.83848,0.83864,1.87,1.20
2014.12.04 21:24:22.883,0.83847,0.83862,1.47,1.00
2014.12.04 21:24:23.084,0.83847,0.83862,1.20,1.00
2014.12.04 21:24:24.138,0.83847,0.83862,1.37,1.00
2014.12.04 21:24:27.162,0.83847,0.83864,1.87,1.55
2014.12.04 21:24:27.666,0.83847,0.83864,1.87,1.27
2014.12.04 21:24:33.999,0.83847,0.83864,2.02,1.27
2014.12.04 21:24:38.314,0.83848,0.83864,1.57,1.00
2014.12.04 21:24:38.882,0.83849,0.83864,1.12,1.00
2014.12.04 21:24:39.575,0.83849,0.83866,1.12,1.37
2014.12.04 21:24:40.085,0.83849,0.83866,1.12,1.12
2014.12.04 21:24:44.641,0.83849,0.83866,1.87,1.37
2014.12.04 21:24:45.145,0.83849,0.83866,1.87,1.00
2014.12.04 21:24:52.867,0.83848,0.83867,1.20,1.20
2014.12.04 21:25:01.496,0.8385,0.83867,1.12,1.10
2014.12.04 21:25:02.473,0.83851,0.83868,1.87,1.12
2014.12.04 21:25:03.108,0.83854,0.83866,1.00,1.00
2014.12.04 21:25:07.170,0.83854,0.83866,1.07,1.00
2014.12.04 21:25:08.272,0.83854,0.83866,1.10,1.00
2014.12.04 21:25:10.111,0.83854,0.83866,1.07,1.00
2014.12.04 21:25:12.012,0.83854,0.83866,1.00,1.00
2014.12.04 21:25:19.512,0.83854,0.83865,1.00,1.00
2014.12.04 21:25:20.021,0.83851,0.83864,1.57,1.12
2014.12.04 21:25:20.329,0.83851,0.83864,1.20,1.12
2014.12.04 21:25:20.739,0.83851,0.83862,1.12,1.00
2014.12.04 21:25:21.967,0.83849,0.8386,1.95,1.00
2014.12.04 21:25:23.837,0.83851,0.83862,1.12,1.00
2014.12.04 21:25:28.645,0.83851,0.83862,1.00,1.37
2014.12.04 21:25:28.696,0.83849,0.83859,1.00,1.00
2014.12.04 21:25:29.200,0.83848,0.83859,1.87,1.00
2014.12.04 21:25:41.612,0.83849,0.83859,1.00,1.00
2014.12.04 21:25:47.045,0.83849,0.83861,1.00,1.57
2014.12.04 21:25:54.159,0.83848,0.8386,1.12,1.12
2014.12.04 21:25:54.412,0.83846,0.8386,1.10,1.57
2014.12.04 21:25:54.715,0.83844,0.83856,1.87,1.00
2014.12.04 21:25:55.017,0.83836,0.83851,1.50,1.00
2014.12.04 21:25:55.118,0.83831,0.83845,3.07,1.00
2014.12.04 21:25:55.320,0.83834,0.83846,1.00,1.00
2014.12.04 21:25:55.623,0.83829,0.83842,1.07,1.00
2014.12.04 21:25:55.875,0.8383,0.83844,2.32,1.00
2014.12.04 21:25:55.976,0.8383,0.83839,1.50,1.00
2014.12.04 21:25:56.128,0.83819,0.83834,1.00,2.25
2014.12.04 21:25:56.179,0.83813,0.83832,1.12,1.17
2014.12.04 21:25:56.247,0.83811,0.83832,1.52,1.07
2014.12.04 21:25:56.399,0.8381,0.83827,1.20,1.37
2014.12.04 21:25:56.652,0.83802,0.83822,1.00,2.40
2014.12.04 21:25:56.854,0.83802,0.83823,1.27,2.62
2014.12.04 21:25:57.257,0.83803,0.83821,1.27,1.12
2014.12.04 21:25:57.765,0.83803,0.83821,1.72,1.12
2014.12.04 21:25:58.068,0.83811,0.83827,1.37,2.62
2014.12.04 21:25:58.118,0.83811,0.83824,1.12,1.45
2014.12.04 21:25:58.421,0.83806,0.83825,2.70,1.52
2014.12.04 21:25:58.939,0.83806,0.83822,1.47,1.07
2014.12.04 21:25:59.504,0.83806,0.83824,1.85,1.12
2014.12.04 21:25:59.906,0.83806,0.83822,1.95,1.07
2014.12.04 21:26:00.107,0.83806,0.83823,1.85,1.45
2014.12.04 21:26:05.011,0.83808,0.83824,1.37,1.45
2014.12.04 21:26:10.357,0.83808,0.83824,1.50,1.07
2014.12.04 21:26:10.661,0.83808,0.83826,1.37,1.12
2014.12.04 21:26:15.539,0.83807,0.83824,1.37,1.07
2014.12.04 21:26:18.187,0.83812,0.83828,1.75,1.12
2014.12.04 21:26:18.238,0.83812,0.8383,1.75,1.57
2014.12.04 21:26:18.348,0.83817,0.83833,1.37,1.45
2014.12.04 21:26:18.399,0.83821,0.83837,1.50,1.75
2014.12.04 21:26:18.501,0.83821,0.83837,2.62,1.20
2014.12.04 21:26:18.955,0.8382,0.83839,1.15,1.15
2014.12.04 21:26:19.207,0.83817,0.83836,1.75,1.00
2014.12.04 21:26:19.785,0.83819,0.83836,1.12,1.00
2014.12.04 21:26:25.582,0.8382,0.83836,1.27,1.00
2014.12.04 21:26:25.885,0.83824,0.83838,1.12,1.00
2014.12.04 21:26:26.390,0.83823,0.8384,1.85,1.12
2014.12.04 21:26:26.901,0.83823,0.8384,1.57,1.00
2014.12.04 21:26:29.078,0.83823,0.83838,1.57,1.00
2014.12.04 21:26:29.746,0.83823,0.83839,1.82,1.00
2014.12.04 21:26:37.919,0.83823,0.83839,1.82,1.00
2014.12.04 21:26:43.138,0.83822,0.83839,1.87,1.00
2014.12.04 21:26:43.542,0.83822,0.83839,1.12,1.12
2014.12.04 21:26:44.052,0.8382,0.83839,1.12,1.12
2014.12.04 21:26:44.744,0.8382,0.83839,1.12,1.37
2014.12.04 21:26:45.262,0.8382,0.83837,1.12,1.00
2014.12.04 21:26:48.577,0.8382,0.83837,1.12,1.00
2014.12.04 21:26:48.885,0.8382,0.83834,1.12,1.00
2014.12.04 21:26:49.390,0.8382,0.83835,1.52,1.00
2014.12.04 21:26:49.793,0.83822,0.83834,1.07,1.00
2014.12.04 21:26:50.577,0.8382,0.83834,2.25,1.00
2014.12.04 21:26:51.099,0.8382,0.83835,2.40,1.00
2014.12.04 21:26:53.091,0.8382,0.83836,2.40,1.00
2014.12.04 21:27:08.716,0.83823,0.83836,1.12,1.00
2014.12.04 21:27:15.172,0.83822,0.83837,2.40,1.00
2014.12.04 21:27:15.950,0.83822,0.83829,1.27,1.00
2014.12.04 21:27:16.000,0.8382,0.83829,1.50,1.00
2014.12.04 21:27:16.051,0.8382,0.83826,1.00,1.00
2014.12.04 21:27:16.152,0.83814,0.83824,1.87,1.00
2014.12.04 21:27:16.203,0.83814,0.83824,1.52,1.00
2014.12.04 21:27:16.405,0.83809,0.83824,1.82,1.00
2014.12.04 21:27:16.506,0.83808,0.8382,1.45,1.00
2014.12.04 21:27:16.607,0.83805,0.83819,2.77,1.00
2014.12.04 21:27:17.153,0.83805,0.83818,1.12,1.00
2014.12.04 21:27:17.405,0.83803,0.83818,3.52,1.00
2014.12.04 21:27:17.909,0.83803,0.83816,2.02,1.00
2014.12.04 21:27:18.060,0.83804,0.83818,1.57,1.00
2014.12.04 21:27:19.686,0.83804,0.83819,1.95,1.00
2014.12.04 21:27:20.745,0.83804,0.83819,1.65,1.00
2014.12.04 21:27:20.997,0.83806,0.83822,1.75,1.12
2014.12.04 21:27:23.453,0.83806,0.83822,2.10,1.00
2014.12.04 21:27:26.039,0.83806,0.83822,2.17,1.00
2014.12.04 21:27:26.614,0.83806,0.83822,2.17,1.00
2014.12.04 21:27:39.545,0.83806,0.83822,2.77,1.00
2014.12.04 21:27:47.349,0.83806,0.83822,2.47,1.00
2014.12.04 21:27:48.653,0.83806,0.83822,2.47,1.00
2014.12.04 21:27:49.156,0.83808,0.83824,1.57,1.57
2014.12.04 21:27:54.599,0.83808,0.83823,1.57,1.00
2014.12.04 21:27:55.110,0.83808,0.83824,2.02,1.12
2014.12.04 21:27:57.820,0.83808,0.83824,2.40,1.00
2014.12.04 21:27:58.359,0.8381,0.83826,1.72,1.37
2014.12.04 21:27:58.542,0.83811,0.83827,1.57,1.12
2014.12.04 21:27:58.744,0.83814,0.83828,1.12,1.05
2014.12.04 21:27:59.047,0.83813,0.83831,1.12,2.40
2014.12.04 21:27:59.148,0.83813,0.83831,1.45,2.47
2014.12.04 21:28:00.319,0.83811,0.83828,1.27,1.37
2014.12.04 21:28:00.622,0.83811,0.83826,1.42,1.12
2014.12.04 21:28:07.652,0.83811,0.83826,1.27,1.37
2014.12.04 21:28:08.238,0.83811,0.83826,1.27,1.12
2014.12.04 21:28:09.389,0.8381,0.83825,1.62,1.00
2014.12.04 21:28:09.893,0.83809,0.83824,1.70,1.00
2014.12.04 21:28:10.044,0.83809,0.83822,1.70,1.00
2014.12.04 21:28:13.375,0.83811,0.83822,1.25,1.00
2014.12.04 21:28:13.959,0.83809,0.83822,2.02,1.00
2014.12.04 21:28:14.487,0.83809,0.83822,1.72,1.00
2014.12.04 21:28:14.998,0.83811,0.83823,1.35,1.00
2014.12.04 21:28:18.547,0.83808,0.83823,1.62,1.00
2014.12.04 21:28:19.520,0.83808,0.83823,1.65,1.00
2014.12.04 21:28:20.069,0.8381,0.83824,1.57,1.12
2014.12.04 21:28:22.624,0.83809,0.83822,1.52,1.00
2014.12.04 21:28:30.834,0.8381,0.83824,1.75,1.12
2014.12.04 21:28:32.961,0.83811,0.83825,1.47,1.00
2014.12.04 21:28:39.156,0.83811,0.83825,1.57,1.00
2014.12.04 21:28:39.662,0.83813,0.83826,1.12,1.10
2014.12.04 21:28:40.201,0.83812,0.83825,1.12,1.00
2014.12.04 21:28:46.564,0.83812,0.83825,1.12,1.07
2014.12.04 21:28:47.188,0.83812,0.83825,1.12,1.00
2014.12.04 21:28:59.441,0.8381,0.83823,1.17,1.12
2014.12.04 21:28:59.743,0.83809,0.8382,1.00,1.00
2014.12.04 21:29:00.270,0.83809,0.8382,1.37,1.00
2014.12.04 21:29:00.321,0.8381,0.83823,1.12,1.37
2014.12.04 21:29:00.831,0.83808,0.83821,1.47,1.12
2014.12.04 21:29:01.335,0.8381,0.83823,1.00,1.12
2014.12.04 21:29:01.436,0.8381,0.83823,1.00,1.37
2014.12.04 21:29:01.952,0.83808,0.83821,1.47,1.12
2014.12.04 21:29:02.635,0.83809,0.83822,1.37,1.12
2014.12.04 21:29:03.088,0.83809,0.8382,1.12,1.00
2014.12.04 21:29:04.403,0.83809,0.83822,1.12,1.37
2014.12.04 21:29:04.705,0.83808,0.83819,1.47,1.00
2014.12.04 21:29:04.756,0.83809,0.83822,1.12,1.37
2014.12.04 21:29:05.260,0.83807,0.8382,1.65,1.00
2014.12.04 21:29:05.461,0.83807,0.8382,1.55,1.00
2014.12.04 21:29:05.512,0.83809,0.83822,1.37,1.12
2014.12.04 21:29:05.715,0.83808,0.83819,1.47,1.00
2014.12.04 21:29:05.816,0.8381,0.83821,1.00,1.12
2014.12.04 21:29:06.068,0.8381,0.83823,1.00,1.12
2014.12.04 21:29:06.169,0.83809,0.8382,1.00,1.00
2014.12.04 21:29:08.799,0.83809,0.83822,1.20,1.00
2014.12.04 21:29:09.051,0.83809,0.8382,1.10,1.00
2014.12.04 21:29:09.253,0.8381,0.83823,1.00,1.37
2014.12.04 21:29:09.757,0.83808,0.83821,1.27,1.00
2014.12.04 21:29:10.879,0.8381,0.83821,1.37,1.00
2014.12.04 21:29:11.131,0.83809,0.8382,1.27,1.00
2014.12.04 21:29:12.089,0.83811,0.83822,1.00,1.12
2014.12.04 21:29:12.593,0.83812,0.83823,1.00,1.00
2014.12.04 21:29:12.744,0.83812,0.83825,1.00,1.12
2014.12.04 21:29:20.923,0.83812,0.83825,1.00,1.20
2014.12.04 21:29:21.124,0.83812,0.83823,1.00,1.37
2014.12.04 21:29:21.226,0.83809,0.8382,1.20,1.00
2014.12.04 21:29:21.731,0.83809,0.8382,1.12,1.00
2014.12.04 21:29:22.235,0.83807,0.8382,1.27,1.00
2014.12.04 21:29:22.746,0.83807,0.8382,1.55,1.00
2014.12.04 21:29:23.422,0.83808,0.83821,1.10,1.12
2014.12.04 21:29:23.675,0.83808,0.83819,1.10,1.00
2014.12.04 21:29:26.492,0.83809,0.83822,1.00,1.12
2014.12.04 21:29:26.643,0.83808,0.83819,1.20,1.00
2014.12.04 21:29:27.147,0.83807,0.8382,1.57,1.12
2014.12.04 21:29:27.451,0.8381,0.83821,1.00,1.00
2014.12.04 21:29:27.753,0.83808,0.83819,1.12,1.00
2014.12.04 21:29:27.855,0.83809,0.83822,1.00,1.20
2014.12.04 21:29:27.956,0.83807,0.8382,1.57,1.00
2014.12.04 21:29:28.367,0.83809,0.83822,1.00,1.20
2014.12.04 21:29:28.619,0.83807,0.8382,1.57,1.00
2014.12.04 21:29:29.072,0.8381,0.83821,1.00,1.00
2014.12.04 21:29:29.576,0.83809,0.83822,1.00,1.12
2014.12.04 21:29:30.282,0.83808,0.83819,1.12,1.00
2014.12.04 21:29:30.483,0.83809,0.83822,1.00,1.12
2014.12.04 21:29:30.584,0.83809,0.8382,1.00,1.00
2014.12.04 21:29:30.887,0.83812,0.8382,1.00,1.00
2014.12.04 21:29:30.938,0.83814,0.83827,1.00,1.20
2014.12.04 21:29:31.039,0.83814,0.83827,1.12,1.10
2014.12.04 21:29:31.518,0.83815,0.83827,1.07,1.00
2014.12.04 21:29:31.826,0.83815,0.83827,1.12,1.00
2014.12.04 21:29:32.080,0.83814,0.83827,1.12,1.00
2014.12.04 21:29:32.490,0.83814,0.83827,1.00,1.37
2014.12.04 21:29:32.994,0.83813,0.83824,1.12,1.00
2014.12.04 21:29:34.927,0.83813,0.83824,1.00,1.37
2014.12.04 21:29:34.977,0.83808,0.83819,1.65,1.00
2014.12.04 21:29:35.229,0.83809,0.83822,1.20,1.37
2014.12.04 21:29:35.330,0.83808,0.83819,1.57,1.00
2014.12.04 21:29:35.532,0.83811,0.83824,1.12,1.37
2014.12.04 21:29:35.733,0.83812,0.83825,1.00,1.12
2014.12.04 21:29:36.500,0.83812,0.83825,1.00,1.47
2014.12.04 21:29:36.550,0.83809,0.83822,1.17,1.12
2014.12.04 21:29:36.651,0.83808,0.8382,1.07,1.00
2014.12.04 21:29:37.157,0.8381,0.83821,1.00,1.00
2014.12.04 21:29:37.309,0.83807,0.8382,1.55,1.00
2014.12.04 21:29:37.460,0.83808,0.8382,1.07,1.00
2014.12.04 21:29:37.611,0.83809,0.83822,1.07,1.12
2014.12.04 21:29:37.712,0.83807,0.8382,1.55,1.00
2014.12.04 21:29:38.015,0.8381,0.83821,1.00,1.00
2014.12.04 21:29:38.066,0.83807,0.8382,1.55,1.00
2014.12.04 21:29:38.419,0.83809,0.83822,1.00,1.12
2014.12.04 21:29:38.520,0.83807,0.8382,1.85,1.00
2014.12.04 21:29:39.024,0.83807,0.8382,1.57,1.00
2014.12.04 21:29:39.074,0.83809,0.83822,1.10,1.20
2014.12.04 21:29:39.276,0.83808,0.8382,1.07,1.00
2014.12.04 21:29:39.478,0.83809,0.83822,1.47,1.12
2014.12.04 21:29:39.731,0.83807,0.8382,1.65,1.00
2014.12.04 21:29:40.033,0.8381,0.83823,1.00,1.20
2014.12.04 21:29:40.285,0.83809,0.8382,1.20,1.00
2014.12.04 21:29:40.436,0.83811,0.83822,1.00,1.00
2014.12.04 21:29:40.839,0.83808,0.83821,1.27,1.00
2014.12.04 21:29:41.495,0.83813,0.83824,1.07,1.45
2014.12.04 21:29:41.596,0.83814,0.8383,2.70,1.37
2014.12.04 21:29:41.770,0.83816,0.8383,1.55,1.00
2014.12.04 21:29:41.821,0.83821,0.83832,1.10,1.00
2014.12.04 21:29:41.922,0.83818,0.83839,3.07,1.12
2014.12.04 21:29:41.973,0.8382,0.83839,1.65,1.00
2014.12.04 21:29:42.024,0.83822,0.83843,1.72,2.02
2014.12.04 21:29:42.339,0.83827,0.83838,1.00,1.00
2014.12.04 21:29:42.491,0.83828,0.83841,1.00,1.00
2014.12.04 21:29:42.642,0.83829,0.8384,1.17,1.00
2014.12.04 21:29:42.794,0.83829,0.83842,1.17,1.00
2014.12.04 21:29:42.896,0.83828,0.83839,1.20,1.00
2014.12.04 21:29:43.100,0.83828,0.83839,1.10,1.00
2014.12.04 21:29:43.911,0.83834,0.83845,1.00,3.45
2014.12.04 21:29:43.962,0.83834,0.83845,1.00,1.00
2014.12.04 21:29:44.013,0.83834,0.83847,1.12,1.00
2014.12.04 21:29:44.215,0.83836,0.83847,1.00,1.00
2014.12.04 21:29:44.518,0.83837,0.83848,1.50,1.00
2014.12.04 21:29:45.022,0.83835,0.83852,1.45,4.27
2014.12.04 21:29:45.824,0.83835,0.83852,1.20,4.27
2014.12.04 21:29:45.874,0.83837,0.83851,2.32,1.17
2014.12.04 21:29:46.076,0.83842,0.83857,1.47,1.10
2014.12.04 21:29:46.932,0.83842,0.83857,1.57,1.47
2014.12.04 21:29:47.033,0.83839,0.83858,1.55,4.20
2014.12.04 21:29:47.184,0.83837,0.83855,1.87,1.62
2014.12.04 21:29:47.537,0.83834,0.83854,1.65,2.02
2014.12.04 21:29:50.821,0.83839,0.83854,1.00,1.27
2014.12.04 21:29:50.872,0.83839,0.83855,1.45,1.75
2014.12.04 21:29:51.023,0.83841,0.83857,1.37,1.27
2014.12.04 21:29:51.124,0.83841,0.83858,1.37,1.67
2014.12.04 21:29:51.175,0.83838,0.83858,2.77,1.42
2014.12.04 21:29:53.319,0.83837,0.83858,2.77,1.70
2014.12.04 21:29:54.078,0.83839,0.83858,1.20,1.70
2014.12.04 21:30:00.288,0.83839,0.83858,1.27,3.60
2014.12.04 21:30:00.803,0.83838,0.83858,1.27,3.60
2014.12.04 21:30:05.159,0.83838,0.83858,1.27,2.85
2014.12.04 21:30:06.562,0.8384,0.83858,1.65,2.77
2014.12.04 21:30:22.706,0.8384,0.83858,1.95,2.70
2014.12.04 21:30:23.256,0.83839,0.83857,1.95,3.07
2014.12.04 21:30:23.788,0.83839,0.83856,1.57,1.52
2014.12.04 21:30:24.664,0.83837,0.83856,1.57,6.07
2014.12.04 21:30:25.168,0.83834,0.83853,1.20,2.77
2014.12.04 21:30:25.320,0.83833,0.83853,1.72,2.85
2014.12.04 21:30:30.191,0.83834,0.83853,1.65,2.32
2014.12.04 21:30:30.242,0.83834,0.83855,1.72,2.85
2014.12.04 21:30:30.394,0.83836,0.83855,1.20,2.85
2014.12.04 21:30:31.000,0.83836,0.83855,1.95,2.47
2014.12.04 21:30:31.252,0.83837,0.83857,1.62,3.45
2014.12.04 21:30:39.379,0.83836,0.83855,2.10,1.62
2014.12.04 21:30:39.430,0.83835,0.83855,1.27,2.10
2014.12.04 21:30:39.934,0.83834,0.83853,1.52,1.62
2014.12.04 21:30:40.532,0.83833,0.83853,1.90,1.62
2014.12.04 21:30:47.884,0.83834,0.83856,4.20,3.15
2014.12.04 21:30:48.035,0.83836,0.83856,1.27,2.77
2014.12.04 21:30:50.411,0.83836,0.83856,1.65,2.77
2014.12.04 21:30:51.901,0.83837,0.83856,1.15,3.15
2014.12.04 21:30:52.002,0.83835,0.83855,1.72,3.15
2014.12.04 21:30:59.698,0.83834,0.83855,1.90,3.15
2014.12.04 21:30:59.748,0.83833,0.83851,2.77,1.65
2014.12.04 21:30:59.799,0.8383,0.83851,3.90,1.97
2014.12.04 21:30:59.900,0.83829,0.8385,2.40,6.07
2014.12.04 21:31:00.404,0.83828,0.8385,2.10,5.62
2014.12.04 21:31:00.933,0.83828,0.83849,2.10,1.27
2014.12.04 21:31:19.156,0.83828,0.83847,2.40,2.85
2014.12.04 21:31:19.661,0.83828,0.83846,1.65,1.27
2014.12.04 21:31:22.040,0.83828,0.83846,1.65,1.27
2014.12.04 21:31:35.218,0.83828,0.83844,1.65,1.22
2014.12.04 21:31:35.960,0.83828,0.83844,1.55,1.52
2014.12.04 21:31:53.741,0.83828,0.83846,1.57,3.15
2014.12.04 21:31:56.739,0.83828,0.83845,1.65,1.22
2014.12.04 21:31:56.941,0.83829,0.83848,1.20,2.85
2014.12.04 21:32:00.156,0.83828,0.83848,1.27,3.15
2014.12.04 21:32:04.304,0.83828,0.83848,1.65,5.32
2014.12.04 21:32:04.809,0.8383,0.83846,1.12,1.27
2014.12.04 21:32:10.073,0.8383,0.83846,1.37,1.27
2014.12.04 21:32:24.757,0.8383,0.83848,1.37,5.62
2014.12.04 21:32:25.746,0.8383,0.83848,1.47,3.45
2014.12.04 21:32:25.897,0.8383,0.8385,1.55,3.45
2014.12.04 21:32:33.268,0.8383,0.8385,1.55,3.45
2014.12.04 21:32:33.777,0.8383,0.83849,1.57,1.27
2014.12.04 21:32:37.891,0.83831,0.83849,1.37,1.27
2014.12.04 21:32:38.499,0.83829,0.83847,1.95,3.15
2014.12.04 21:32:53.585,0.8383,0.83848,1.37,1.27
2014.12.04 21:32:54.091,0.8383,0.83848,1.37,5.62
2014.12.04 21:32:55.357,0.8383,0.83848,1.47,1.27
2014.12.04 21:32:55.458,0.83829,0.83846,2.02,1.20
2014.12.04 21:32:56.035,0.83829,0.83847,2.10,1.27
2014.12.04 21:33:01.187,0.83829,0.83849,2.10,1.27
2014.12.04 21:33:07.337,0.83829,0.83848,2.10,1.27
2014.12.04 21:33:19.688,0.83829,0.83847,1.57,1.27
2014.12.04 21:33:23.988,0.83829,0.83847,1.57,1.27
2014.12.04 21:33:24.507,0.83829,0.83846,1.57,1.27
2014.12.04 21:34:10.823,0.83829,0.83846,1.37,1.27
2014.12.04 21:34:17.866,0.83829,0.83846,1.47,1.27
2014.12.04 21:34:28.411,0.83829,0.83845,1.47,1.20
2014.12.04 21:34:28.615,0.83829,0.83848,1.47,1.27
2014.12.04 21:34:29.131,0.83829,0.83847,1.47,1.27
2014.12.04 21:34:29.637,0.83829,0.83847,1.57,1.27
2014.12.04 21:34:30.200,0.83829,0.83846,1.57,1.22
2014.12.04 21:34:30.740,0.83829,0.83846,1.55,1.25
2014.12.04 21:34:31.284,0.83829,0.83846,1.45,1.52
2014.12.04 21:34:32.477,0.83829,0.83847,1.47,1.27
2014.12.04 21:34:33.167,0.83829,0.83847,1.37,1.27
2014.12.04 21:34:33.711,0.83829,0.83847,1.57,1.27
2014.12.04 21:34:33.940,0.83829,0.83847,1.37,1.27
2014.12.04 21:34:34.448,0.83829,0.83848,1.67,1.27
2014.12.04 21:34:34.559,0.83829,0.83847,1.67,2.85
2014.12.04 21:34:34.866,0.83829,0.83848,1.42,1.27
2014.12.04 21:34:35.461,0.83829,0.83847,1.67,2.85
2014.12.04 21:34:35.563,0.83829,0.83848,1.72,1.27
2014.12.04 21:34:42.636,0.83829,0.83848,1.72,1.27
2014.12.04 21:34:45.477,0.83829,0.83848,1.62,1.27
2014.12.04 21:34:47.461,0.83828,0.83845,1.47,1.27
2014.12.04 21:34:57.584,0.83828,0.83846,1.55,1.27
2014.12.04 21:34:58.106,0.8383,0.83847,1.37,1.27
2014.12.04 21:35:00.745,0.8383,0.83846,1.57,1.25
2014.12.04 21:35:07.333,0.83829,0.83848,1.62,1.27
2014.12.04 21:35:07.803,0.83829,0.83845,1.52,1.07
2014.12.04 21:35:25.511,0.8383,0.83847,1.37,3.45
2014.12.04 21:35:39.422,0.8383,0.83845,1.37,1.22
2014.12.04 21:35:39.574,0.8383,0.83848,1.37,1.27
2014.12.04 21:35:43.932,0.83829,0.83847,1.62,2.85
2014.12.04 21:35:44.413,0.83829,0.83849,2.17,2.02
2014.12.04 21:35:44.917,0.83832,0.83849,1.10,1.65
2014.12.04 21:35:45.824,0.83832,0.83849,1.47,1.27
2014.12.04 21:35:47.711,0.8383,0.83849,1.55,1.27
2014.12.04 21:35:49.381,0.8383,0.83848,1.00,1.27
2014.12.04 21:35:49.432,0.8383,0.83844,1.00,2.32
2014.12.04 21:35:49.936,0.83829,0.83845,1.00,4.20
2014.12.04 21:35:50.238,0.83829,0.83844,1.00,1.27
2014.12.04 21:35:50.339,0.83827,0.83844,1.00,1.27
2014.12.04 21:35:53.440,0.83824,0.83843,1.27,3.07
2014.12.04 21:35:53.541,0.83823,0.83843,1.20,3.07
2014.12.04 21:35:53.743,0.8382,0.8384,1.57,2.47
2014.12.04 21:35:54.269,0.8382,0.8384,1.17,3.07
2014.12.04 21:35:59.982,0.83819,0.83838,1.72,1.22
2014.12.04 21:36:00.880,0.83819,0.8384,2.10,4.20
2014.12.04 21:36:26.579,0.83819,0.83837,1.80,1.22
2014.12.04 21:36:27.206,0.83819,0.8384,2.10,3.15
2014.12.04 21:36:47.939,0.83819,0.83839,1.70,1.27
2014.12.04 21:36:48.242,0.83819,0.83837,1.55,1.27
2014.12.04 21:36:48.443,0.83818,0.83836,1.17,1.15
2014.12.04 21:36:48.961,0.83817,0.83838,1.27,2.02
2014.12.04 21:36:50.769,0.83817,0.83838,1.52,2.40
2014.12.04 21:36:51.441,0.83817,0.83837,1.52,1.35
2014.12.04 21:36:51.543,0.83817,0.83838,1.15,6.37
2014.12.04 21:36:51.649,0.83817,0.83835,1.17,2.77
2014.12.04 21:36:51.751,0.83813,0.83833,1.65,2.70
2014.12.04 21:36:52.259,0.83813,0.83833,1.57,2.85
2014.12.04 21:37:11.758,0.83812,0.83829,1.65,1.17
2014.12.04 21:37:17.839,0.83812,0.83829,1.57,1.17
2014.12.04 21:37:18.344,0.83812,0.83832,1.47,3.45
2014.12.04 21:37:25.341,0.83812,0.83832,1.62,3.45
2014.12.04 21:37:28.842,0.83812,0.83832,1.62,3.45
2014.12.04 21:37:28.892,0.83812,0.8383,1.62,2.32
2014.12.04 21:37:29.094,0.83812,0.83832,1.35,3.45
2014.12.04 21:37:29.195,0.83812,0.8383,1.35,2.32
2014.12.04 21:37:29.498,0.83812,0.83832,1.35,3.45
2014.12.04 21:37:32.132,0.83814,0.8383,1.00,1.15
2014.12.04 21:37:32.435,0.83817,0.83835,1.12,5.70
2014.12.04 21:37:35.873,0.83817,0.83835,1.37,5.70
2014.12.04 21:37:36.385,0.83817,0.83835,1.37,5.70
2014.12.04 21:37:36.947,0.83817,0.83835,1.00,5.32
2014.12.04 21:37:37.572,0.83817,0.83835,1.37,5.70
2014.12.04 21:37:42.414,0.83818,0.83835,1.37,5.70
2014.12.04 21:37:42.926,0.83818,0.83836,1.37,1.72
2014.12.04 21:37:43.705,0.83818,0.83836,1.37,5.77
2014.12.04 21:37:44.218,0.83818,0.83836,1.37,1.72
2014.12.04 21:37:59.319,0.83818,0.83837,1.37,5.77
2014.12.04 21:38:04.798,0.83818,0.83837,1.57,1.70
2014.12.04 21:38:12.013,0.83819,0.83837,1.20,1.62
2014.12.04 21:38:12.517,0.83819,0.83837,1.37,1.72
2014.12.04 21:38:12.568,0.83819,0.83837,1.12,1.72
2014.12.04 21:38:12.669,0.83819,0.83837,1.37,1.62
2014.12.04 21:38:13.710,0.83819,0.83837,1.47,3.52
2014.12.04 21:38:14.331,0.83819,0.83837,1.37,1.62
2014.12.04 21:38:16.173,0.83819,0.83837,1.37,1.62
2014.12.04 21:38:25.952,0.83819,0.83837,1.47,1.62
2014.12.04 21:38:26.472,0.83819,0.83837,1.47,3.60
2014.12.04 21:38:26.976,0.83819,0.83837,1.37,1.67
2014.12.04 21:38:27.480,0.83819,0.83837,1.47,1.67
2014.12.04 21:38:27.933,0.83819,0.83837,1.57,3.90
2014.12.04 21:38:28.440,0.83819,0.83837,1.55,1.72
2014.12.04 21:38:30.081,0.83819,0.83837,1.47,3.90
2014.12.04 21:38:30.681,0.83819,0.83837,1.57,1.72
2014.12.04 21:38:34.631,0.83819,0.83837,1.37,1.72
2014.12.04 21:38:36.650,0.83819,0.83836,1.27,1.42
2014.12.04 21:38:37.154,0.83819,0.83836,1.20,1.42
2014.12.04 21:38:37.879,0.83819,0.83836,1.20,1.72
2014.12.04 21:38:38.483,0.83819,0.83836,1.35,1.70
2014.12.04 21:38:39.894,0.83819,0.83836,1.57,1.60
2014.12.04 21:38:40.418,0.83819,0.83836,1.55,1.55
2014.12.04 21:38:41.840,0.83819,0.83836,1.62,1.75
2014.12.04 21:39:00.782,0.83822,0.83836,1.12,1.62
2014.12.04 21:39:01.328,0.83822,0.83836,1.12,1.62
2014.12.04 21:39:01.842,0.83822,0.83836,1.12,1.62
2014.12.04 21:39:02.347,0.83822,0.83836,1.00,1.27
2014.12.04 21:39:02.863,0.83822,0.83836,1.00,1.42
2014.12.04 21:39:04.691,0.83822,0.83836,1.12,1.62
2014.12.04 21:39:06.608,0.83822,0.83836,1.12,1.65
2014.12.04 21:39:07.135,0.83822,0.83836,1.37,1.62
2014.12.04 21:39:08.333,0.83822,0.83836,1.37,1.65
2014.12.04 21:39:08.878,0.83822,0.83836,1.37,1.57
2014.12.04 21:39:09.810,0.83822,0.83836,1.37,1.62
2014.12.04 21:39:10.313,0.83822,0.83836,1.12,1.65
2014.12.04 21:39:10.836,0.83822,0.83836,1.00,1.35
2014.12.04 21:39:10.937,0.83822,0.83836,1.00,1.35
2014.12.04 21:39:11.460,0.83822,0.83836,1.00,1.35
2014.12.04 21:39:12.071,0.83822,0.83836,1.00,1.35
2014.12.04 21:39:16.263,0.83822,0.83836,1.12,1.67
2014.12.04 21:39:19.598,0.83822,0.83836,1.12,1.55
2014.12.04 21:39:20.216,0.83822,0.83836,1.12,1.55
2014.12.04 21:39:22.938,0.83822,0.83836,1.00,1.35
2014.12.04 21:39:23.039,0.83822,0.83836,1.00,1.27
2014.12.04 21:39:23.614,0.83823,0.83836,1.00,1.27
2014.12.04 21:39:31.540,0.83822,0.83837,1.00,1.65
2014.12.04 21:39:32.127,0.83822,0.83837,1.00,1.62
2014.12.04 21:39:36.936,0.83822,0.83837,1.00,1.35
2014.12.04 21:39:41.167,0.83822,0.83837,1.00,1.35
2014.12.04 21:39:42.431,0.83822,0.83837,1.00,1.35
2014.12.04 21:39:42.692,0.83822,0.83837,1.00,1.35
2014.12.04 21:39:43.662,0.83822,0.83837,1.00,1.35
2014.12.04 21:39:44.222,0.83822,0.83837,1.00,1.35
2014.12.04 21:39:45.079,0.83822,0.83837,1.00,1.35
2014.12.04 21:39:50.762,0.83822,0.83836,1.00,1.17
2014.12.04 21:39:54.260,0.83822,0.83836,1.00,1.07
2014.12.04 21:39:54.790,0.83822,0.83836,1.00,1.07
2014.12.04 21:39:56.754,0.83822,0.83836,1.00,1.27
2014.12.04 21:39:58.480,0.83822,0.83836,1.10,1.27
2014.12.04 21:39:59.258,0.83822,0.83836,1.00,1.27
2014.12.04 21:39:59.895,0.83822,0.83836,1.00,1.27
2014.12.04 21:40:00.413,0.83823,0.83836,1.00,1.55
2014.12.04 21:40:02.000,0.83823,0.83836,1.00,1.27
2014.12.04 21:40:02.539,0.83823,0.83836,1.00,1.27
2014.12.04 21:40:05.083,0.83823,0.83836,1.00,1.42
2014.12.04 21:40:05.285,0.83823,0.83836,1.00,1.42
2014.12.04 21:40:05.868,0.83823,0.83836,1.00,1.42
2014.12.04 21:40:06.417,0.83823,0.83836,1.00,1.42
2014.12.04 21:40:06.518,0.83823,0.83836,1.00,1.42
2014.12.04 21:40:07.035,0.83823,0.83836,1.00,1.35
2014.12.04 21:40:10.696,0.83823,0.83837,1.00,1.70
2014.12.04 21:40:12.425,0.83823,0.83837,1.00,1.70
2014.12.04 21:40:12.984,0.83823,0.83837,1.00,1.70
2014.12.04 21:40:30.629,0.83823,0.83836,1.37,1.27
2014.12.04 21:40:34.036,0.83823,0.83837,1.00,1.20
2014.12.04 21:40:35.341,0.83823,0.83837,1.00,1.27
2014.12.04 21:40:37.827,0.83823,0.83837,1.12,1.62
2014.12.04 21:40:40.559,0.83823,0.83837,1.00,1.35
2014.12.04 21:40:41.062,0.83824,0.83837,1.00,1.35
2014.12.04 21:40:51.174,0.83824,0.83836,1.00,1.20
2014.12.04 21:40:53.183,0.83825,0.83836,1.00,1.20
2014.12.04 21:41:11.193,0.83825,0.83837,1.00,1.20
2014.12.04 21:41:13.388,0.83825,0.83837,1.00,1.07
2014.12.04 21:41:14.706,0.83825,0.83837,1.00,1.20
2014.12.04 21:41:15.263,0.83825,0.83837,1.00,1.35
2014.12.04 21:41:15.774,0.83825,0.83837,1.00,1.20
2014.12.04 21:41:21.165,0.83825,0.83836,1.00,1.00
2014.12.04 21:41:33.966,0.83825,0.83837,1.00,1.10
2014.12.04 21:41:34.476,0.83826,0.83837,1.00,1.10
2014.12.04 21:41:37.190,0.83823,0.83837,1.87,1.10
2014.12.04 21:41:40.018,0.83823,0.83838,1.37,1.12
2014.12.04 21:41:40.981,0.83823,0.8384,1.47,1.10
2014.12.04 21:41:42.520,0.83828,0.83842,1.00,1.00
2014.12.04 21:41:46.572,0.83828,0.83842,1.37,1.00
2014.12.04 21:41:53.806,0.83828,0.83843,1.37,1.00
2014.12.04 21:41:54.418,0.83829,0.83845,1.20,1.12
2014.12.04 21:42:03.090,0.83832,0.83845,1.00,1.12
2014.12.04 21:42:03.602,0.83831,0.83847,1.00,1.27
2014.12.04 21:42:09.031,0.83831,0.83847,1.00,1.57
2014.12.04 21:42:16.068,0.83837,0.83847,2.32,1.07
2014.12.04 21:42:16.169,0.83835,0.83851,1.15,1.12
2014.12.04 21:42:16.219,0.83835,0.83854,1.90,3.75
2014.12.04 21:42:16.270,0.8384,0.83857,1.37,1.65
2014.12.04 21:42:16.572,0.8384,0.83859,1.57,1.00
2014.12.04 21:42:16.824,0.83836,0.83859,5.62,2.25
2014.12.04 21:42:16.875,0.83836,0.83859,1.52,3.90
2014.12.04 21:42:16.926,0.83835,0.83856,1.52,1.75
2014.12.04 21:42:17.228,0.83839,0.83856,1.55,3.75
2014.12.04 21:42:17.279,0.8384,0.83857,1.47,1.00
2014.12.04 21:42:17.380,0.8384,0.83861,1.47,1.72
2014.12.04 21:42:17.581,0.83837,0.83858,1.37,1.15
2014.12.04 21:42:17.920,0.83835,0.83854,1.17,1.75
2014.12.04 21:42:19.888,0.83835,0.83852,1.55,1.12
2014.12.04 21:42:26.020,0.83835,0.83851,1.47,1.20
2014.12.04 21:42:26.499,0.83835,0.83851,1.47,1.12
2014.12.04 21:42:38.221,0.83835,0.83851,1.47,1.50
2014.12.04 21:42:39.948,0.83835,0.83851,1.47,1.12
2014.12.04 21:42:52.686,0.83835,0.8385,1.12,1.07
2014.12.04 21:42:53.204,0.83835,0.83852,1.07,1.12
2014.12.04 21:42:53.305,0.83835,0.83851,1.00,1.20
2014.12.04 21:42:55.173,0.83835,0.83848,1.47,1.45
2014.12.04 21:42:55.476,0.83835,0.83851,1.27,1.12
2014.12.04 21:42:55.987,0.83835,0.83852,1.27,1.12
2014.12.04 21:42:57.651,0.83835,0.83852,1.47,1.12
2014.12.04 21:42:58.121,0.83836,0.8385,1.27,1.20
2014.12.04 21:42:58.323,0.83836,0.83852,1.55,1.12
2014.12.04 21:42:58.475,0.83836,0.83852,1.17,1.12
2014.12.04 21:42:59.138,0.83836,0.83852,1.00,1.12
2014.12.04 21:42:59.290,0.83836,0.83852,1.37,1.12
2014.12.04 21:42:59.802,0.83836,0.83852,1.12,1.12
2014.12.04 21:43:00.208,0.83836,0.83852,1.12,1.50
2014.12.04 21:43:01.196,0.83836,0.8385,1.37,1.12
2014.12.04 21:43:01.448,0.83836,0.83852,1.10,1.12
2014.12.04 21:43:01.499,0.83836,0.83853,1.20,1.12
2014.12.04 21:43:01.550,0.83836,0.83851,1.27,1.47
2014.12.04 21:43:01.752,0.83836,0.83852,1.20,1.12
2014.12.04 21:43:02.278,0.83836,0.83853,1.07,1.87
2014.12.04 21:43:02.582,0.83836,0.83853,1.07,1.12
2014.12.04 21:43:02.835,0.83836,0.83853,1.00,1.75
2014.12.04 21:43:03.137,0.83836,0.83853,1.17,1.12
2014.12.04 21:43:03.289,0.83836,0.83852,1.17,3.82
2014.12.04 21:43:03.818,0.83836,0.83851,1.10,1.12
2014.12.04 21:43:04.734,0.83836,0.8385,1.10,1.12
2014.12.04 21:43:05.239,0.83836,0.83851,1.47,1.12
2014.12.04 21:43:05.340,0.83836,0.83855,1.07,1.85
2014.12.04 21:43:05.693,0.83836,0.83852,1.15,3.82
2014.12.04 21:43:05.845,0.83836,0.83853,1.17,1.75
2014.12.04 21:43:06.148,0.83836,0.83851,1.17,1.12
2014.12.04 21:43:06.677,0.83836,0.83851,1.10,1.12
2014.12.04 21:43:07.466,0.83836,0.8385,1.20,1.12
2014.12.04 21:43:07.668,0.83836,0.83855,1.17,1.95
2014.12.04 21:43:07.779,0.83836,0.83853,1.17,1.12
2014.12.04 21:43:08.235,0.83836,0.83855,1.17,2.70
2014.12.04 21:43:08.361,0.83836,0.83853,1.17,1.12
2014.12.04 21:43:09.200,0.83836,0.83853,1.10,1.12
2014.12.04 21:43:09.705,0.83836,0.83852,1.10,1.12
2014.12.04 21:43:10.012,0.83836,0.83854,1.10,1.75
2014.12.04 21:43:11.387,0.83833,0.83852,1.07,1.82
2014.12.04 21:43:11.488,0.83832,0.83852,1.12,1.65
2014.12.04 21:43:11.539,0.83832,0.8385,1.12,1.35
2014.12.04 21:43:12.043,0.83832,0.83849,1.12,1.20
2014.12.04 21:43:32.343,0.83832,0.83849,1.00,1.12
2014.12.04 21:43:32.395,0.8383,0.83849,1.20,1.12
2014.12.04 21:43:32.445,0.8383,0.83843,1.37,1.07
2014.12.04 21:43:33.101,0.83829,0.83845,1.47,1.12
2014.12.04 21:43:41.504,0.83829,0.83845,1.47,1.12
2014.12.04 21:43:49.860,0.8383,0.83847,2.62,1.12
2014.12.04 21:43:50.163,0.83831,0.83845,1.27,1.12
2014.12.04 21:43:50.365,0.83832,0.83846,1.47,1.12
2014.12.04 21:43:50.568,0.83832,0.83848,1.52,1.12
2014.12.04 21:43:51.174,0.83832,0.83849,1.52,1.12
2014.12.04 21:43:51.225,0.83832,0.83848,1.52,1.12
2014.12.04 21:43:51.377,0.83832,0.8385,1.52,1.12
2014.12.04 21:43:51.579,0.83832,0.83848,1.52,1.12
2014.12.04 21:43:51.681,0.83832,0.8385,1.52,1.12
2014.12.04 21:43:51.784,0.83832,0.83848,1.52,1.12
2014.12.04 21:43:52.036,0.83832,0.8385,1.52,1.12
2014.12.04 21:43:52.137,0.83832,0.83849,1.52,1.12
2014.12.04 21:43:52.440,0.8383,0.83846,3.45,1.12
2014.12.04 21:43:52.490,0.8383,0.83846,1.55,1.12
2014.12.04 21:43:53.156,0.8383,0.83847,1.55,1.12
2014.12.04 21:43:55.762,0.8383,0.83847,1.55,1.12
2014.12.04 21:43:56.373,0.8383,0.83847,1.55,1.12
2014.12.04 21:43:59.201,0.8383,0.83847,1.27,1.12
2014.12.04 21:43:59.730,0.8383,0.83848,1.55,1.12
2014.12.04 21:44:01.790,0.8383,0.83848,1.55,1.12
2014.12.04 21:44:03.464,0.83828,0.83846,1.72,1.07
2014.12.04 21:44:10.496,0.83828,0.83848,1.60,1.12
2014.12.04 21:44:11.006,0.83828,0.83847,1.62,1.12
2014.12.04 21:44:12.395,0.83828,0.83845,1.62,1.07
2014.12.04 21:44:13.031,0.83828,0.83845,1.72,1.07
2014.12.04 21:44:14.404,0.83828,0.83845,1.52,1.12
2014.12.04 21:44:14.555,0.83828,0.83844,1.52,1.12
2014.12.04 21:44:14.807,0.83828,0.83846,1.52,1.12
2014.12.04 21:44:15.324,0.83828,0.83846,1.52,1.45
2014.12.04 21:44:17.223,0.83828,0.83846,1.52,1.12
2014.12.04 21:44:22.286,0.83828,0.83846,1.52,1.45
2014.12.04 21:44:27.974,0.83829,0.83846,1.52,1.12
2014.12.04 21:44:28.226,0.83829,0.83848,1.15,1.12
2014.12.04 21:44:28.428,0.83829,0.83848,1.10,1.20
2014.12.04 21:44:28.933,0.83829,0.83849,1.10,1.27
2014.12.04 21:44:29.437,0.83829,0.83845,1.37,1.12
2014.12.04 21:44:32.399,0.83829,0.83845,1.47,1.12
2014.12.04 21:44:32.734,0.83829,0.83844,1.47,1.12
2014.12.04 21:44:55.794,0.83829,0.83844,1.47,1.12
2014.12.04 21:45:00.534,0.83829,0.83846,1.47,1.12
2014.12.04 21:45:00.891,0.83829,0.83846,1.47,1.12
2014.12.04 21:45:01.194,0.83829,0.83847,1.45,1.75
2014.12.04 21:45:01.346,0.83829,0.83848,1.45,1.12
2014.12.04 21:45:01.397,0.83829,0.83848,1.55,1.12
2014.12.04 21:45:01.703,0.83829,0.83848,1.55,1.12
2014.12.04 21:45:03.207,0.83829,0.83848,1.57,1.12
2014.12.04 21:45:03.712,0.83829,0.83849,1.55,1.52
2014.12.04 21:45:04.229,0.83829,0.83849,1.57,1.55
2014.12.04 21:45:04.532,0.83829,0.83852,1.55,2.47
2014.12.04 21:45:05.063,0.83829,0.83852,1.47,2.47
2014.12.04 21:45:06.163,0.83829,0.83852,1.57,2.77
2014.12.04 21:45:06.691,0.83829,0.83852,1.52,2.47
2014.12.04 21:45:07.957,0.83829,0.83852,1.45,2.47
2014.12.04 21:45:08.461,0.83829,0.83852,1.57,2.47
2014.12.04 21:45:08.714,0.83829,0.83852,1.47,2.47
2014.12.04 21:45:09.218,0.83829,0.83852,1.55,4.65
2014.12.04 21:45:11.176,0.83829,0.83852,1.55,2.47
2014.12.04 21:45:13.615,0.83829,0.83852,1.52,2.02
2014.12.04 21:45:14.765,0.83829,0.83852,1.57,2.02
2014.12.04 21:45:16.113,0.83829,0.83852,1.55,4.20
2014.12.04 21:45:16.631,0.83829,0.83852,1.52,2.02
2014.12.04 21:45:17.202,0.83829,0.83852,1.55,2.02
2014.12.04 21:45:19.082,0.83829,0.83852,1.55,4.20
2014.12.04 21:45:19.521,0.83832,0.83852,1.12,1.52
2014.12.04 21:45:19.622,0.83832,0.83853,1.15,1.67
2014.12.04 21:45:19.773,0.83832,0.83854,1.27,1.35
2014.12.04 21:45:19.874,0.83832,0.83854,1.15,1.65
2014.12.04 21:45:20.178,0.83841,0.83861,1.00,4.27
2014.12.04 21:45:20.228,0.83841,0.83861,1.10,1.20
2014.12.04 21:45:22.010,0.83841,0.83859,1.10,1.00
2014.12.04 21:45:22.315,0.83841,0.83859,1.65,1.00
2014.12.04 21:45:22.825,0.83841,0.83859,1.85,1.00
2014.12.04 21:45:26.075,0.83841,0.83862,1.47,1.62
2014.12.04 21:45:26.126,0.83839,0.8386,1.55,1.27
2014.12.04 21:45:26.227,0.83838,0.83857,1.00,1.70
2014.12.04 21:45:26.278,0.83836,0.83857,1.10,1.67
2014.12.04 21:45:26.379,0.83833,0.83854,1.10,1.42
2014.12.04 21:45:26.581,0.83835,0.83856,1.00,5.32
2014.12.04 21:45:26.883,0.83838,0.83859,1.15,1.72
2014.12.04 21:45:27.051,0.83836,0.83857,1.10,1.35
2014.12.04 21:45:27.404,0.83836,0.83857,3.00,1.25
2014.12.04 21:45:27.556,0.83836,0.83859,1.65,1.67
2014.12.04 21:45:27.607,0.83836,0.83859,3.82,2.17
2014.12.04 21:45:27.909,0.83836,0.83858,1.45,1.05
2014.12.04 21:45:28.413,0.83836,0.83856,1.37,1.05
2014.12.04 21:45:29.563,0.83836,0.83857,1.37,1.80
2014.12.04 21:45:29.664,0.83836,0.83856,1.00,1.05
2014.12.04 21:45:29.765,0.83834,0.83855,1.20,1.97
2014.12.04 21:45:29.866,0.83834,0.83855,1.10,1.67
2014.12.04 21:45:30.760,0.83834,0.83853,1.10,1.05
2014.12.04 21:45:31.168,0.83832,0.83852,1.00,2.85
2014.12.04 21:45:31.219,0.8383,0.83851,1.00,2.47
2014.12.04 21:45:31.371,0.8383,0.83853,1.00,5.77
2014.12.04 21:45:31.422,0.8383,0.83851,1.00,2.47
2014.12.04 21:45:31.926,0.8383,0.83852,1.10,2.85
2014.12.04 21:45:33.186,0.8383,0.83852,1.47,3.22
2014.12.04 21:45:33.697,0.8383,0.83851,1.47,1.05
2014.12.04 21:45:33.798,0.8383,0.83852,1.47,1.67
2014.12.04 21:45:34.302,0.8383,0.83853,2.02,1.42
2014.12.04 21:45:34.910,0.8383,0.83853,6.37,1.27
2014.12.04 21:45:35.414,0.8383,0.83853,6.37,1.65
2014.12.04 21:45:41.792,0.8383,0.83853,4.95,1.52
2014.12.04 21:45:42.095,0.83832,0.83853,1.27,1.57
2014.12.04 21:45:42.145,0.83831,0.83853,1.52,1.55
2014.12.04 21:45:43.767,0.8383,0.83853,5.32,1.52
2014.12.04 21:45:49.213,0.83833,0.83854,1.55,1.35
2014.12.04 21:45:49.314,0.83833,0.83853,1.55,1.05
2014.12.04 21:45:53.230,0.83833,0.83853,1.55,1.52
2014.12.04 21:45:53.784,0.83833,0.83854,1.45,1.70
2014.12.04 21:45:54.125,0.83833,0.83855,1.55,1.65
2014.12.04 21:45:54.226,0.83837,0.83857,1.37,1.05
2014.12.04 21:45:56.799,0.83837,0.83858,1.37,5.10
2014.12.04 21:46:00.604,0.83837,0.83857,1.37,1.05
2014.12.04 21:46:00.907,0.83837,0.83858,1.00,4.35
2014.12.04 21:46:02.097,0.83837,0.83856,1.12,1.05
2014.12.04 21:46:02.399,0.83837,0.83856,1.37,1.05
2014.12.04 21:46:03.230,0.83837,0.83858,1.00,4.72
2014.12.04 21:46:04.633,0.83836,0.83857,1.10,1.67
2014.12.04 21:46:04.735,0.83834,0.83855,1.20,1.80
2014.12.04 21:46:05.253,0.83834,0.83854,1.12,2.77
2014.12.04 21:46:14.551,0.83833,0.83854,1.12,3.90
2014.12.04 21:46:15.058,0.83833,0.83852,1.00,3.22
2014.12.04 21:46:17.118,0.83833,0.83853,1.00,3.22
2014.12.04 21:46:18.049,0.83833,0.83852,1.12,1.05
2014.12.04 21:46:18.553,0.83833,0.83853,1.00,2.85
2014.12.04 21:46:18.755,0.83833,0.83853,1.00,3.22
2014.12.04 21:46:19.259,0.83833,0.83853,1.00,3.22
2014.12.04 21:46:19.964,0.83833,0.83853,1.12,3.22
2014.12.04 21:46:20.166,0.83833,0.83854,1.00,6.15
2014.12.04 21:46:20.670,0.83833,0.83853,1.00,1.05
2014.12.04 21:46:22.528,0.83833,0.83853,1.00,2.85
2014.12.04 21:46:23.037,0.83833,0.83853,1.00,5.40
2014.12.04 21:46:23.575,0.83833,0.83853,1.00,2.85
2014.12.04 21:46:24.135,0.83833,0.83853,1.12,1.05
2014.12.04 21:46:24.337,0.83833,0.83854,1.00,3.97
2014.12.04 21:46:24.845,0.83833,0.83853,1.00,3.22
2014.12.04 21:46:25.766,0.83833,0.83853,1.12,3.22
2014.12.04 21:46:25.867,0.83833,0.83853,1.00,2.85
2014.12.04 21:46:26.436,0.83833,0.83852,1.00,2.70
2014.12.04 21:46:27.169,0.83833,0.83853,1.00,5.02
2014.12.04 21:46:27.673,0.83833,0.83852,1.00,2.70
2014.12.04 21:46:28.766,0.83833,0.83852,1.12,3.07
2014.12.04 21:46:29.003,0.83833,0.83853,1.00,2.85
2014.12.04 21:46:29.602,0.83833,0.83853,1.00,1.05
2014.12.04 21:46:30.106,0.83833,0.83852,1.12,3.07
2014.12.04 21:46:30.627,0.83833,0.83853,1.00,1.05
2014.12.04 21:46:32.179,0.83833,0.83853,1.00,5.02
2014.12.04 21:46:32.551,0.83833,0.83853,1.12,3.22
2014.12.04 21:46:33.110,0.83833,0.83853,1.00,1.05
2014.12.04 21:46:34.078,0.83833,0.83854,1.00,6.15
2014.12.04 21:46:34.582,0.83833,0.83853,1.00,3.22
2014.12.04 21:46:35.136,0.83833,0.83853,1.12,1.05
2014.12.04 21:46:35.640,0.83833,0.83853,1.00,2.85
2014.12.04 21:46:35.942,0.83833,0.83853,1.12,5.40
2014.12.04 21:46:36.451,0.83833,0.83853,1.00,2.85
2014.12.04 21:46:36.984,0.83833,0.83852,1.00,2.70
2014.12.04 21:46:37.494,0.83833,0.83854,1.00,6.15
2014.12.04 21:46:39.568,0.83833,0.83853,1.00,1.05
2014.12.04 21:46:40.172,0.83833,0.83853,1.00,2.77
2014.12.04 21:46:40.728,0.83833,0.83853,1.00,3.15
2014.12.04 21:46:41.232,0.83833,0.83853,1.00,2.77
2014.12.04 21:46:41.821,0.83833,0.83852,1.00,2.77
2014.12.04 21:46:47.179,0.83833,0.83854,1.12,6.15
2014.12.04 21:46:47.381,0.83833,0.83853,1.00,2.77
2014.12.04 21:46:47.546,0.83833,0.83853,1.12,3.15
2014.12.04 21:46:47.748,0.83833,0.83854,1.00,3.97
2014.12.04 21:46:47.950,0.83833,0.83854,1.12,6.15
2014.12.04 21:46:48.151,0.83833,0.83853,1.00,2.77
2014.12.04 21:46:48.879,0.83833,0.83853,1.00,3.22
2014.12.04 21:46:50.262,0.83833,0.83853,1.00,2.85
2014.12.04 21:46:50.560,0.83833,0.83853,1.12,3.22
2014.12.04 21:46:51.101,0.83833,0.83854,1.00,3.97
2014.12.04 21:46:51.369,0.83833,0.83853,1.12,1.05
2014.12.04 21:46:51.873,0.83833,0.83853,1.00,1.05
2014.12.04 21:46:52.381,0.83833,0.83854,1.00,3.97
2014.12.04 21:46:52.888,0.83833,0.83854,1.00,3.60
2014.12.04 21:46:58.528,0.83833,0.83854,1.00,4.72
2014.12.04 21:47:02.203,0.83833,0.83854,1.00,4.35
2014.12.04 21:47:02.707,0.83833,0.83854,1.12,4.72
2014.12.04 21:47:03.212,0.83833,0.83854,1.00,4.35
2014.12.04 21:47:14.561,0.83828,0.83854,2.02,1.67
2014.12.04 21:47:14.955,0.83828,0.83854,2.40,1.80
2014.12.04 21:47:15.860,0.83828,0.83854,2.02,1.80
2014.12.04 21:47:16.589,0.83828,0.83855,2.02,2.85
2014.12.04 21:47:28.695,0.83829,0.83855,2.70,2.85
2014.12.04 21:47:41.896,0.83827,0.83855,5.32,3.60
2014.12.04 21:47:55.713,0.83829,0.83855,2.70,1.67
2014.12.04 21:47:57.051,0.83833,0.83855,1.10,1.30
2014.12.04 21:47:57.559,0.83833,0.83855,1.07,1.25
2014.12.04 21:47:58.179,0.83833,0.83855,1.00,1.32
2014.12.04 21:48:00.770,0.83833,0.83855,1.37,1.42
2014.12.04 21:48:01.274,0.83833,0.83855,1.12,1.42
2014.12.04 21:48:01.882,0.83833,0.83855,1.37,1.42
2014.12.04 21:48:02.386,0.83833,0.83855,1.12,1.32
2014.12.04 21:48:03.661,0.83833,0.83855,1.37,1.42
2014.12.04 21:48:05.584,0.83833,0.83855,1.12,1.70
2014.12.04 21:48:06.089,0.83837,0.83855,1.00,1.72
2014.12.04 21:48:06.140,0.83837,0.83855,1.07,1.57
2014.12.04 21:48:06.191,0.83837,0.83855,1.45,1.95
2014.12.04 21:48:06.694,0.83837,0.83855,1.07,1.15
2014.12.04 21:48:07.198,0.83837,0.83855,1.20,1.15
2014.12.04 21:48:11.676,0.83837,0.83858,1.57,2.17
2014.12.04 21:48:11.922,0.83837,0.83858,1.57,2.17
2014.12.04 21:48:14.487,0.83837,0.83858,1.27,2.17
2014.12.04 21:48:14.997,0.83837,0.83857,1.27,1.25
2014.12.04 21:48:16.494,0.83837,0.83858,1.57,2.85
2014.12.04 21:48:16.811,0.83837,0.83858,1.65,3.22
2014.12.04 21:48:18.500,0.83837,0.83857,1.20,1.15
2014.12.04 21:48:20.822,0.83837,0.83858,1.52,2.85
2014.12.04 21:48:21.125,0.83837,0.83858,1.47,3.22
2014.12.04 21:48:21.226,0.83837,0.83857,1.10,1.15
2014.12.04 21:48:21.327,0.83837,0.83857,1.17,1.15
2014.12.04 21:48:21.742,0.83837,0.83857,1.20,1.25
2014.12.04 21:48:22.046,0.83837,0.83858,1.55,2.77
2014.12.04 21:48:22.449,0.83837,0.83858,1.45,2.85
2014.12.04 21:48:26.332,0.83837,0.83858,1.07,2.85
2014.12.04 21:48:26.840,0.83837,0.83858,1.20,2.85
2014.12.04 21:48:27.041,0.83837,0.83858,1.57,2.85
2014.12.04 21:48:32.223,0.83837,0.83858,1.55,2.85
2014.12.04 21:48:32.679,0.83838,0.83858,1.00,1.67
2014.12.04 21:48:32.730,0.83838,0.83858,1.37,1.80
2014.12.04 21:48:33.132,0.83837,0.83858,1.00,1.30
2014.12.04 21:48:33.637,0.83837,0.83858,1.07,1.32
2014.12.04 21:48:33.789,0.83837,0.83858,1.07,1.35
2014.12.04 21:48:34.295,0.83837,0.83858,1.10,1.35
2014.12.04 21:48:34.831,0.83837,0.83858,1.10,2.02
2014.12.04 21:48:35.645,0.83837,0.83858,1.47,2.40
2014.12.04 21:48:37.753,0.83837,0.83858,1.47,2.02
2014.12.04 21:48:42.060,0.83837,0.83858,1.57,2.02
2014.12.04 21:49:12.674,0.83837,0.83858,1.52,2.02
2014.12.04 21:49:14.387,0.83837,0.83858,1.45,2.40
2014.12.04 21:49:52.608,0.83836,0.83856,1.47,2.47
2014.12.04 21:49:56.762,0.83836,0.83855,1.55,2.02
2014.12.04 21:49:59.643,0.83836,0.83857,1.55,2.47
2014.12.04 21:50:00.147,0.83836,0.83856,1.55,1.05
2014.12.04 21:50:00.923,0.83836,0.83857,1.52,2.17
2014.12.04 21:50:01.074,0.83836,0.83856,1.10,1.72
2014.12.04 21:50:01.594,0.83836,0.83856,1.20,1.80
2014.12.04 21:50:02.060,0.83836,0.83856,1.45,2.47
2014.12.04 21:50:02.582,0.83836,0.83856,1.45,2.10
2014.12.04 21:50:06.518,0.83836,0.83856,1.47,2.70
2014.12.04 21:50:13.250,0.83836,0.83856,1.37,3.37
2014.12.04 21:50:13.553,0.83836,0.83856,1.57,3.82
2014.12.04 21:50:28.807,0.83836,0.83856,1.20,2.70
2014.12.04 21:50:28.959,0.83835,0.83855,1.07,1.27
2014.12.04 21:50:29.671,0.83835,0.83854,1.10,1.12
2014.12.04 21:50:35.187,0.83835,0.83852,1.00,1.20
2014.12.04 21:50:35.288,0.83835,0.83854,1.00,1.12
2014.12.04 21:50:35.819,0.83835,0.83854,1.37,1.12
2014.12.04 21:50:36.122,0.83835,0.83856,1.37,2.10
2014.12.04 21:50:37.891,0.83835,0.83856,1.12,2.00
2014.12.04 21:50:38.093,0.83835,0.83856,1.37,2.00
2014.12.04 21:50:39.911,0.83835,0.83856,1.12,2.10
2014.12.04 21:50:40.113,0.83835,0.83856,1.37,1.72
2014.12.04 21:50:41.899,0.83835,0.83856,1.37,2.00
2014.12.04 21:50:42.247,0.83835,0.83856,1.37,2.00
2014.12.04 21:50:47.850,0.83835,0.83856,1.00,1.97
2014.12.04 21:50:48.001,0.83832,0.83854,1.00,4.35
2014.12.04 21:50:48.511,0.83832,0.83854,1.00,4.72
2014.12.04 21:50:55.408,0.83837,0.83853,1.00,2.85
2014.12.04 21:50:55.711,0.83843,0.83856,1.37,1.00
2014.12.04 21:50:56.014,0.83844,0.83856,1.37,1.00
2014.12.04 21:50:56.534,0.83844,0.83856,1.37,1.00
2014.12.04 21:50:57.132,0.83843,0.83856,1.00,1.00
2014.12.04 21:50:57.434,0.83839,0.83861,1.17,1.35
2014.12.04 21:50:57.485,0.83838,0.83857,1.10,1.87
2014.12.04 21:50:57.687,0.83836,0.83857,1.10,1.35
2014.12.04 21:50:57.788,0.83836,0.83856,1.20,1.20
2014.12.04 21:50:58.309,0.83836,0.83856,1.20,1.20
2014.12.04 21:50:58.814,0.83834,0.83856,1.17,1.60
2014.12.04 21:51:01.573,0.83834,0.83856,1.55,1.97
2014.12.04 21:51:01.876,0.83832,0.83848,1.00,1.20
2014.12.04 21:51:01.927,0.83828,0.83848,1.95,1.20
2014.12.04 21:51:05.153,0.83828,0.83848,1.37,1.20
2014.12.04 21:51:10.673,0.8383,0.83851,1.12,3.45
2014.12.04 21:51:10.774,0.83832,0.83852,1.00,1.35
2014.12.04 21:51:11.300,0.83833,0.83852,1.00,1.27
2014.12.04 21:51:12.309,0.83832,0.83852,1.00,1.27
2014.12.04 21:51:15.182,0.83832,0.83853,1.37,2.55
2014.12.04 21:51:15.484,0.83854,0.83863,1.00,3.07
2014.12.04 21:51:15.535,0.83854,0.83866,1.00,2.32
2014.12.04 21:51:15.637,0.83848,0.83866,1.00,2.32
2014.12.04 21:51:15.841,0.83845,0.83867,2.70,1.50
2014.12.04 21:51:16.044,0.8385,0.83868,1.50,2.32
2014.12.04 21:51:16.246,0.83849,0.83871,1.10,1.10
2014.12.04 21:51:16.397,0.83852,0.83873,1.00,1.15
2014.12.04 21:51:16.700,0.8385,0.8387,1.00,1.00
2014.12.04 21:51:16.801,0.83852,0.83875,1.00,3.97
2014.12.04 21:51:17.104,0.83854,0.83875,1.00,3.45
2014.12.04 21:51:19.711,0.83854,0.83875,1.12,3.82
2014.12.04 21:51:20.820,0.83854,0.83875,1.00,3.82
2014.12.04 21:51:21.123,0.83851,0.83871,1.37,1.20
2014.12.04 21:51:21.644,0.8385,0.83871,2.62,1.20
2014.12.04 21:51:22.209,0.8385,0.83871,2.62,1.20
2014.12.04 21:51:24.797,0.8385,0.83871,1.57,1.12
2014.12.04 21:51:25.603,0.83851,0.83871,1.37,1.12
2014.12.04 21:51:27.116,0.83851,0.83868,1.00,1.17
2014.12.04 21:51:27.167,0.83848,0.83868,1.07,1.55
2014.12.04 21:51:27.469,0.83845,0.83863,2.25,1.47
2014.12.04 21:51:27.520,0.83845,0.83863,2.62,1.10
2014.12.04 21:51:27.671,0.83846,0.83866,1.52,1.00
2014.12.04 21:51:27.722,0.83848,0.83869,1.55,1.27
2014.12.04 21:51:28.525,0.83848,0.83871,1.65,1.92
2014.12.04 21:51:28.626,0.83848,0.83871,1.55,1.92
2014.12.04 21:51:29.417,0.83848,0.83871,1.55,1.92
2014.12.04 21:51:29.813,0.83848,0.83871,1.55,1.92
2014.12.04 21:51:29.914,0.83848,0.83871,1.55,1.95
2014.12.04 21:51:30.578,0.83848,0.83871,1.55,1.92
2014.12.04 21:51:31.752,0.83848,0.83871,1.55,1.92
2014.12.04 21:51:31.853,0.83848,0.83871,1.55,1.92
2014.12.04 21:51:32.109,0.83848,0.83871,1.55,1.65
2014.12.04 21:51:32.507,0.83848,0.83871,1.55,1.65
2014.12.04 21:51:33.734,0.83848,0.83871,1.55,1.65
2014.12.04 21:51:33.835,0.83848,0.83871,1.55,1.65
2014.12.04 21:51:34.444,0.83848,0.83871,1.55,1.65
2014.12.04 21:51:35.087,0.83847,0.83866,1.55,1.00
2014.12.04 21:51:35.238,0.83844,0.83864,1.17,1.12
2014.12.04 21:51:35.290,0.83844,0.83858,1.10,1.07
2014.12.04 21:51:35.391,0.83837,0.83858,2.40,1.15
2014.12.04 21:51:35.442,0.83837,0.83858,2.40,1.15
2014.12.04 21:51:35.644,0.83837,0.83858,1.65,1.15
2014.12.04 21:51:35.976,0.83837,0.83858,1.65,1.15
2014.12.04 21:51:38.264,0.83837,0.83858,2.02,1.52
2014.12.04 21:51:38.365,0.8384,0.83861,2.02,1.15
2014.12.04 21:51:38.668,0.83845,0.83866,1.37,2.85
2014.12.04 21:51:39.738,0.83845,0.83866,1.20,1.62
2014.12.04 21:51:40.142,0.83843,0.83864,1.10,1.45
2014.12.04 21:51:40.193,0.83843,0.83864,1.00,1.52
2014.12.04 21:51:40.914,0.83839,0.83862,1.52,1.17
2014.12.04 21:51:40.966,0.83839,0.83862,1.87,1.15
2014.12.04 21:51:41.476,0.83839,0.83862,1.87,1.52
2014.12.04 21:51:41.728,0.8384,0.83862,1.37,1.52
2014.12.04 21:51:42.032,0.83845,0.83866,1.12,3.82
2014.12.04 21:51:43.435,0.83845,0.83866,1.37,3.82
2014.12.04 21:51:44.377,0.83845,0.83866,1.12,3.82
2014.12.04 21:51:56.741,0.83845,0.83865,1.00,2.40
2014.12.04 21:51:56.896,0.83845,0.83866,1.00,4.57
2014.12.04 21:51:57.279,0.83842,0.83863,1.47,1.45
2014.12.04 21:51:57.380,0.83848,0.83863,1.00,2.70
2014.12.04 21:51:57.431,0.83848,0.83863,1.00,2.70
2014.12.04 21:52:16.364,0.83848,0.83862,1.00,1.45
2014.12.04 21:52:16.415,0.83843,0.83861,1.07,1.95
2014.12.04 21:52:16.466,0.83841,0.83858,1.00,1.37
2014.12.04 21:52:16.667,0.83837,0.83858,1.37,1.52
2014.12.04 21:52:17.071,0.83835,0.83855,1.27,1.37
2014.12.04 21:52:17.575,0.83835,0.83855,1.52,1.37
2014.12.04 21:52:18.118,0.83835,0.83855,1.27,1.37
2014.12.04 21:52:18.866,0.83833,0.83855,2.02,1.37
2014.12.04 21:52:19.387,0.83833,0.83855,2.02,1.37
2014.12.04 21:52:19.690,0.83832,0.83854,3.45,1.95
2014.12.04 21:52:21.478,0.83832,0.83855,3.82,1.47
2014.12.04 21:52:21.881,0.83836,0.83856,1.47,2.02
2014.12.04 21:52:22.032,0.83837,0.83859,1.47,1.95
2014.12.04 21:52:22.334,0.83839,0.83857,1.00,1.07
2014.12.04 21:52:22.586,0.83837,0.83858,1.37,2.77
2014.12.04 21:52:23.115,0.83837,0.83858,1.37,1.27
2014.12.04 21:52:23.652,0.83837,0.83858,1.47,1.27
2014.12.04 21:52:24.276,0.83837,0.83858,1.37,1.27
2014.12.04 21:52:25.546,0.83837,0.83858,1.37,1.27
2014.12.04 21:52:25.851,0.83841,0.83859,1.37,1.87
2014.12.04 21:52:26.154,0.83841,0.83863,3.00,2.02
2014.12.04 21:52:26.204,0.83841,0.83863,3.00,1.65
2014.12.04 21:52:26.708,0.83842,0.83864,1.65,1.27
2014.12.04 21:52:31.473,0.83842,0.83863,1.50,2.77
2014.12.04 21:52:32.129,0.83842,0.8386,1.75,1.50
2014.12.04 21:52:32.230,0.83843,0.8386,1.47,1.50
2014.12.04 21:52:32.281,0.83845,0.83866,1.00,3.45
2014.12.04 21:52:32.332,0.83845,0.83866,1.00,3.07
2014.12.04 21:52:32.986,0.83845,0.83864,1.00,1.50
2014.12.04 21:52:33.510,0.83845,0.83865,1.00,1.50
2014.12.04 21:52:34.432,0.83846,0.83865,1.00,1.50
2014.12.04 21:52:34.735,0.83845,0.83865,1.37,1.87
2014.12.04 21:52:34.786,0.83845,0.83865,1.00,1.87
2014.12.04 21:52:53.899,0.83845,0.83863,1.12,1.87
2014.12.04 21:52:55.644,0.83843,0.83862,1.27,1.57
2014.12.04 21:52:56.148,0.83843,0.83862,1.10,2.02
2014.12.04 21:52:56.653,0.83843,0.83862,1.20,2.02
2014.12.04 21:52:57.258,0.83843,0.83862,1.47,2.77
2014.12.04 21:52:57.460,0.83843,0.83861,1.10,2.02
2014.12.04 21:52:57.561,0.83843,0.8386,1.47,1.47
2014.12.04 21:52:57.662,0.83839,0.8386,4.12,1.57
2014.12.04 21:52:57.713,0.83839,0.8386,1.37,1.65
2014.12.04 21:52:57.959,0.83837,0.8386,1.95,1.65
2014.12.04 21:52:58.119,0.83837,0.8386,1.95,1.72
2014.12.04 21:52:59.170,0.83844,0.8386,2.25,1.60
2014.12.04 21:52:59.372,0.83845,0.8386,3.07,1.00
2014.12.04 21:52:59.525,0.83846,0.83869,3.45,2.62
2014.12.04 21:52:59.576,0.83848,0.83869,1.17,1.12
2014.12.04 21:52:59.627,0.83848,0.83869,1.27,1.37
2014.12.04 21:53:04.688,0.83848,0.83869,1.55,1.37
2014.12.04 21:53:05.192,0.83848,0.83869,1.55,1.37
2014.12.04 21:53:06.226,0.83848,0.83869,1.52,1.37
2014.12.04 21:53:08.108,0.83848,0.83869,1.45,1.20
2014.12.04 21:53:08.209,0.83845,0.8387,1.17,1.05
2014.12.04 21:53:09.093,0.83843,0.83871,2.70,3.15
2014.12.04 21:53:09.245,0.83841,0.8387,4.87,1.67
2014.12.04 21:53:09.561,0.83848,0.83869,1.00,1.67
2014.12.04 21:53:09.814,0.83848,0.83869,1.20,1.00
2014.12.04 21:53:10.387,0.83848,0.83869,1.20,1.17
2014.12.04 21:53:11.307,0.83848,0.83869,1.12,1.10
2014.12.04 21:53:17.841,0.83846,0.83869,1.37,1.00
2014.12.04 21:53:18.398,0.83846,0.83868,1.37,1.50
2014.12.04 21:53:29.782,0.83846,0.83868,1.37,1.50
2014.12.04 21:53:29.933,0.83846,0.83866,1.37,1.50
2014.12.04 21:53:30.438,0.83846,0.83867,1.37,1.50
2014.12.04 21:53:43.556,0.83846,0.83867,1.37,2.25
2014.12.04 21:53:43.680,0.83843,0.83866,2.02,1.00
2014.12.04 21:53:43.983,0.83844,0.83865,1.37,1.00
2014.12.04 21:53:44.550,0.83842,0.83865,1.95,1.00
2014.12.04 21:53:44.651,0.83842,0.83865,3.07,1.00
2014.12.04 21:53:44.752,0.83842,0.83863,1.95,1.00
2014.12.04 21:53:45.661,0.83842,0.83859,1.00,1.00
2014.12.04 21:53:46.165,0.83839,0.83859,1.47,1.00
2014.12.04 21:53:46.568,0.83838,0.83859,1.37,1.10
2014.12.04 21:53:47.943,0.83838,0.83859,1.37,1.10
2014.12.04 21:53:51.071,0.83837,0.83859,1.47,1.10
2014.12.04 21:53:51.172,0.83837,0.83857,1.95,1.00
2014.12.04 21:53:52.598,0.83844,0.83859,1.00,1.50
2014.12.04 21:53:52.648,0.83844,0.83861,1.00,2.25
2014.12.04 21:53:52.749,0.83845,0.83863,1.00,2.32
2014.12.04 21:53:53.052,0.83845,0.83863,1.37,2.40
2014.12.04 21:53:53.603,0.83845,0.83863,1.00,2.40
2014.12.04 21:53:59.608,0.83848,0.83863,1.00,2.40
2014.12.04 21:54:02.247,0.83846,0.83863,1.00,2.40
2014.12.04 21:54:07.106,0.83846,0.83863,1.37,1.17
2014.12.04 21:54:07.610,0.83849,0.83863,1.00,1.17
2014.12.04 21:54:10.803,0.83849,0.83863,1.00,1.15
2014.12.04 21:54:11.409,0.83847,0.83863,1.00,1.15
2014.12.04 21:54:12.619,0.83846,0.83863,1.00,1.15
2014.12.04 21:54:14.310,0.83846,0.83863,1.37,1.15
2014.12.04 21:54:14.819,0.83846,0.83863,1.00,1.15
2014.12.04 21:54:15.343,0.83846,0.83863,1.37,1.15
2014.12.04 21:54:15.847,0.83846,0.83863,1.00,2.40
2014.12.04 21:54:24.156,0.83846,0.83863,1.37,1.15
2014.12.04 21:54:24.715,0.83846,0.83863,1.00,1.15
2014.12.04 21:54:26.904,0.83844,0.8386,1.00,1.00
2014.12.04 21:54:27.207,0.83841,0.83857,1.37,1.00
2014.12.04 21:54:30.745,0.83841,0.83857,1.37,1.00
2014.12.04 21:54:31.350,0.83841,0.83857,1.00,1.00
2014.12.04 21:54:31.401,0.83835,0.83857,1.25,1.00
2014.12.04 21:54:31.502,0.83835,0.83855,1.00,1.00
2014.12.04 21:54:31.603,0.83832,0.83855,1.87,1.10
2014.12.04 21:54:32.117,0.83838,0.83855,1.00,1.10
2014.12.04 21:54:32.270,0.83842,0.8386,1.00,1.00
2014.12.04 21:54:32.794,0.83843,0.8386,1.00,1.00
2014.12.04 21:54:35.129,0.83841,0.83859,1.00,1.00
2014.12.04 21:54:35.281,0.83841,0.83859,1.37,1.00
2014.12.04 21:54:35.797,0.83841,0.83858,1.37,1.00
2014.12.04 21:54:36.559,0.83843,0.83855,1.12,1.00
2014.12.04 21:54:36.711,0.83841,0.83855,1.00,1.00
2014.12.04 21:54:37.122,0.8384,0.83853,1.00,1.00
2014.12.04 21:54:38.321,0.8384,0.83856,1.00,1.50
2014.12.04 21:54:38.372,0.8384,0.83856,1.37,1.50
2014.12.04 21:54:38.423,0.83843,0.83858,1.00,1.00
2014.12.04 21:54:38.474,0.83843,0.8386,1.00,2.25
2014.12.04 21:54:38.777,0.83843,0.83862,1.12,1.00
2014.12.04 21:54:38.979,0.83845,0.83862,1.00,1.00
2014.12.04 21:54:39.516,0.83844,0.83862,1.00,1.00
2014.12.04 21:54:48.587,0.83844,0.8386,1.00,1.00
2014.12.04 21:54:48.889,0.8384,0.83858,1.45,1.00
2014.12.04 21:54:48.940,0.8384,0.83858,1.37,1.00
2014.12.04 21:54:49.445,0.83838,0.83859,2.62,1.00
2014.12.04 21:54:49.993,0.83838,0.83859,1.87,1.00
2014.12.04 21:54:50.605,0.83838,0.83859,1.87,1.00
2014.12.04 21:54:59.857,0.83838,0.83859,1.87,1.00
2014.12.04 21:55:15.253,0.83838,0.83859,1.87,1.00
2014.12.04 21:55:17.057,0.83838,0.83859,2.62,1.00
2014.12.04 21:55:26.959,0.83838,0.83859,2.62,1.00
2014.12.04 21:55:29.887,0.83838,0.83859,1.87,1.00
2014.12.04 21:55:31.015,0.83838,0.83859,1.37,1.00
2014.12.04 21:55:33.085,0.83838,0.83859,1.37,1.00
2014.12.04 21:55:34.080,0.83838,0.83859,1.85,1.00
2014.12.04 21:55:34.657,0.83838,0.83859,1.50,1.00
2014.12.04 21:55:35.167,0.83838,0.83859,1.75,1.00
2014.12.04 21:55:37.495,0.83838,0.83859,1.37,1.00
2014.12.04 21:55:37.596,0.83838,0.83859,1.37,1.00
2014.12.04 21:55:48.921,0.83838,0.83859,1.75,1.00
2014.12.04 21:55:49.530,0.83838,0.83859,1.75,1.00
2014.12.04 21:55:54.328,0.83838,0.83859,1.75,1.00
2014.12.04 21:56:01.626,0.83837,0.83859,1.57,1.00
2014.12.04 21:56:09.390,0.83837,0.8386,1.95,1.12
2014.12.04 21:56:09.491,0.83837,0.8386,2.32,1.00
2014.12.04 21:56:16.565,0.83839,0.83857,1.75,1.00
2014.12.04 21:56:16.766,0.83838,0.83856,1.37,1.45
2014.12.04 21:56:16.918,0.83838,0.83856,1.37,1.52
2014.12.04 21:56:17.019,0.83838,0.83856,1.37,1.87
2014.12.04 21:56:17.120,0.83838,0.83856,1.37,1.52
2014.12.04 21:56:20.515,0.83835,0.83856,1.20,1.52
2014.12.04 21:56:30.142,0.83833,0.83853,1.00,2.62
2014.12.04 21:56:30.379,0.83833,0.83853,1.00,2.77
2014.12.04 21:56:31.102,0.83832,0.83853,1.00,1.57
2014.12.04 21:56:31.958,0.83831,0.83852,1.00,1.55
2014.12.04 21:56:40.164,0.83831,0.83852,1.00,3.07
2014.12.04 21:56:40.215,0.83827,0.83849,2.77,1.12
2014.12.04 21:56:41.326,0.8383,0.83848,1.00,1.87
2014.12.04 21:56:41.428,0.83832,0.83848,1.37,1.50
2014.12.04 21:56:41.529,0.83832,0.83848,1.37,1.00
2014.12.04 21:56:42.340,0.83831,0.83852,1.47,1.52
2014.12.04 21:56:42.441,0.83831,0.83851,1.00,2.02
2014.12.04 21:56:42.643,0.8383,0.83851,1.12,2.77
2014.12.04 21:56:43.146,0.8383,0.8385,1.50,2.32
2014.12.04 21:56:43.298,0.8383,0.8385,1.50,2.02
2014.12.04 21:57:14.911,0.8383,0.83851,1.37,1.52
2014.12.04 21:57:29.939,0.83828,0.83851,1.37,2.77
2014.12.04 21:57:38.982,0.8383,0.83851,1.12,3.07
2014.12.04 21:57:45.887,0.83828,0.83851,1.12,2.32
2014.12.04 21:57:53.772,0.8383,0.83851,1.00,2.32
2014.12.04 21:57:54.082,0.83833,0.83852,1.00,1.87
2014.12.04 21:57:54.547,0.83833,0.83852,1.00,1.52
2014.12.04 21:57:55.419,0.83833,0.83852,1.00,1.47
2014.12.04 21:57:58.200,0.83833,0.83852,1.00,1.20
2014.12.04 21:58:05.389,0.83833,0.83853,1.00,2.02
2014.12.04 21:58:05.898,0.83833,0.83853,1.00,2.32
2014.12.04 21:58:06.792,0.83833,0.83853,1.00,2.32
2014.12.04 21:58:13.309,0.83833,0.83852,1.00,1.55
2014.12.04 21:58:14.502,0.83829,0.83849,3.52,1.00
2014.12.04 21:58:15.009,0.83829,0.83849,2.77,1.50
2014.12.04 21:58:25.064,0.83831,0.8385,1.20,1.00
2014.12.04 21:58:25.740,0.83833,0.83851,1.00,1.87
2014.12.04 21:58:26.043,0.83834,0.83852,1.87,1.87
2014.12.04 21:58:26.547,0.83834,0.83852,1.00,1.50
2014.12.04 21:58:30.031,0.83834,0.83852,1.00,1.95
2014.12.04 21:58:36.893,0.83834,0.83851,1.00,1.37
2014.12.04 21:58:40.568,0.83834,0.83851,1.00,1.47
2014.12.04 21:58:41.970,0.83834,0.83851,1.00,1.52
2014.12.04 21:58:42.124,0.83829,0.83849,1.20,1.57
2014.12.04 21:58:42.225,0.83827,0.83848,1.12,1.12
2014.12.04 21:58:42.276,0.83827,0.83848,1.12,1.37
2014.12.04 21:58:42.589,0.83828,0.83845,1.12,2.02
2014.12.04 21:58:43.002,0.83826,0.83845,1.12,2.02
2014.12.04 21:58:43.103,0.83826,0.83844,1.37,1.52
2014.12.04 21:58:47.007,0.83826,0.83844,1.12,1.52
2014.12.04 21:58:53.813,0.83826,0.83843,1.00,2.02
2014.12.04 21:58:53.914,0.83821,0.83843,1.87,2.02
2014.12.04 21:58:54.418,0.83821,0.83843,1.00,2.32
2014.12.04 21:58:56.628,0.83821,0.83843,1.87,2.02
2014.12.04 21:58:56.939,0.83821,0.83842,2.62,1.00
2014.12.04 21:58:57.452,0.83821,0.83844,2.62,2.62
2014.12.04 21:58:57.629,0.83821,0.83844,2.62,2.62
2014.12.04 21:58:59.945,0.8382,0.83845,1.57,1.00
2014.12.04 21:58:59.996,0.83818,0.83851,1.90,1.75
2014.12.04 21:59:00.047,0.83818,0.83851,1.90,1.37
2014.12.04 21:59:00.222,0.83829,0.83851,1.00,1.00
2014.12.04 21:59:00.430,0.8383,0.83853,1.00,1.12
2014.12.04 21:59:00.481,0.83832,0.83855,1.00,1.47
2014.12.04 21:59:01.775,0.83832,0.83855,1.00,1.37
2014.12.04 21:59:02.078,0.83834,0.83854,0.75,0.37
2014.12.04 21:59:17.853,0.83834,0.83855,0.75,0.75
2014.12.04 21:59:30.869,0.8382,0.83856,0.10,0.75
2014.12.04 21:59:31.426,0.8382,0.83855,0.82,0.75
2014.12.04 21:59:34.747,0.83826,0.83852,0.75,0.75
2014.12.04 21:59:35.051,0.8382,0.83855,0.75,0.75
2014.12.04 21:59:45.435,0.83819,0.83856,0.75,0.90
2014.12.04 21:59:46.461,0.83818,0.83854,0.15,0.75
2014.12.04 21:59:46.512,0.83815,0.83853,0.97,0.15
2014.12.04 21:59:47.059,0.83815,0.83851,0.22,0.75
2014.12.04 21:59:47.750,0.83819,0.83851,0.75,0.75
2014.12.04 21:59:48.053,0.83816,0.83848,0.75,0.75
2014.12.04 21:59:48.597,0.83815,0.83848,0.82,0.82
2014.12.04 21:59:50.141,0.83815,0.83845,0.10,0.75
2014.12.04 21:59:53.059,0.83815,0.83847,0.82,0.75
2014.12.04 21:59:54.372,0.83815,0.83848,0.10,0.10
2014.12.04 21:59:55.517,0.83815,0.83847,0.10,0.10
2014.12.04 21:59:56.848,0.83814,0.83847,0.10,0.10
2014.12.04 21:59:56.899,0.83812,0.83847,3.00,0.10
2014.12.04 21:59:57.700,0.83813,0.83847,3.00,0.10
2014.12.04 21:59:58.781,0.83812,0.83847,3.00,0.10
2014.12.04 21:59:59.414,0.83816,0.83849,0.10,0.10
2014.12.04 21:59:59.464,0.83816,0.83852,0.10,0.10
