2016.05.18 11:00:00.011,0.72811,0.72822,1.00,1.10
2016.05.18 11:00:00.113,0.72814,0.72823,1.00,1.09
2016.05.18 11:00:00.266,0.72815,0.72824,1.00,1.01
2016.05.18 11:00:00.792,0.72816,0.72825,1.00,1.19
2016.05.18 11:00:01.045,0.72815,0.72826,1.00,1.50
2016.05.18 11:00:01.618,0.72816,0.72826,1.00,1.00
2016.05.18 11:00:02.672,0.72816,0.72827,1.00,1.09
2016.05.18 11:00:03.185,0.72817,0.72828,1.00,3.34
2016.05.18 11:00:03.987,0.72817,0.72826,1.00,1.00
2016.05.18 11:00:06.754,0.72816,0.72824,1.00,1.00
2016.05.18 11:00:06.804,0.72814,0.72824,2.40,1.00
2016.05.18 11:00:06.907,0.72814,0.72824,1.20,1.69
2016.05.18 11:00:07.160,0.72814,0.72823,1.10,1.00
2016.05.18 11:00:07.910,0.72815,0.72824,1.00,1.25
2016.05.18 11:00:09.814,0.72815,0.72823,1.00,1.00
2016.05.18 11:00:11.518,0.72814,0.72823,1.10,1.00
2016.05.18 11:00:12.024,0.72814,0.72823,1.47,1.12
2016.05.18 11:00:16.316,0.72812,0.72819,2.70,1.00
2016.05.18 11:00:16.609,0.72808,0.72815,1.00,1.00
2016.05.18 11:00:17.171,0.72807,0.72815,1.00,1.00
2016.05.18 11:00:19.548,0.72809,0.72815,1.00,1.00
2016.05.18 11:00:19.701,0.7281,0.72818,1.00,1.20
2016.05.18 11:00:20.246,0.7281,0.72819,1.00,1.50
2016.05.18 11:00:20.745,0.72812,0.72819,1.00,1.00
2016.05.18 11:00:20.796,0.72811,0.72821,1.50,1.76
2016.05.18 11:00:21.311,0.72812,0.72821,1.00,1.25
2016.05.18 11:00:21.362,0.72814,0.72821,1.00,1.25
2016.05.18 11:00:22.547,0.72814,0.72823,1.12,2.14
2016.05.18 11:00:23.770,0.72811,0.7282,2.44,1.00
2016.05.18 11:00:23.929,0.72811,0.7282,1.00,1.25
2016.05.18 11:00:24.033,0.72809,0.7282,2.44,2.00
2016.05.18 11:00:25.807,0.7281,0.72819,1.00,3.00
2016.05.18 11:00:29.341,0.72808,0.72818,2.51,1.37
2016.05.18 11:00:29.647,0.72811,0.72815,1.00,1.00
2016.05.18 11:00:29.749,0.72811,0.72817,1.00,1.00
2016.05.18 11:00:30.002,0.72813,0.7282,1.00,1.20
2016.05.18 11:00:30.519,0.72814,0.72823,1.50,1.29
2016.05.18 11:00:31.026,0.72813,0.72823,1.00,2.51
2016.05.18 11:00:31.973,0.72814,0.72823,1.00,2.51
2016.05.18 11:00:34.810,0.72813,0.72823,2.62,1.69
2016.05.18 11:00:38.025,0.72814,0.72823,1.12,2.44
2016.05.18 11:00:41.555,0.72811,0.72822,1.55,2.06
2016.05.18 11:00:41.657,0.7281,0.72819,1.46,1.50
2016.05.18 11:00:42.276,0.7281,0.72819,1.31,1.50
2016.05.18 11:00:53.688,0.72808,0.7282,2.32,3.94
2016.05.18 11:00:55.158,0.7281,0.72819,1.00,2.06
2016.05.18 11:01:01.538,0.72809,0.72818,1.12,1.25
2016.05.18 11:01:03.211,0.72808,0.72819,1.95,1.69
2016.05.18 11:01:03.565,0.72808,0.72818,1.12,1.69
2016.05.18 11:01:04.084,0.72807,0.72816,1.25,1.50
2016.05.18 11:01:05.422,0.72805,0.72815,1.45,1.56
2016.05.18 11:01:05.744,0.72809,0.7282,1.50,3.26
2016.05.18 11:01:06.956,0.72812,0.72819,1.00,1.69
2016.05.18 11:01:07.058,0.72812,0.72821,1.12,1.50
2016.05.18 11:01:07.109,0.72812,0.72821,1.50,1.00
2016.05.18 11:01:07.622,0.72812,0.72822,1.57,1.31
2016.05.18 11:01:10.571,0.72816,0.72824,1.00,1.69
2016.05.18 11:01:10.622,0.72814,0.72824,1.65,1.69
2016.05.18 11:01:10.724,0.72816,0.72824,1.12,1.31
2016.05.18 11:01:10.775,0.72815,0.72824,1.57,1.12
2016.05.18 11:01:11.149,0.72815,0.72826,1.57,5.06
2016.05.18 11:01:11.813,0.72816,0.72825,1.17,1.50
2016.05.18 11:01:15.309,0.72814,0.72824,2.62,1.87
2016.05.18 11:01:16.934,0.72814,0.72824,1.95,2.25
2016.05.18 11:01:17.847,0.72814,0.72823,1.10,2.25
2016.05.18 11:01:23.750,0.72813,0.72821,1.32,1.00
2016.05.18 11:01:24.004,0.72809,0.72819,1.97,3.37
2016.05.18 11:01:24.170,0.72809,0.72818,1.39,1.50
2016.05.18 11:01:24.701,0.72808,0.72819,1.50,3.56
2016.05.18 11:01:25.728,0.72806,0.72816,3.34,1.12
2016.05.18 11:01:25.779,0.72807,0.72816,1.46,1.12
2016.05.18 11:01:26.412,0.72807,0.72814,1.39,1.12
2016.05.18 11:01:27.633,0.72806,0.72816,1.84,1.12
2016.05.18 11:01:28.478,0.72807,0.72815,1.39,1.00
2016.05.18 11:01:29.799,0.72806,0.72817,2.51,1.20
2016.05.18 11:01:30.335,0.72806,0.72817,2.59,1.20
2016.05.18 11:01:32.893,0.72806,0.72816,2.59,1.00
2016.05.18 11:01:32.995,0.72813,0.72818,1.00,2.96
2016.05.18 11:01:33.147,0.72813,0.72821,1.12,1.12
2016.05.18 11:01:43.970,0.72813,0.72822,1.10,1.31
2016.05.18 11:01:49.874,0.72812,0.72822,1.95,1.31
2016.05.18 11:01:52.164,0.72812,0.72823,2.32,2.44
2016.05.18 11:01:56.502,0.72813,0.72823,1.57,1.31
2016.05.18 11:02:04.026,0.72814,0.72825,1.76,2.14
2016.05.18 11:02:12.960,0.72816,0.72826,1.12,1.39
2016.05.18 11:02:15.932,0.72816,0.72824,1.12,1.00
2016.05.18 11:02:23.480,0.7282,0.72827,1.00,1.76
2016.05.18 11:02:23.633,0.72824,0.72831,1.00,1.37
2016.05.18 11:02:23.785,0.72825,0.72833,1.10,1.00
2016.05.18 11:02:24.296,0.72826,0.72834,1.00,1.56
2016.05.18 11:02:24.836,0.72825,0.72835,1.20,3.26
2016.05.18 11:02:25.339,0.72826,0.72835,1.00,2.51
2016.05.18 11:02:30.759,0.72826,0.72832,1.00,1.00
2016.05.18 11:02:32.620,0.72824,0.72832,1.45,1.00
2016.05.18 11:02:38.768,0.72825,0.72833,1.12,1.31
2016.05.18 11:02:41.863,0.72825,0.72833,1.12,1.31
2016.05.18 11:02:42.371,0.72826,0.72834,1.00,2.06
2016.05.18 11:02:42.422,0.72826,0.72834,1.12,1.12
2016.05.18 11:02:43.601,0.72826,0.72834,1.00,1.37
2016.05.18 11:02:44.066,0.72827,0.72835,1.00,1.69
2016.05.18 11:02:44.759,0.72826,0.72835,1.00,1.69
2016.05.18 11:02:45.287,0.72826,0.72834,1.00,1.00
2016.05.18 11:02:52.284,0.72828,0.72834,1.00,1.00
2016.05.18 11:02:55.726,0.72828,0.72837,1.00,1.57
2016.05.18 11:02:56.232,0.72827,0.72835,1.10,1.00
2016.05.18 11:02:56.621,0.72826,0.72833,1.12,1.00
2016.05.18 11:02:57.279,0.72826,0.72833,1.00,1.37
2016.05.18 11:02:57.381,0.72824,0.72832,1.01,1.00
2016.05.18 11:02:57.921,0.72824,0.72831,1.10,1.00
2016.05.18 11:02:59.546,0.72826,0.72831,1.00,1.00
2016.05.18 11:03:00.136,0.72826,0.72832,1.00,1.00
2016.05.18 11:03:00.672,0.72825,0.72832,1.00,1.00
2016.05.18 11:03:01.492,0.72824,0.72831,1.00,1.00
2016.05.18 11:03:02.351,0.72826,0.72831,1.00,1.00
2016.05.18 11:03:03.460,0.72825,0.72831,1.00,1.00
2016.05.18 11:03:03.815,0.72828,0.72832,1.00,1.50
2016.05.18 11:03:03.967,0.72831,0.72835,1.00,1.00
2016.05.18 11:03:04.018,0.72831,0.72835,1.20,1.00
2016.05.18 11:03:04.069,0.72833,0.72842,1.50,1.36
2016.05.18 11:03:04.611,0.72833,0.72842,1.65,1.25
2016.05.18 11:03:07.095,0.72833,0.72842,2.32,1.69
2016.05.18 11:03:09.009,0.72833,0.72841,2.32,1.00
2016.05.18 11:03:09.964,0.72833,0.72838,1.57,1.00
2016.05.18 11:03:10.125,0.72828,0.72837,2.14,1.00
2016.05.18 11:03:10.177,0.72828,0.72837,1.56,1.87
2016.05.18 11:03:10.282,0.72831,0.72837,1.00,1.37
2016.05.18 11:03:10.383,0.72832,0.72839,1.00,1.00
2016.05.18 11:03:10.536,0.72832,0.72841,1.50,1.00
2016.05.18 11:03:11.042,0.72832,0.72841,1.57,1.00
2016.05.18 11:03:13.671,0.72832,0.7284,1.57,1.00
2016.05.18 11:03:14.177,0.72832,0.72841,1.57,1.00
2016.05.18 11:03:22.272,0.72833,0.72841,1.27,1.25
2016.05.18 11:03:22.786,0.72833,0.72842,2.40,1.19
2016.05.18 11:03:24.001,0.72833,0.72842,2.40,1.19
2016.05.18 11:03:28.665,0.72831,0.72838,1.47,1.00
2016.05.18 11:03:28.716,0.72831,0.72838,1.10,1.12
2016.05.18 11:03:28.817,0.72831,0.72841,2.25,2.51
2016.05.18 11:03:29.121,0.72833,0.72841,1.37,1.69
2016.05.18 11:03:34.776,0.72833,0.72843,1.45,2.06
2016.05.18 11:03:41.467,0.72832,0.72839,1.95,1.00
2016.05.18 11:03:41.619,0.7283,0.72838,1.50,1.00
2016.05.18 11:03:41.721,0.72832,0.72841,1.00,3.15
2016.05.18 11:03:41.773,0.72832,0.72841,1.00,2.40
2016.05.18 11:03:41.925,0.72833,0.72841,1.50,1.00
2016.05.18 11:03:42.511,0.72834,0.72842,1.00,1.25
2016.05.18 11:03:55.345,0.72835,0.72844,1.19,2.25
2016.05.18 11:03:55.851,0.72835,0.72845,2.06,2.25
2016.05.18 11:04:00.982,0.72834,0.72842,1.00,1.37
2016.05.18 11:04:01.509,0.72832,0.72842,2.14,1.37
2016.05.18 11:04:02.650,0.72838,0.72844,1.00,1.75
2016.05.18 11:04:02.701,0.72836,0.72844,1.12,1.37
2016.05.18 11:04:02.752,0.72838,0.72844,1.00,1.00
2016.05.18 11:04:02.803,0.72837,0.72846,1.12,1.20
2016.05.18 11:04:03.310,0.72837,0.72848,1.12,2.40
2016.05.18 11:04:03.819,0.72838,0.72848,1.50,2.40
2016.05.18 11:04:03.920,0.72842,0.72848,1.00,1.65
2016.05.18 11:04:04.074,0.72843,0.72851,1.00,1.00
2016.05.18 11:04:04.125,0.72845,0.72853,1.00,1.50
2016.05.18 11:04:04.642,0.72843,0.72852,1.57,1.00
2016.05.18 11:04:05.149,0.72844,0.72852,1.39,1.00
2016.05.18 11:04:05.829,0.72844,0.72851,1.39,1.00
2016.05.18 11:04:06.186,0.72849,0.72855,1.00,1.65
2016.05.18 11:04:06.338,0.7285,0.72858,1.37,1.12
2016.05.18 11:04:06.441,0.72855,0.72862,1.00,1.52
2016.05.18 11:04:06.597,0.72861,0.72865,1.01,2.62
2016.05.18 11:04:06.699,0.72861,0.72865,1.01,1.50
2016.05.18 11:04:06.750,0.72863,0.7287,1.00,1.17
2016.05.18 11:04:06.953,0.72864,0.72872,1.00,1.12
2016.05.18 11:04:07.474,0.72863,0.72873,1.00,2.70
2016.05.18 11:04:07.828,0.72863,0.72868,1.00,1.00
2016.05.18 11:04:07.930,0.72863,0.72872,1.00,1.00
2016.05.18 11:04:08.634,0.72864,0.72872,1.00,1.00
2016.05.18 11:04:11.615,0.72863,0.72873,1.50,1.47
2016.05.18 11:04:11.919,0.72865,0.72873,1.00,1.95
2016.05.18 11:04:13.364,0.72863,0.72873,1.10,1.37
2016.05.18 11:04:13.567,0.72861,0.72871,2.44,1.50
2016.05.18 11:04:13.619,0.7286,0.72871,2.51,2.70
2016.05.18 11:04:14.128,0.7286,0.72867,1.31,1.00
2016.05.18 11:04:14.637,0.7286,0.72868,1.19,1.95
2016.05.18 11:04:17.485,0.72857,0.72866,2.06,1.95
2016.05.18 11:04:18.035,0.72857,0.72864,1.19,1.57
2016.05.18 11:04:19.323,0.72857,0.72864,1.69,1.10
2016.05.18 11:04:19.475,0.72857,0.72866,1.25,1.10
2016.05.18 11:04:19.982,0.72856,0.72865,1.19,1.00
2016.05.18 11:04:20.033,0.72855,0.72865,2.44,1.37
2016.05.18 11:04:21.942,0.72855,0.72863,1.19,1.50
2016.05.18 11:04:22.246,0.72852,0.72863,2.89,1.50
2016.05.18 11:04:24.078,0.72852,0.72862,2.14,1.37
2016.05.18 11:04:28.376,0.72853,0.72863,1.39,1.12
2016.05.18 11:04:28.478,0.72857,0.72865,1.00,2.40
2016.05.18 11:04:28.782,0.72861,0.72867,1.00,1.10
2016.05.18 11:04:28.987,0.72859,0.72869,1.84,1.12
2016.05.18 11:04:29.140,0.72861,0.72867,1.00,1.00
2016.05.18 11:04:29.243,0.72862,0.72869,1.00,1.00
2016.05.18 11:04:29.345,0.72862,0.72873,1.47,1.57
2016.05.18 11:04:29.902,0.72862,0.72873,2.96,1.50
2016.05.18 11:04:30.628,0.72862,0.72869,2.21,1.00
2016.05.18 11:04:30.932,0.7286,0.72868,1.19,1.37
2016.05.18 11:04:31.084,0.7286,0.72868,1.19,1.75
2016.05.18 11:04:31.597,0.72862,0.72866,1.00,1.00
2016.05.18 11:04:31.750,0.72862,0.7287,1.00,1.01
2016.05.18 11:04:31.851,0.72863,0.72871,1.00,1.19
2016.05.18 11:04:33.219,0.72863,0.72871,1.00,1.00
2016.05.18 11:04:33.720,0.72864,0.72871,1.00,1.00
2016.05.18 11:04:34.528,0.72862,0.72871,1.57,1.00
2016.05.18 11:04:34.781,0.72863,0.72873,2.25,1.50
2016.05.18 11:04:35.316,0.72864,0.72873,1.10,1.50
2016.05.18 11:04:36.558,0.72863,0.72873,1.31,2.32
2016.05.18 11:04:36.963,0.72864,0.72873,1.00,1.00
2016.05.18 11:04:38.301,0.72864,0.72872,1.50,1.00
2016.05.18 11:04:38.503,0.72864,0.72868,1.50,1.00
2016.05.18 11:04:38.807,0.72861,0.72868,1.19,2.25
2016.05.18 11:04:39.280,0.72863,0.72873,2.44,1.10
2016.05.18 11:04:41.338,0.72864,0.72872,1.50,1.00
2016.05.18 11:04:41.844,0.72863,0.72871,3.19,1.00
2016.05.18 11:04:42.461,0.72863,0.72873,2.44,1.00
2016.05.18 11:04:45.421,0.72864,0.72874,1.50,1.12
2016.05.18 11:04:45.715,0.72867,0.72876,2.06,1.00
2016.05.18 11:04:45.820,0.72867,0.72876,3.19,1.00
2016.05.18 11:04:46.485,0.72867,0.72877,3.26,1.00
2016.05.18 11:04:46.793,0.72873,0.7288,1.00,1.07
2016.05.18 11:04:46.951,0.72874,0.72882,1.00,1.85
2016.05.18 11:04:47.002,0.72874,0.72882,1.00,1.00
2016.05.18 11:04:47.711,0.72873,0.72882,1.31,1.27
2016.05.18 11:04:48.262,0.72873,0.72881,2.81,1.17
2016.05.18 11:04:50.278,0.72873,0.72883,3.56,1.27
2016.05.18 11:04:50.741,0.72873,0.7288,2.06,1.00
2016.05.18 11:04:51.060,0.7287,0.72879,3.19,1.10
2016.05.18 11:04:51.567,0.7287,0.72878,3.19,1.20
2016.05.18 11:04:52.119,0.72873,0.72881,1.37,1.50
2016.05.18 11:04:52.170,0.72873,0.72881,1.37,1.07
2016.05.18 11:04:52.676,0.72873,0.72881,2.06,1.10
2016.05.18 11:04:53.341,0.72873,0.72883,1.56,2.25
2016.05.18 11:04:55.804,0.72875,0.72883,1.00,2.62
2016.05.18 11:04:55.906,0.72876,0.72885,1.69,1.65
2016.05.18 11:04:56.420,0.72877,0.72885,1.56,1.00
2016.05.18 11:04:57.079,0.72877,0.72887,1.94,1.37
2016.05.18 11:04:57.130,0.72879,0.72888,1.00,1.20
2016.05.18 11:04:57.659,0.72878,0.72887,1.69,1.00
2016.05.18 11:04:59.230,0.72878,0.72883,1.69,1.00
2016.05.18 11:04:59.281,0.72878,0.72883,1.00,1.00
2016.05.18 11:04:59.332,0.72876,0.72883,1.00,1.00
2016.05.18 11:04:59.535,0.72876,0.72886,1.10,1.50
2016.05.18 11:04:59.586,0.72878,0.72886,1.00,1.50
2016.05.18 11:04:59.994,0.72885,0.72893,1.00,1.75
2016.05.18 11:05:00.047,0.72885,0.72893,1.00,1.00
2016.05.18 11:05:00.250,0.72885,0.72895,1.12,1.12
2016.05.18 11:05:01.283,0.72885,0.72893,1.31,1.00
2016.05.18 11:05:01.789,0.72884,0.72895,1.31,2.25
2016.05.18 11:05:02.336,0.72884,0.72893,1.31,1.12
2016.05.18 11:05:02.918,0.72884,0.72893,1.19,1.87
2016.05.18 11:05:05.863,0.72883,0.72891,2.06,1.00
2016.05.18 11:05:06.672,0.72883,0.72889,1.56,1.00
2016.05.18 11:05:06.773,0.72881,0.72888,1.56,1.37
2016.05.18 11:05:06.926,0.7288,0.72887,1.19,1.87
2016.05.18 11:05:07.325,0.72876,0.72884,1.69,1.00
2016.05.18 11:05:08.239,0.72876,0.72885,1.69,1.00
2016.05.18 11:05:08.746,0.72876,0.72886,2.44,1.50
2016.05.18 11:05:10.809,0.72876,0.72885,1.69,1.00
2016.05.18 11:05:10.962,0.72876,0.72885,1.31,1.87
2016.05.18 11:05:11.469,0.72876,0.72883,1.19,2.32
2016.05.18 11:05:11.584,0.72874,0.72883,1.19,2.32
2016.05.18 11:05:11.737,0.72872,0.72882,1.39,1.12
2016.05.18 11:05:15.250,0.72873,0.72882,1.00,1.50
2016.05.18 11:05:15.839,0.72872,0.72882,1.39,1.50
2016.05.18 11:05:17.719,0.72872,0.7288,1.39,1.00
2016.05.18 11:05:18.225,0.7287,0.72879,1.69,1.00
2016.05.18 11:05:18.554,0.72876,0.72884,1.00,1.94
2016.05.18 11:05:18.656,0.72876,0.72884,1.00,1.69
2016.05.18 11:05:18.707,0.72874,0.72884,1.50,1.69
2016.05.18 11:05:19.837,0.72876,0.72884,1.00,1.76
2016.05.18 11:05:21.118,0.72878,0.72884,1.00,1.29
2016.05.18 11:05:21.271,0.72878,0.72886,1.00,1.57
2016.05.18 11:05:23.368,0.72877,0.72887,1.00,2.02
2016.05.18 11:05:24.177,0.72875,0.72885,1.69,1.65
2016.05.18 11:05:24.685,0.72875,0.72885,1.69,1.17
2016.05.18 11:05:25.089,0.72877,0.72885,1.00,1.65
2016.05.18 11:05:28.276,0.72876,0.72885,1.00,1.07
2016.05.18 11:05:28.783,0.72877,0.72885,1.00,1.07
2016.05.18 11:05:29.087,0.72881,0.72889,1.12,1.27
2016.05.18 11:05:29.399,0.72882,0.72891,1.50,1.46
2016.05.18 11:05:30.170,0.72881,0.7289,1.00,1.39
2016.05.18 11:05:30.716,0.7288,0.7289,1.50,2.51
2016.05.18 11:05:31.125,0.72882,0.7289,1.00,1.76
2016.05.18 11:05:31.278,0.72883,0.72891,1.00,1.36
2016.05.18 11:05:31.796,0.72882,0.72892,1.69,1.57
2016.05.18 11:05:33.290,0.7288,0.7289,2.14,1.50
2016.05.18 11:05:33.446,0.72878,0.72888,1.62,1.50
2016.05.18 11:05:33.954,0.72878,0.72888,1.12,2.51
2016.05.18 11:05:34.622,0.72876,0.72886,1.31,1.57
2016.05.18 11:05:36.636,0.72878,0.72886,1.00,1.37
2016.05.18 11:05:36.822,0.7288,0.72889,1.00,2.62
2016.05.18 11:05:36.873,0.72884,0.72892,1.00,2.44
2016.05.18 11:05:37.384,0.72884,0.72891,1.00,1.19
2016.05.18 11:05:38.271,0.72883,0.72891,1.00,1.19
2016.05.18 11:05:38.475,0.72881,0.72891,1.50,1.84
2016.05.18 11:05:38.980,0.72881,0.7289,1.00,1.76
2016.05.18 11:05:42.067,0.72884,0.7289,1.00,1.01
2016.05.18 11:05:42.609,0.72884,0.72892,1.00,2.51
2016.05.18 11:05:42.915,0.72879,0.72888,2.06,1.10
2016.05.18 11:05:43.016,0.72878,0.72888,2.06,1.57
2016.05.18 11:05:43.936,0.72878,0.72887,1.12,1.87
2016.05.18 11:05:45.312,0.7288,0.72887,1.00,1.01
2016.05.18 11:05:45.617,0.72883,0.72891,1.50,1.19
2016.05.18 11:05:46.617,0.72885,0.72891,1.00,1.19
2016.05.18 11:05:46.718,0.72885,0.72892,1.00,1.00
2016.05.18 11:05:51.712,0.72886,0.72895,3.00,2.44
2016.05.18 11:05:52.268,0.72885,0.72895,3.75,2.44
2016.05.18 11:05:53.636,0.72889,0.72895,1.00,1.69
2016.05.18 11:05:53.738,0.72888,0.72897,1.12,1.20
2016.05.18 11:05:54.321,0.72887,0.72897,3.75,1.50
2016.05.18 11:05:55.693,0.72888,0.72898,1.00,2.77
2016.05.18 11:05:57.642,0.72891,0.72897,1.00,1.00
2016.05.18 11:05:57.743,0.72891,0.72899,1.12,1.25
2016.05.18 11:05:57.794,0.72893,0.72899,3.00,1.00
2016.05.18 11:05:57.845,0.72894,0.72902,1.00,1.84
2016.05.18 11:05:58.382,0.72895,0.72902,3.00,1.25
2016.05.18 11:05:58.814,0.72895,0.72904,3.75,1.00
2016.05.18 11:05:59.322,0.72896,0.72905,3.75,1.25
2016.05.18 11:05:59.474,0.72896,0.72904,1.87,1.37
2016.05.18 11:05:59.677,0.72894,0.72903,1.00,1.27
2016.05.18 11:06:00.227,0.72893,0.72903,1.87,2.40
2016.05.18 11:06:00.698,0.72895,0.72903,1.00,1.65
2016.05.18 11:06:00.902,0.72896,0.72904,1.00,1.12
2016.05.18 11:06:01.407,0.72895,0.72905,2.70,1.76
2016.05.18 11:06:01.981,0.72896,0.72904,1.00,1.12
2016.05.18 11:06:02.184,0.72894,0.72904,4.50,1.12
2016.05.18 11:06:03.941,0.72895,0.72904,1.00,1.12
2016.05.18 11:06:04.466,0.72896,0.72904,1.00,1.37
2016.05.18 11:06:05.217,0.72895,0.72904,3.00,1.37
2016.05.18 11:06:05.735,0.72896,0.72905,1.50,1.62
2016.05.18 11:06:06.244,0.729,0.72906,1.00,1.39
2016.05.18 11:06:06.551,0.72904,0.72911,1.00,1.87
2016.05.18 11:06:06.603,0.72905,0.72913,1.00,1.69
2016.05.18 11:06:07.278,0.72905,0.72914,1.50,1.12
2016.05.18 11:06:07.384,0.72907,0.72915,1.00,1.57
2016.05.18 11:06:07.587,0.72907,0.72916,1.37,1.20
2016.05.18 11:06:07.790,0.72909,0.72916,1.00,1.57
2016.05.18 11:06:08.142,0.72911,0.72918,2.06,1.87
2016.05.18 11:06:08.193,0.72911,0.7292,2.06,1.87
2016.05.18 11:06:08.245,0.72913,0.7292,1.00,1.45
2016.05.18 11:06:08.644,0.72911,0.72918,1.87,1.57
2016.05.18 11:06:08.847,0.72908,0.72918,3.37,1.76
2016.05.18 11:06:09.000,0.72908,0.72917,1.50,1.32
2016.05.18 11:06:09.356,0.7291,0.72918,1.00,2.14
2016.05.18 11:06:09.618,0.72911,0.72919,1.00,1.10
2016.05.18 11:06:09.722,0.72913,0.72921,1.00,1.39
2016.05.18 11:06:09.975,0.72911,0.72919,1.12,1.07
2016.05.18 11:06:10.179,0.72909,0.72917,1.00,1.12
2016.05.18 11:06:10.230,0.72906,0.72916,1.69,2.02
2016.05.18 11:06:10.281,0.72906,0.72916,1.69,2.40
2016.05.18 11:06:10.495,0.72906,0.72914,1.00,1.87
2016.05.18 11:06:12.095,0.72906,0.72915,1.25,1.85
2016.05.18 11:06:12.197,0.72907,0.72917,1.00,2.32
2016.05.18 11:06:12.249,0.72908,0.72917,2.06,1.47
2016.05.18 11:06:12.450,0.72909,0.72919,1.69,1.52
2016.05.18 11:06:12.502,0.72912,0.7292,1.00,1.87
2016.05.18 11:06:12.604,0.72913,0.72921,1.25,1.12
2016.05.18 11:06:12.858,0.72911,0.72919,1.69,1.00
2016.05.18 11:06:13.113,0.72909,0.72917,1.25,1.20
2016.05.18 11:06:13.379,0.72907,0.72915,2.81,1.00
2016.05.18 11:06:14.785,0.72907,0.72914,1.31,1.00
2016.05.18 11:06:14.887,0.72905,0.72914,1.39,1.00
2016.05.18 11:06:15.395,0.72906,0.72915,1.25,1.12
2016.05.18 11:06:15.645,0.72902,0.72911,1.62,1.37
2016.05.18 11:06:16.001,0.72904,0.72911,1.00,1.20
2016.05.18 11:06:16.052,0.72906,0.72913,1.25,1.47
2016.05.18 11:06:16.103,0.72906,0.72913,1.25,1.10
2016.05.18 11:06:16.564,0.72904,0.72912,1.31,1.50
2016.05.18 11:06:16.868,0.729,0.72905,1.19,1.12
2016.05.18 11:06:17.123,0.72901,0.72909,1.69,1.00
2016.05.18 11:06:17.632,0.72901,0.72908,1.69,1.00
2016.05.18 11:06:18.139,0.72901,0.72909,1.31,1.00
2016.05.18 11:06:18.544,0.729,0.72907,2.44,1.00
2016.05.18 11:06:19.078,0.729,0.72908,1.69,1.10
2016.05.18 11:06:19.383,0.72903,0.72912,1.12,1.87
2016.05.18 11:06:19.434,0.72903,0.72912,1.57,1.50
2016.05.18 11:06:19.952,0.72904,0.72913,1.76,1.00
2016.05.18 11:06:20.105,0.72906,0.72915,1.50,1.00
2016.05.18 11:06:20.662,0.72907,0.72916,1.46,1.12
2016.05.18 11:06:21.113,0.72907,0.72914,1.09,1.00
2016.05.18 11:06:21.518,0.72907,0.72916,1.09,1.00
2016.05.18 11:06:22.146,0.72907,0.72915,1.09,1.12
2016.05.18 11:06:22.454,0.72907,0.72912,1.17,1.00
2016.05.18 11:06:22.556,0.72905,0.72912,1.00,1.00
2016.05.18 11:06:22.659,0.72902,0.72908,1.95,1.00
2016.05.18 11:06:22.950,0.72903,0.72912,2.06,1.50
2016.05.18 11:06:23.104,0.72904,0.72913,1.09,1.00
2016.05.18 11:06:23.509,0.72903,0.7291,2.21,1.00
2016.05.18 11:06:24.825,0.72904,0.72911,1.01,1.00
2016.05.18 11:06:24.877,0.72904,0.72913,1.01,1.00
2016.05.18 11:06:25.383,0.72904,0.72914,2.14,1.12
2016.05.18 11:06:25.927,0.72904,0.72914,1.76,1.00
2016.05.18 11:06:26.434,0.72905,0.72913,1.94,1.00
2016.05.18 11:06:27.607,0.72905,0.72915,2.81,1.12
2016.05.18 11:06:28.170,0.72906,0.72914,1.50,1.00
2016.05.18 11:06:28.676,0.72904,0.72913,1.84,1.50
2016.05.18 11:06:29.193,0.72904,0.72912,1.76,1.00
2016.05.18 11:06:30.386,0.72904,0.72913,1.69,1.50
2016.05.18 11:06:31.146,0.72904,0.72912,1.69,1.00
2016.05.18 11:06:31.656,0.72904,0.72911,1.69,1.00
2016.05.18 11:06:32.579,0.72903,0.7291,1.69,1.00
2016.05.18 11:06:33.237,0.72903,0.72909,1.69,1.00
2016.05.18 11:06:33.339,0.72903,0.72908,1.69,1.00
2016.05.18 11:06:33.543,0.72894,0.72901,1.01,1.00
2016.05.18 11:06:33.679,0.72894,0.72901,1.01,1.00
2016.05.18 11:06:34.186,0.72893,0.72901,4.39,1.00
2016.05.18 11:06:34.724,0.72893,0.72901,1.26,1.50
2016.05.18 11:06:35.835,0.72893,0.72899,1.26,1.00
2016.05.18 11:06:36.089,0.7289,0.72897,2.06,1.00
2016.05.18 11:06:37.640,0.7289,0.72896,1.31,1.00
2016.05.18 11:06:38.147,0.72886,0.72896,2.89,1.00
2016.05.18 11:06:38.995,0.72887,0.72895,1.69,1.00
2016.05.18 11:06:39.552,0.72887,0.72897,1.01,1.12
2016.05.18 11:06:40.229,0.7289,0.729,1.87,2.59
2016.05.18 11:06:40.280,0.7289,0.729,3.19,1.65
2016.05.18 11:06:40.382,0.72891,0.729,2.25,1.00
2016.05.18 11:06:40.890,0.72891,0.72901,1.57,1.12
2016.05.18 11:06:41.194,0.72888,0.72895,1.94,1.00
2016.05.18 11:06:41.499,0.72887,0.72895,1.31,1.00
2016.05.18 11:06:43.072,0.72886,0.72896,2.44,1.00
2016.05.18 11:06:43.884,0.72886,0.72897,2.51,1.20
2016.05.18 11:06:44.189,0.72892,0.72897,1.00,1.10
2016.05.18 11:06:44.408,0.72893,0.72901,1.12,1.12
2016.05.18 11:06:44.916,0.72892,0.72901,1.95,1.00
2016.05.18 11:06:45.978,0.72892,0.72903,2.70,1.31
2016.05.18 11:06:46.935,0.72893,0.72901,1.27,1.00
2016.05.18 11:06:47.470,0.72894,0.72903,1.00,1.39
2016.05.18 11:06:47.977,0.72892,0.72902,1.50,1.01
2016.05.18 11:06:49.132,0.72894,0.72902,1.00,1.25
2016.05.18 11:06:50.293,0.72897,0.72905,1.00,2.25
2016.05.18 11:06:50.497,0.72897,0.72907,2.89,1.00
2016.05.18 11:06:50.548,0.72897,0.72903,2.14,1.00
2016.05.18 11:06:50.650,0.72897,0.72905,1.57,1.00
2016.05.18 11:06:50.803,0.72898,0.72908,1.20,1.20
2016.05.18 11:06:50.920,0.72898,0.72909,2.40,1.50
2016.05.18 11:06:51.227,0.72897,0.72906,2.15,1.00
2016.05.18 11:06:51.278,0.72899,0.72908,1.37,1.00
2016.05.18 11:06:51.489,0.72901,0.7291,1.87,1.57
2016.05.18 11:06:51.975,0.72901,0.72911,2.44,1.00
2016.05.18 11:06:52.475,0.72903,0.72913,1.12,1.31
2016.05.18 11:06:52.831,0.72902,0.72911,1.69,1.00
2016.05.18 11:06:53.310,0.72903,0.72914,1.20,1.76
2016.05.18 11:06:53.412,0.72904,0.72914,1.37,1.56
2016.05.18 11:06:55.579,0.72904,0.72912,1.37,1.00
2016.05.18 11:06:55.883,0.729,0.72907,1.76,1.00
2016.05.18 11:06:56.213,0.72898,0.72906,1.25,1.00
2016.05.18 11:06:56.367,0.72898,0.72906,1.76,1.00
2016.05.18 11:06:56.773,0.72897,0.72907,2.21,1.12
2016.05.18 11:06:56.925,0.72897,0.72905,1.46,1.00
2016.05.18 11:06:57.513,0.72895,0.72905,3.26,1.12
2016.05.18 11:06:58.078,0.72901,0.72906,1.00,1.47
2016.05.18 11:06:58.180,0.72901,0.7291,1.50,1.01
2016.05.18 11:06:58.231,0.72902,0.72911,1.12,1.57
2016.05.18 11:06:58.434,0.72902,0.72912,2.32,1.00
2016.05.18 11:07:00.130,0.72902,0.72911,2.32,1.00
2016.05.18 11:07:00.475,0.729,0.7291,1.01,1.12
2016.05.18 11:07:00.680,0.72903,0.72911,1.00,1.37
2016.05.18 11:07:00.835,0.72904,0.72914,2.25,2.51
2016.05.18 11:07:01.358,0.72905,0.72913,1.00,1.00
2016.05.18 11:07:01.662,0.72904,0.72912,1.25,1.37
2016.05.18 11:07:03.088,0.72901,0.72911,1.47,1.12
2016.05.18 11:07:03.139,0.729,0.7291,2.06,1.27
2016.05.18 11:07:03.189,0.729,0.7291,2.06,1.65
2016.05.18 11:07:03.497,0.72898,0.72907,1.19,1.50
2016.05.18 11:07:03.599,0.72897,0.72906,1.69,1.50
2016.05.18 11:07:05.068,0.72898,0.72907,1.25,1.95
2016.05.18 11:07:05.220,0.729,0.72908,1.00,1.65
2016.05.18 11:07:05.482,0.72902,0.72912,1.12,1.95
2016.05.18 11:07:05.584,0.72902,0.72912,1.50,1.50
2016.05.18 11:07:05.736,0.72905,0.72912,1.00,1.07
2016.05.18 11:07:05.888,0.72905,0.72913,1.00,1.25
2016.05.18 11:07:06.478,0.72903,0.72914,1.57,2.14
2016.05.18 11:07:06.985,0.72903,0.72912,1.00,1.00
2016.05.18 11:07:07.086,0.72901,0.7291,1.47,1.37
2016.05.18 11:07:07.188,0.729,0.72909,2.81,1.87
2016.05.18 11:07:07.239,0.729,0.72907,1.31,1.00
2016.05.18 11:07:09.073,0.72903,0.72909,1.00,1.37
2016.05.18 11:07:09.175,0.72904,0.7291,1.00,1.20
2016.05.18 11:07:09.276,0.72907,0.72911,1.00,1.00
2016.05.18 11:07:09.647,0.72909,0.72913,1.00,1.00
2016.05.18 11:07:09.954,0.72907,0.72912,1.12,1.00
2016.05.18 11:07:10.055,0.72907,0.72917,1.12,4.09
2016.05.18 11:07:12.234,0.72905,0.72914,1.76,1.00
2016.05.18 11:07:12.437,0.72904,0.72912,1.76,1.00
2016.05.18 11:07:12.951,0.72903,0.72911,1.69,1.57
2016.05.18 11:07:13.463,0.72903,0.72912,1.69,1.20
2016.05.18 11:07:14.079,0.72904,0.72914,1.56,1.37
2016.05.18 11:07:14.890,0.72906,0.72915,1.00,2.32
2016.05.18 11:07:15.296,0.72906,0.72915,1.00,1.57
2016.05.18 11:07:15.802,0.72905,0.72915,1.69,1.57
2016.05.18 11:07:16.323,0.72906,0.72915,1.00,1.57
2016.05.18 11:07:16.832,0.72905,0.72915,1.69,2.32
2016.05.18 11:07:18.725,0.72906,0.72915,1.00,2.25
2016.05.18 11:07:18.827,0.72905,0.72913,1.00,1.00
2016.05.18 11:07:19.160,0.72904,0.72913,1.00,3.75
2016.05.18 11:07:19.667,0.72902,0.72912,1.69,1.50
2016.05.18 11:07:20.247,0.72902,0.72911,1.00,2.81
2016.05.18 11:07:20.754,0.72902,0.72911,1.37,2.81
2016.05.18 11:07:21.249,0.72899,0.72907,1.76,3.00
2016.05.18 11:07:21.553,0.72904,0.72913,1.00,5.06
2016.05.18 11:07:22.687,0.72905,0.72913,1.00,3.56
2016.05.18 11:07:25.202,0.72903,0.72913,1.27,4.31
2016.05.18 11:07:25.708,0.72905,0.72913,1.00,5.06
2016.05.18 11:07:26.227,0.72904,0.72912,1.10,1.19
2016.05.18 11:07:27.479,0.72905,0.72913,1.00,5.06
2016.05.18 11:07:27.988,0.72904,0.72913,1.10,4.31
2016.05.18 11:07:28.696,0.72902,0.72908,1.95,1.00
2016.05.18 11:07:28.748,0.729,0.72907,1.69,1.00
2016.05.18 11:07:28.849,0.72898,0.72905,1.69,1.00
2016.05.18 11:07:28.901,0.72898,0.72905,1.50,1.00
2016.05.18 11:07:29.251,0.72899,0.72908,1.12,1.57
2016.05.18 11:07:29.404,0.72901,0.7291,1.00,1.01
2016.05.18 11:07:29.455,0.72902,0.72912,1.12,3.26
2016.05.18 11:07:29.608,0.72904,0.72912,1.00,3.19
2016.05.18 11:07:29.913,0.72903,0.7291,1.00,1.19
2016.05.18 11:07:30.838,0.72902,0.7291,1.12,1.69
2016.05.18 11:07:31.352,0.729,0.72909,1.87,1.12
2016.05.18 11:07:35.139,0.729,0.72907,1.37,1.00
2016.05.18 11:07:35.190,0.72897,0.72907,3.37,1.25
2016.05.18 11:07:35.389,0.72896,0.72906,1.57,1.50
2016.05.18 11:07:39.710,0.72896,0.72907,1.10,2.51
2016.05.18 11:07:40.645,0.72895,0.72906,1.12,1.50
2016.05.18 11:07:41.199,0.72896,0.72906,1.00,4.12
2016.05.18 11:07:42.139,0.72896,0.72904,1.00,1.00
2016.05.18 11:07:42.443,0.72892,0.72898,1.57,1.00
2016.05.18 11:07:42.595,0.72884,0.72892,1.17,1.19
2016.05.18 11:07:43.209,0.72882,0.7289,1.47,1.00
2016.05.18 11:07:43.261,0.72881,0.72887,1.20,1.00
2016.05.18 11:07:43.413,0.72876,0.72884,1.37,1.00
2016.05.18 11:07:43.515,0.72876,0.72883,1.00,1.12
2016.05.18 11:07:43.667,0.72872,0.7288,1.87,1.19
2016.05.18 11:07:43.718,0.72871,0.7288,1.65,1.19
2016.05.18 11:07:43.869,0.72871,0.72876,1.57,2.44
2016.05.18 11:07:43.920,0.72865,0.72873,1.50,1.69
2016.05.18 11:07:43.971,0.72862,0.72871,1.92,1.19
2016.05.18 11:07:44.225,0.72863,0.72873,1.00,2.89
2016.05.18 11:07:44.276,0.72864,0.72873,1.00,1.29
2016.05.18 11:07:44.780,0.72866,0.72873,1.00,1.19
2016.05.18 11:07:46.659,0.72864,0.72873,1.00,1.19
2016.05.18 11:07:46.710,0.72862,0.72873,1.00,1.69
2016.05.18 11:07:46.761,0.72864,0.72871,1.00,1.29
2016.05.18 11:07:47.136,0.72864,0.72871,1.00,1.64
2016.05.18 11:07:47.239,0.72864,0.72871,1.00,1.19
2016.05.18 11:07:47.392,0.72862,0.72871,1.00,1.26
2016.05.18 11:07:47.444,0.72862,0.72871,1.00,2.14
2016.05.18 11:07:47.496,0.7286,0.72869,1.00,1.07
2016.05.18 11:07:47.599,0.72858,0.72866,1.00,1.69
2016.05.18 11:07:47.957,0.72863,0.7287,1.00,1.37
2016.05.18 11:07:48.008,0.72864,0.72873,1.00,1.39
2016.05.18 11:07:48.059,0.72866,0.72873,1.00,1.66
2016.05.18 11:07:48.564,0.72865,0.72873,1.12,1.29
2016.05.18 11:07:48.887,0.72867,0.72873,1.12,1.19
2016.05.18 11:07:49.494,0.72868,0.72873,1.00,1.19
2016.05.18 11:07:50.688,0.72868,0.72873,1.00,1.19
2016.05.18 11:07:50.790,0.72874,0.72879,1.00,1.76
2016.05.18 11:07:51.011,0.72876,0.7288,1.00,1.25
2016.05.18 11:07:51.533,0.72875,0.72879,1.20,1.25
2016.05.18 11:07:51.892,0.72875,0.72884,1.20,1.69
2016.05.18 11:07:52.224,0.72873,0.72881,1.95,1.19
2016.05.18 11:07:52.530,0.72867,0.72875,1.00,1.37
2016.05.18 11:07:52.732,0.72864,0.72873,1.12,1.12
2016.05.18 11:07:52.784,0.72865,0.72872,1.00,1.76
2016.05.18 11:07:52.835,0.72862,0.72872,1.57,2.14
2016.05.18 11:07:53.361,0.72862,0.7287,1.12,1.12
2016.05.18 11:07:53.767,0.7286,0.72868,1.12,1.37
2016.05.18 11:07:54.115,0.72863,0.72871,1.00,1.39
2016.05.18 11:07:54.167,0.72864,0.72872,1.00,1.19
2016.05.18 11:07:54.825,0.72865,0.72872,1.00,1.19
2016.05.18 11:07:55.304,0.72865,0.72874,1.00,1.57
2016.05.18 11:07:55.558,0.72862,0.72872,1.57,1.00
2016.05.18 11:07:55.761,0.72863,0.72872,1.82,1.00
2016.05.18 11:07:56.267,0.72863,0.72873,1.82,1.00
2016.05.18 11:07:56.781,0.72864,0.72874,1.57,1.50
2016.05.18 11:07:57.303,0.72865,0.72873,1.12,1.00
2016.05.18 11:07:58.391,0.72865,0.72874,1.12,1.50
2016.05.18 11:07:58.956,0.72864,0.72874,1.57,2.25
2016.05.18 11:07:59.559,0.72865,0.72874,1.00,2.25
2016.05.18 11:08:00.014,0.7287,0.72875,1.00,1.69
2016.05.18 11:08:00.249,0.72874,0.72882,1.00,1.39
2016.05.18 11:08:00.704,0.72874,0.72883,1.00,1.19
2016.05.18 11:08:01.216,0.72875,0.72884,1.00,1.69
2016.05.18 11:08:01.571,0.72873,0.72882,1.20,1.19
2016.05.18 11:08:02.077,0.72874,0.72882,1.00,2.44
2016.05.18 11:08:02.636,0.72875,0.72882,1.00,1.31
2016.05.18 11:08:03.224,0.72875,0.72882,1.37,1.19
2016.05.18 11:08:05.078,0.72876,0.72882,1.12,1.19
2016.05.18 11:08:05.129,0.72882,0.72886,1.00,1.10
2016.05.18 11:08:05.295,0.72882,0.7289,1.00,1.19
2016.05.18 11:08:05.822,0.72883,0.7289,1.50,1.19
2016.05.18 11:08:06.350,0.7288,0.7289,1.85,1.31
2016.05.18 11:08:06.401,0.7288,0.72888,1.12,1.00
2016.05.18 11:08:06.502,0.72878,0.72888,1.46,1.12
2016.05.18 11:08:06.554,0.72878,0.72886,1.39,1.00
2016.05.18 11:08:07.069,0.72878,0.72885,1.00,1.00
2016.05.18 11:08:08.083,0.72876,0.72885,1.25,1.00
2016.05.18 11:08:08.547,0.72875,0.72884,1.57,2.06
2016.05.18 11:08:09.205,0.72876,0.72884,1.00,1.69
2016.05.18 11:08:09.710,0.72877,0.72888,1.10,2.51
2016.05.18 11:08:09.817,0.72881,0.72888,1.00,2.32
2016.05.18 11:08:10.121,0.72884,0.72892,1.00,1.31
2016.05.18 11:08:10.528,0.72881,0.7289,1.57,1.25
2016.05.18 11:08:10.579,0.72881,0.72889,1.10,1.75
2016.05.18 11:08:10.844,0.72878,0.72887,1.10,1.69
2016.05.18 11:08:11.350,0.72877,0.72887,1.00,2.44
2016.05.18 11:08:11.908,0.72878,0.72886,1.00,1.50
2016.05.18 11:08:12.616,0.72878,0.72887,1.12,1.62
2016.05.18 11:08:15.600,0.72877,0.72887,1.00,1.69
2016.05.18 11:08:16.159,0.72881,0.72889,1.00,1.01
2016.05.18 11:08:16.311,0.72882,0.72889,1.00,1.19
2016.05.18 11:08:16.533,0.72882,0.72889,1.00,2.51
2016.05.18 11:08:16.636,0.72879,0.72887,1.00,1.75
2016.05.18 11:08:16.740,0.72877,0.72886,1.20,1.19
2016.05.18 11:08:19.737,0.72877,0.72888,1.00,2.44
2016.05.18 11:08:20.810,0.72877,0.72887,1.47,1.56
2016.05.18 11:08:21.125,0.7288,0.72887,1.00,1.56
2016.05.18 11:08:21.430,0.72886,0.7289,1.00,1.25
2016.05.18 11:08:21.481,0.72884,0.7289,1.00,1.19
2016.05.18 11:08:21.532,0.72884,0.72894,1.50,1.76
2016.05.18 11:08:21.634,0.72884,0.72894,1.50,1.31
2016.05.18 11:08:23.937,0.72885,0.72894,1.00,2.06
2016.05.18 11:08:24.518,0.72884,0.72894,1.12,1.31
2016.05.18 11:08:25.081,0.72885,0.72894,1.00,1.31
2016.05.18 11:08:25.587,0.72885,0.72894,1.07,1.31
2016.05.18 11:08:26.334,0.72884,0.72894,1.20,1.31
2016.05.18 11:08:26.891,0.72885,0.72893,1.00,1.19
2016.05.18 11:08:27.043,0.72883,0.72892,1.12,2.06
2016.05.18 11:08:27.551,0.72881,0.72892,1.57,3.19
2016.05.18 11:08:27.653,0.72883,0.72892,1.57,1.31
2016.05.18 11:08:28.009,0.72886,0.72895,1.00,2.44
2016.05.18 11:08:28.515,0.72887,0.72895,1.10,1.69
2016.05.18 11:08:28.920,0.72885,0.72895,1.27,1.69
2016.05.18 11:08:29.480,0.72884,0.72894,1.95,1.69
2016.05.18 11:08:30.129,0.72885,0.72893,1.00,1.37
2016.05.18 11:08:30.769,0.72884,0.72894,1.95,1.50
2016.05.18 11:08:31.283,0.72885,0.72893,1.00,1.87
2016.05.18 11:08:31.696,0.72886,0.72893,1.12,1.37
2016.05.18 11:08:31.747,0.72886,0.72895,1.20,1.69
2016.05.18 11:08:34.371,0.72891,0.72895,1.00,1.25
2016.05.18 11:08:34.422,0.72889,0.72896,1.00,2.25
2016.05.18 11:08:34.567,0.72889,0.72897,1.10,2.44
2016.05.18 11:08:35.226,0.72887,0.72896,1.27,1.25
2016.05.18 11:08:35.771,0.72887,0.72896,1.20,2.44
2016.05.18 11:08:36.227,0.72888,0.72897,1.15,1.31
2016.05.18 11:08:36.793,0.72889,0.72897,1.20,1.56
2016.05.18 11:08:36.844,0.7289,0.72899,1.00,2.06
2016.05.18 11:08:37.148,0.72888,0.72896,1.27,1.31
2016.05.18 11:08:37.453,0.72891,0.72897,1.12,1.19
2016.05.18 11:08:37.504,0.72893,0.729,1.00,1.01
2016.05.18 11:08:38.006,0.72894,0.72901,1.00,1.31
2016.05.18 11:08:38.513,0.72895,0.72902,1.00,2.06
2016.05.18 11:08:39.053,0.72895,0.72905,1.00,2.44
2016.05.18 11:08:39.821,0.72896,0.72904,1.00,1.50
2016.05.18 11:08:40.565,0.72894,0.72905,2.02,2.44
2016.05.18 11:08:41.681,0.72896,0.72905,1.00,2.44
2016.05.18 11:08:42.235,0.72895,0.72904,1.00,1.50
2016.05.18 11:08:43.895,0.72895,0.72906,1.07,5.44
2016.05.18 11:08:44.401,0.72895,0.72904,1.00,1.50
2016.05.18 11:08:45.901,0.72894,0.72901,1.27,1.00
2016.05.18 11:08:46.105,0.7289,0.72898,1.00,1.00
2016.05.18 11:08:46.388,0.72893,0.72901,1.00,2.32
2016.05.18 11:08:47.050,0.72894,0.72901,1.00,1.37
2016.05.18 11:08:47.565,0.72895,0.72902,1.00,1.69
2016.05.18 11:08:47.616,0.72895,0.72902,1.00,1.31
2016.05.18 11:08:49.052,0.72894,0.72904,1.12,2.04
2016.05.18 11:08:54.703,0.72895,0.72905,1.00,2.51
2016.05.18 11:08:55.208,0.72894,0.72905,1.20,3.26
2016.05.18 11:08:57.025,0.72897,0.72903,1.01,1.00
2016.05.18 11:08:57.229,0.72902,0.7291,1.57,1.00
2016.05.18 11:08:57.432,0.72902,0.72912,1.57,1.87
2016.05.18 11:08:57.738,0.72902,0.7291,1.57,1.25
2016.05.18 11:08:58.197,0.72902,0.72913,3.37,1.87
2016.05.18 11:08:58.704,0.72904,0.72913,2.40,1.00
2016.05.18 11:08:58.856,0.72906,0.72913,1.00,1.00
2016.05.18 11:08:58.938,0.72904,0.72913,3.15,1.00
2016.05.18 11:08:59.233,0.7291,0.72916,1.00,1.50
2016.05.18 11:08:59.340,0.7291,0.72919,1.00,1.31
2016.05.18 11:08:59.442,0.72911,0.7292,1.00,1.50
2016.05.18 11:08:59.545,0.7291,0.72917,1.10,1.00
2016.05.18 11:08:59.748,0.72909,0.72919,2.44,1.87
2016.05.18 11:09:00.021,0.72908,0.72918,1.76,1.00
2016.05.18 11:09:00.224,0.72908,0.72916,2.32,1.00
2016.05.18 11:09:00.774,0.72908,0.72917,1.65,1.00
2016.05.18 11:09:01.331,0.72908,0.72916,1.65,1.00
2016.05.18 11:09:01.635,0.72907,0.72913,1.10,1.00
2016.05.18 11:09:02.160,0.72905,0.72913,1.39,1.87
2016.05.18 11:09:02.778,0.72905,0.72913,1.20,1.87
2016.05.18 11:09:03.223,0.72903,0.72911,2.14,1.00
2016.05.18 11:09:03.728,0.72902,0.72912,3.64,1.12
2016.05.18 11:09:04.291,0.72902,0.72911,3.64,1.00
2016.05.18 11:09:06.505,0.72903,0.7291,1.62,1.00
2016.05.18 11:09:06.556,0.72901,0.72911,1.50,1.25
2016.05.18 11:09:06.607,0.729,0.72909,2.51,1.00
2016.05.18 11:09:06.759,0.729,0.72908,1.31,1.00
2016.05.18 11:09:06.861,0.72902,0.72908,1.00,1.37
2016.05.18 11:09:06.963,0.72902,0.72912,1.00,1.94
2016.05.18 11:09:07.167,0.72903,0.72912,1.50,1.19
2016.05.18 11:09:08.458,0.72904,0.72913,1.00,2.44
2016.05.18 11:09:08.646,0.72907,0.72915,1.00,1.31
2016.05.18 11:09:09.053,0.72912,0.72916,1.00,2.25
2016.05.18 11:09:09.336,0.72913,0.72921,1.50,1.69
2016.05.18 11:09:09.387,0.72913,0.72921,1.00,3.19
2016.05.18 11:09:09.489,0.72912,0.72916,1.00,3.00
2016.05.18 11:09:09.592,0.7291,0.72916,1.00,3.37
2016.05.18 11:09:09.644,0.72908,0.72916,1.00,3.37
2016.05.18 11:09:09.749,0.7291,0.72915,1.00,1.00
2016.05.18 11:09:09.802,0.72907,0.72915,1.00,1.00
2016.05.18 11:09:10.072,0.72909,0.72917,1.00,3.00
2016.05.18 11:09:10.224,0.72905,0.72915,1.50,3.37
2016.05.18 11:09:10.377,0.72906,0.72913,1.00,3.75
2016.05.18 11:09:10.479,0.72903,0.72912,1.31,1.50
2016.05.18 11:09:10.530,0.72903,0.72908,1.31,3.00
2016.05.18 11:09:10.683,0.72903,0.7291,1.25,3.75
2016.05.18 11:09:10.941,0.72905,0.72912,1.00,3.37
2016.05.18 11:09:11.295,0.72905,0.72913,1.00,3.37
2016.05.18 11:09:11.498,0.72905,0.72911,1.00,3.00
2016.05.18 11:09:11.869,0.72904,0.7291,1.00,1.37
2016.05.18 11:09:11.920,0.72901,0.72908,2.44,3.00
2016.05.18 11:09:12.022,0.729,0.72908,1.12,3.37
2016.05.18 11:09:12.124,0.72899,0.72905,1.00,3.00
2016.05.18 11:09:12.686,0.72897,0.72904,1.19,2.25
2016.05.18 11:09:13.092,0.72895,0.72904,1.12,2.25
2016.05.18 11:09:14.494,0.72896,0.72904,1.00,3.00
2016.05.18 11:09:15.030,0.72895,0.72904,1.00,3.94
2016.05.18 11:09:15.182,0.72897,0.72904,1.00,3.19
2016.05.18 11:09:16.015,0.72896,0.72905,1.50,3.19
2016.05.18 11:09:17.521,0.72897,0.72905,1.00,3.94
2016.05.18 11:09:18.085,0.72895,0.72905,1.12,3.94
2016.05.18 11:09:18.896,0.72899,0.72904,1.00,3.94
2016.05.18 11:09:19.085,0.72903,0.72907,1.00,1.00
2016.05.18 11:09:19.188,0.72904,0.72909,1.00,1.00
2016.05.18 11:09:19.239,0.72904,0.72911,1.00,3.00
2016.05.18 11:09:19.493,0.72902,0.72911,1.50,3.94
2016.05.18 11:09:20.053,0.72902,0.72906,1.00,3.37
2016.05.18 11:09:20.105,0.72896,0.72906,2.06,2.62
2016.05.18 11:09:20.460,0.72895,0.72905,1.50,3.75
2016.05.18 11:09:20.612,0.72895,0.72904,1.87,4.87
2016.05.18 11:09:21.473,0.72894,0.72904,1.00,6.00
2016.05.18 11:09:21.982,0.72894,0.72902,1.00,3.75
2016.05.18 11:09:23.747,0.72894,0.72901,1.50,3.37
2016.05.18 11:09:24.611,0.72893,0.72899,1.12,3.37
2016.05.18 11:09:25.018,0.72894,0.72902,1.00,3.94
2016.05.18 11:09:25.569,0.72895,0.72902,1.00,3.94
2016.05.18 11:09:26.076,0.72894,0.72901,1.50,1.12
2016.05.18 11:09:27.181,0.72895,0.72901,1.00,1.12
2016.05.18 11:09:27.683,0.72894,0.72901,1.00,1.12
2016.05.18 11:09:28.190,0.72894,0.729,1.00,1.00
2016.05.18 11:09:28.806,0.72892,0.729,1.87,1.00
2016.05.18 11:09:29.312,0.72894,0.729,1.00,1.00
2016.05.18 11:09:29.616,0.72886,0.72891,1.00,1.00
2016.05.18 11:09:30.119,0.72885,0.72894,1.00,3.19
2016.05.18 11:09:30.777,0.72884,0.72894,1.00,3.56
2016.05.18 11:09:32.195,0.72883,0.72894,1.87,3.19
2016.05.18 11:09:32.858,0.72884,0.72894,1.00,3.19
2016.05.18 11:09:34.971,0.72883,0.72891,1.12,1.12
2016.05.18 11:09:35.477,0.72884,0.72893,1.00,2.44
2016.05.18 11:09:35.999,0.72883,0.72893,1.50,2.44
2016.05.18 11:09:37.767,0.72884,0.72893,1.00,1.94
2016.05.18 11:09:38.428,0.72885,0.72893,1.00,2.44
2016.05.18 11:09:38.530,0.72883,0.72893,1.50,1.94
2016.05.18 11:09:40.039,0.72885,0.72891,1.00,1.00
2016.05.18 11:09:40.361,0.72883,0.72891,1.12,1.00
2016.05.18 11:09:42.045,0.72883,0.7289,1.12,1.00
2016.05.18 11:09:43.213,0.72884,0.7289,1.00,1.00
2016.05.18 11:09:44.577,0.72884,0.72893,1.50,2.25
2016.05.18 11:09:44.679,0.72887,0.72895,1.00,1.75
2016.05.18 11:09:44.730,0.72888,0.72895,1.00,1.75
2016.05.18 11:09:44.781,0.72887,0.72895,1.87,1.00
2016.05.18 11:09:44.833,0.72892,0.72896,1.00,2.06
2016.05.18 11:09:44.966,0.72887,0.72895,2.25,1.00
2016.05.18 11:09:45.018,0.72887,0.72893,1.75,1.00
2016.05.18 11:09:45.069,0.72887,0.72893,1.12,1.00
2016.05.18 11:09:45.120,0.72887,0.72895,1.12,1.00
2016.05.18 11:09:45.626,0.72886,0.72896,1.00,1.69
2016.05.18 11:09:46.092,0.72886,0.72894,1.50,1.00
2016.05.18 11:09:47.096,0.72887,0.72895,1.00,1.00
2016.05.18 11:09:47.538,0.72892,0.72896,1.00,1.25
2016.05.18 11:09:47.691,0.72893,0.729,1.50,1.25
2016.05.18 11:09:48.197,0.72893,0.72901,1.50,1.19
2016.05.18 11:09:48.299,0.72892,0.729,1.37,1.25
2016.05.18 11:09:49.766,0.72891,0.72899,1.00,1.00
2016.05.18 11:09:49.868,0.72888,0.72898,2.06,1.12
2016.05.18 11:09:51.123,0.72889,0.72897,1.25,1.00
2016.05.18 11:09:51.327,0.72888,0.72895,1.31,1.00
2016.05.18 11:09:51.429,0.72885,0.72894,1.62,1.12
2016.05.18 11:09:52.441,0.72887,0.72895,1.00,1.37
2016.05.18 11:09:52.593,0.72886,0.72896,1.50,1.12
2016.05.18 11:09:53.078,0.72885,0.72895,1.37,1.56
2016.05.18 11:09:53.434,0.72888,0.72896,1.00,1.50
2016.05.18 11:09:53.485,0.72888,0.72896,1.00,1.12
2016.05.18 11:09:53.991,0.72888,0.72896,1.50,1.00
2016.05.18 11:09:54.136,0.72891,0.72898,1.00,1.50
2016.05.18 11:09:54.187,0.72892,0.72903,1.12,3.94
2016.05.18 11:09:54.490,0.72892,0.72903,1.75,2.44
2016.05.18 11:09:54.592,0.72893,0.72903,1.50,1.00
2016.05.18 11:09:55.181,0.72893,0.72902,1.00,1.00
2016.05.18 11:09:55.688,0.72893,0.72901,1.00,1.00
2016.05.18 11:09:56.194,0.72892,0.72902,2.44,1.50
2016.05.18 11:09:57.254,0.72894,0.72902,1.00,2.25
2016.05.18 11:09:57.305,0.72892,0.72902,2.44,1.50
2016.05.18 11:09:57.407,0.72892,0.72902,2.44,1.00
2016.05.18 11:09:58.025,0.72892,0.72898,2.00,1.00
2016.05.18 11:09:58.177,0.72889,0.72896,1.25,1.00
2016.05.18 11:09:58.430,0.72887,0.72894,1.31,1.00
2016.05.18 11:09:58.764,0.72886,0.72894,1.62,1.00
2016.05.18 11:09:59.531,0.72886,0.72893,1.62,1.00
2016.05.18 11:10:00.068,0.72885,0.72892,1.31,1.00
2016.05.18 11:10:00.423,0.72883,0.72892,1.00,1.50
2016.05.18 11:10:00.981,0.72883,0.72891,1.50,1.00
2016.05.18 11:10:03.407,0.72883,0.7289,1.00,1.00
2016.05.18 11:10:03.510,0.72882,0.72886,1.00,1.00
2016.05.18 11:10:03.613,0.72881,0.72888,1.00,1.00
2016.05.18 11:10:03.714,0.72879,0.72888,1.00,1.50
2016.05.18 11:10:03.817,0.72881,0.72891,1.00,2.44
2016.05.18 11:10:03.919,0.72881,0.72889,1.50,1.00
2016.05.18 11:10:04.428,0.72882,0.7289,1.12,1.00
2016.05.18 11:10:05.352,0.72881,0.72888,1.50,1.00
2016.05.18 11:10:05.534,0.7288,0.72887,1.00,1.00
2016.05.18 11:10:05.686,0.72876,0.72884,3.19,1.00
2016.05.18 11:10:05.838,0.72876,0.72886,2.06,1.12
2016.05.18 11:10:05.999,0.72876,0.72885,2.44,1.00
2016.05.18 11:10:06.914,0.72876,0.72883,1.94,1.00
2016.05.18 11:10:07.508,0.72876,0.72884,2.44,1.00
2016.05.18 11:10:08.015,0.72876,0.72885,2.44,1.00
2016.05.18 11:10:09.015,0.72876,0.72884,2.44,1.00
2016.05.18 11:10:09.066,0.72878,0.72889,1.50,2.81
2016.05.18 11:10:09.218,0.72881,0.72891,1.00,2.00
2016.05.18 11:10:09.321,0.72882,0.72891,1.00,1.25
2016.05.18 11:10:11.240,0.72882,0.72892,2.44,1.00
2016.05.18 11:10:11.768,0.72883,0.72891,1.69,1.00
2016.05.18 11:10:12.674,0.72882,0.72893,2.44,1.12
2016.05.18 11:10:12.725,0.72884,0.72892,1.00,1.50
2016.05.18 11:10:12.827,0.72882,0.72893,1.00,5.44
2016.05.18 11:10:13.131,0.72885,0.72892,1.00,1.00
2016.05.18 11:10:13.284,0.72883,0.72892,1.00,1.00
2016.05.18 11:10:14.029,0.72884,0.72892,1.00,1.50
2016.05.18 11:10:14.080,0.72882,0.72892,2.25,1.00
2016.05.18 11:10:14.623,0.72883,0.72892,1.00,1.00
2016.05.18 11:10:15.126,0.72882,0.72892,2.25,1.00
2016.05.18 11:10:15.177,0.72882,0.7289,1.50,1.00
2016.05.18 11:10:15.481,0.72878,0.72886,1.00,1.12
2016.05.18 11:10:15.735,0.72876,0.72886,1.12,1.12
2016.05.18 11:10:16.245,0.72877,0.72885,1.00,1.00
2016.05.18 11:10:16.787,0.72875,0.72886,1.50,1.87
2016.05.18 11:10:16.839,0.72874,0.72885,1.00,2.00
2016.05.18 11:10:17.226,0.72872,0.72883,1.87,2.25
2016.05.18 11:10:17.328,0.72874,0.72883,1.00,1.50
2016.05.18 11:10:19.301,0.72875,0.72883,1.00,1.50
2016.05.18 11:10:22.153,0.72874,0.72883,1.00,1.50
2016.05.18 11:10:23.957,0.72874,0.72882,1.00,1.50
2016.05.18 11:10:24.462,0.72873,0.72883,1.00,1.75
2016.05.18 11:10:25.616,0.72874,0.72883,1.00,1.75
2016.05.18 11:10:26.060,0.72872,0.72881,1.00,2.06
2016.05.18 11:10:26.365,0.72873,0.72878,1.00,2.62
2016.05.18 11:10:26.467,0.72872,0.72883,1.00,3.19
2016.05.18 11:10:26.980,0.72871,0.72882,1.12,1.75
2016.05.18 11:10:27.081,0.72873,0.72881,1.00,1.75
2016.05.18 11:10:27.435,0.72871,0.72882,1.12,1.75
2016.05.18 11:10:28.020,0.72873,0.72881,1.00,2.25
2016.05.18 11:10:28.273,0.72871,0.7288,1.12,2.25
2016.05.18 11:10:28.426,0.72869,0.72879,1.00,1.50
2016.05.18 11:10:28.679,0.72868,0.72879,1.87,2.25
2016.05.18 11:10:28.831,0.72866,0.72875,1.00,1.12
2016.05.18 11:10:28.882,0.72866,0.72875,1.00,1.50
2016.05.18 11:10:29.383,0.72864,0.72874,1.62,3.37
2016.05.18 11:10:30.838,0.72863,0.72873,1.69,1.00
2016.05.18 11:10:32.479,0.72863,0.72873,1.50,3.94
2016.05.18 11:10:32.987,0.72864,0.72873,1.00,3.94
2016.05.18 11:10:33.522,0.72864,0.72872,1.00,1.00
2016.05.18 11:10:35.270,0.72864,0.72873,1.50,4.31
2016.05.18 11:10:35.928,0.72864,0.72872,1.50,1.00
2016.05.18 11:10:36.238,0.72856,0.72867,1.69,4.12
2016.05.18 11:10:36.289,0.72856,0.72865,1.19,1.00
2016.05.18 11:10:36.593,0.72855,0.72863,2.44,1.00
2016.05.18 11:10:36.898,0.72861,0.72867,1.00,3.75
2016.05.18 11:10:36.950,0.72861,0.72869,1.25,1.12
2016.05.18 11:10:37.001,0.72864,0.72868,1.00,1.00
2016.05.18 11:10:37.185,0.72863,0.72871,1.00,3.00
2016.05.18 11:10:37.236,0.72865,0.72871,1.00,3.00
2016.05.18 11:10:37.742,0.72863,0.72871,1.00,3.00
2016.05.18 11:10:38.316,0.72862,0.72871,1.00,3.00
2016.05.18 11:10:38.856,0.72862,0.7287,2.25,3.00
2016.05.18 11:10:39.059,0.72863,0.72872,1.00,3.75
2016.05.18 11:10:40.598,0.72862,0.72872,1.50,3.75
2016.05.18 11:10:40.910,0.72861,0.72871,1.00,5.44
2016.05.18 11:10:41.214,0.72858,0.72867,1.69,2.62
2016.05.18 11:10:42.149,0.72858,0.72866,1.69,1.00
2016.05.18 11:10:42.662,0.72859,0.72867,1.25,1.00
2016.05.18 11:10:44.035,0.72858,0.72868,1.31,1.75
2016.05.18 11:10:44.339,0.72863,0.72869,1.50,1.00
2016.05.18 11:10:44.787,0.72864,0.72873,1.00,1.00
2016.05.18 11:10:45.321,0.72863,0.72873,3.00,1.00
2016.05.18 11:10:47.214,0.72861,0.72871,1.12,2.06
2016.05.18 11:10:47.720,0.72861,0.7287,1.50,1.12
2016.05.18 11:10:48.078,0.72859,0.72869,2.62,1.37
2016.05.18 11:10:48.382,0.72858,0.72866,1.00,1.00
2016.05.18 11:10:48.888,0.72857,0.72866,1.25,1.00
2016.05.18 11:10:49.821,0.72857,0.72867,1.69,1.00
2016.05.18 11:10:51.331,0.72857,0.72866,1.19,1.00
2016.05.18 11:10:51.483,0.72855,0.72865,1.50,1.00
2016.05.18 11:10:51.788,0.72857,0.72865,1.00,1.50
2016.05.18 11:10:52.371,0.72855,0.72865,1.50,1.00
2016.05.18 11:10:52.625,0.72855,0.72862,1.00,1.00
2016.05.18 11:10:52.828,0.72855,0.72864,1.00,1.00
2016.05.18 11:10:54.240,0.72855,0.72863,1.00,1.00
2016.05.18 11:10:54.756,0.72855,0.72864,1.00,1.00
2016.05.18 11:10:55.263,0.72856,0.72864,1.00,1.00
2016.05.18 11:10:55.769,0.72856,0.72863,1.00,1.00
2016.05.18 11:10:56.845,0.72856,0.72864,1.00,1.00
2016.05.18 11:10:57.365,0.72856,0.72863,1.00,1.00
2016.05.18 11:10:58.101,0.72856,0.72864,1.00,1.00
2016.05.18 11:10:58.910,0.7286,0.72866,1.00,1.31
2016.05.18 11:10:59.145,0.72861,0.72868,1.50,1.00
2016.05.18 11:10:59.248,0.72862,0.72871,1.00,1.69
2016.05.18 11:10:59.657,0.7286,0.72867,1.00,1.00
2016.05.18 11:11:00.202,0.7286,0.72868,1.00,1.00
2016.05.18 11:11:00.711,0.72859,0.72868,1.50,1.00
2016.05.18 11:11:01.067,0.72859,0.72866,1.00,1.00
2016.05.18 11:11:01.854,0.72859,0.72869,1.00,1.50
2016.05.18 11:11:01.955,0.7286,0.72868,1.37,1.00
2016.05.18 11:11:02.158,0.72862,0.7287,1.12,1.25
2016.05.18 11:11:02.704,0.72862,0.7287,1.50,1.00
2016.05.18 11:11:03.211,0.72862,0.72869,1.12,1.00
2016.05.18 11:11:03.752,0.72861,0.72868,1.00,1.00
2016.05.18 11:11:04.916,0.72861,0.72867,1.00,1.00
2016.05.18 11:11:05.018,0.72856,0.72865,1.69,1.00
2016.05.18 11:11:05.524,0.72856,0.72864,1.69,1.00
2016.05.18 11:11:06.094,0.72856,0.72863,1.69,1.00
2016.05.18 11:11:06.711,0.72856,0.72864,1.69,1.00
2016.05.18 11:11:07.096,0.72853,0.72862,2.44,1.00
2016.05.18 11:11:07.602,0.72853,0.72861,1.31,1.00
2016.05.18 11:11:08.114,0.72852,0.72863,2.44,1.12
2016.05.18 11:11:08.165,0.72852,0.72863,3.19,1.00
2016.05.18 11:11:09.302,0.72854,0.72865,1.50,2.06
2016.05.18 11:11:10.201,0.72856,0.72866,1.00,3.19
2016.05.18 11:11:17.107,0.72857,0.72865,1.00,1.56
2016.05.18 11:11:23.833,0.72856,0.72865,1.12,1.56
2016.05.18 11:11:24.835,0.72856,0.72865,1.12,1.25
2016.05.18 11:11:27.803,0.72856,0.72864,1.12,1.00
2016.05.18 11:11:28.352,0.72854,0.72865,1.37,3.19
2016.05.18 11:11:36.167,0.72857,0.72865,1.00,2.44
2016.05.18 11:11:36.218,0.72857,0.72865,1.50,1.69
2016.05.18 11:11:37.940,0.72855,0.72865,1.69,2.25
2016.05.18 11:11:42.037,0.72855,0.72865,1.00,3.19
2016.05.18 11:11:42.556,0.72853,0.72863,1.31,1.87
2016.05.18 11:11:45.219,0.72854,0.72862,1.00,1.00
2016.05.18 11:11:46.226,0.72855,0.72862,1.00,1.00
2016.05.18 11:11:46.328,0.72852,0.72861,1.69,1.12
2016.05.18 11:11:46.379,0.72851,0.7286,1.50,1.62
2016.05.18 11:11:46.684,0.7285,0.72859,1.50,2.25
2016.05.18 11:11:47.218,0.72849,0.72858,1.00,2.44
2016.05.18 11:11:47.951,0.72852,0.72856,1.00,1.00
2016.05.18 11:11:48.155,0.72852,0.7286,1.37,1.12
2016.05.18 11:11:48.474,0.72848,0.72859,2.25,1.31
2016.05.18 11:11:48.627,0.72852,0.7286,1.00,2.00
2016.05.18 11:11:49.135,0.72852,0.72859,1.50,1.19
2016.05.18 11:11:49.659,0.72852,0.72859,1.00,1.19
2016.05.18 11:11:50.166,0.72851,0.72859,1.50,1.69
2016.05.18 11:11:50.689,0.72852,0.72859,1.12,1.19
2016.05.18 11:11:51.407,0.72854,0.72859,1.00,1.19
2016.05.18 11:11:51.911,0.72853,0.72859,1.00,1.19
2016.05.18 11:11:52.418,0.72852,0.72859,1.12,1.19
2016.05.18 11:11:52.851,0.7285,0.72858,1.12,1.31
2016.05.18 11:11:53.260,0.72851,0.72859,1.37,1.19
2016.05.18 11:11:53.645,0.72855,0.72859,1.00,1.25
2016.05.18 11:11:54.156,0.72854,0.72859,1.00,1.19
2016.05.18 11:11:54.970,0.72855,0.72859,1.00,1.25
2016.05.18 11:11:55.600,0.72854,0.72859,1.00,1.19
2016.05.18 11:11:57.185,0.72854,0.72859,1.37,1.25
2016.05.18 11:11:59.488,0.72853,0.72859,1.00,1.19
2016.05.18 11:12:00.298,0.7285,0.72859,3.00,1.69
2016.05.18 11:12:00.349,0.72849,0.72858,2.25,1.25
2016.05.18 11:12:00.451,0.72849,0.72856,1.00,1.00
2016.05.18 11:12:00.953,0.72847,0.72856,1.37,2.06
2016.05.18 11:12:01.055,0.72845,0.72853,1.12,1.25
2016.05.18 11:12:01.207,0.72844,0.72853,1.50,1.62
2016.05.18 11:12:01.701,0.72844,0.72853,1.50,1.31
2016.05.18 11:12:02.107,0.72844,0.72854,1.87,1.69
2016.05.18 11:12:04.099,0.72844,0.72854,1.50,2.06
2016.05.18 11:12:05.522,0.72844,0.72852,1.50,1.25
2016.05.18 11:12:05.776,0.72844,0.72848,1.12,1.00
2016.05.18 11:12:05.878,0.72841,0.72847,1.00,1.00
2016.05.18 11:12:05.929,0.72839,0.72847,1.12,1.37
2016.05.18 11:12:05.980,0.72839,0.72844,1.00,1.12
2016.05.18 11:12:06.031,0.72837,0.72845,1.12,1.37
2016.05.18 11:12:06.542,0.72836,0.72845,2.25,1.12
2016.05.18 11:12:06.799,0.72835,0.72842,1.37,1.00
2016.05.18 11:12:06.951,0.72833,0.72843,2.25,1.00
2016.05.18 11:12:07.512,0.72834,0.72845,1.37,2.06
2016.05.18 11:12:08.304,0.72833,0.72842,3.00,1.00
2016.05.18 11:12:08.811,0.72833,0.72841,1.87,1.25
2016.05.18 11:12:08.948,0.72833,0.72841,1.00,1.31
2016.05.18 11:12:09.454,0.72834,0.72842,1.00,1.19
2016.05.18 11:12:10.164,0.72832,0.72842,3.75,1.69
2016.05.18 11:12:10.670,0.72833,0.72842,1.50,1.69
2016.05.18 11:12:11.180,0.72832,0.72842,3.00,1.69
2016.05.18 11:12:11.334,0.72832,0.72836,1.87,1.00
2016.05.18 11:12:11.689,0.7283,0.72835,1.00,1.69
2016.05.18 11:12:11.741,0.72829,0.72834,1.00,1.25
2016.05.18 11:12:11.844,0.72825,0.72834,1.50,1.37
2016.05.18 11:12:12.351,0.72826,0.72834,1.00,1.37
2016.05.18 11:12:12.926,0.72825,0.72835,1.12,1.69
2016.05.18 11:12:13.131,0.72826,0.72835,1.37,1.31
2016.05.18 11:12:14.270,0.7283,0.72834,1.00,1.31
2016.05.18 11:12:14.423,0.7283,0.72835,1.00,1.12
2016.05.18 11:12:14.930,0.7283,0.72837,1.00,1.69
2016.05.18 11:12:16.651,0.72832,0.72838,1.12,1.19
2016.05.18 11:12:17.161,0.72833,0.72838,1.50,1.19
2016.05.18 11:12:17.314,0.72833,0.72842,1.50,1.69
2016.05.18 11:12:17.833,0.72834,0.72842,1.00,1.69
2016.05.18 11:12:18.339,0.72833,0.72842,1.87,1.19
2016.05.18 11:12:18.861,0.72835,0.72842,1.00,1.19
2016.05.18 11:12:19.267,0.72835,0.72843,1.00,1.00
2016.05.18 11:12:19.773,0.72835,0.72844,1.37,1.31
2016.05.18 11:12:20.279,0.72834,0.72843,1.87,1.00
2016.05.18 11:12:20.786,0.72834,0.72844,2.62,1.31
2016.05.18 11:12:21.744,0.72833,0.72844,1.75,2.44
2016.05.18 11:12:26.043,0.72837,0.72844,1.00,1.69
2016.05.18 11:12:26.579,0.72836,0.72846,1.00,1.94
2016.05.18 11:12:27.086,0.72835,0.72846,1.12,2.44
2016.05.18 11:12:28.138,0.72836,0.72844,1.00,1.69
2016.05.18 11:12:30.213,0.72835,0.72845,1.12,1.94
2016.05.18 11:12:30.518,0.72837,0.72846,1.00,2.44
2016.05.18 11:12:31.027,0.72837,0.72845,1.00,1.19
2016.05.18 11:12:34.053,0.72836,0.72845,1.00,1.19
2016.05.18 11:12:34.621,0.72837,0.72845,1.00,1.69
2016.05.18 11:12:34.925,0.72838,0.72846,1.37,1.19
2016.05.18 11:12:35.063,0.72838,0.72846,1.12,1.19
2016.05.18 11:12:35.824,0.72842,0.72846,1.00,1.25
2016.05.18 11:12:35.875,0.72844,0.7285,1.00,1.94
2016.05.18 11:12:36.757,0.72843,0.7285,1.87,1.19
2016.05.18 11:12:38.412,0.72844,0.7285,1.00,1.19
2016.05.18 11:12:38.513,0.72844,0.72852,1.00,1.19
2016.05.18 11:12:38.564,0.72846,0.72852,1.00,1.19
2016.05.18 11:12:39.070,0.72846,0.72854,1.37,1.19
2016.05.18 11:12:42.886,0.72845,0.72855,1.12,2.81
2016.05.18 11:12:43.442,0.72843,0.7285,1.87,1.00
2016.05.18 11:12:43.493,0.72843,0.7285,1.87,1.00
2016.05.18 11:12:43.544,0.72843,0.72852,1.87,1.00
2016.05.18 11:12:44.792,0.72843,0.72851,1.12,1.00
2016.05.18 11:12:46.456,0.72843,0.72851,1.50,1.00
2016.05.18 11:12:46.507,0.72843,0.7285,1.75,1.00
2016.05.18 11:12:46.558,0.72843,0.72852,1.75,1.00
2016.05.18 11:12:50.161,0.72843,0.7285,3.00,1.00
2016.05.18 11:12:50.681,0.72843,0.72851,3.00,1.00
2016.05.18 11:12:50.903,0.72843,0.72853,3.75,1.25
2016.05.18 11:12:54.022,0.72849,0.72855,1.00,2.06
2016.05.18 11:12:54.228,0.72856,0.72862,1.00,1.00
2016.05.18 11:12:54.330,0.72858,0.72866,1.00,2.00
2016.05.18 11:12:54.634,0.7286,0.72867,1.00,2.44
2016.05.18 11:12:56.376,0.72859,0.72867,1.00,1.69
2016.05.18 11:12:56.731,0.72861,0.72867,1.00,1.69
2016.05.18 11:12:56.834,0.72863,0.7287,1.00,1.09
2016.05.18 11:12:56.885,0.72865,0.72872,1.00,2.06
2016.05.18 11:12:57.480,0.72865,0.72872,1.37,1.19
2016.05.18 11:12:57.885,0.72865,0.72875,1.37,1.62
2016.05.18 11:12:58.884,0.7287,0.72876,1.00,1.69
2016.05.18 11:12:59.088,0.72872,0.72879,1.00,1.50
2016.05.18 11:12:59.139,0.72872,0.72879,1.00,1.00
2016.05.18 11:12:59.292,0.72871,0.72881,1.25,1.00
2016.05.18 11:12:59.344,0.72872,0.72878,1.00,1.00
2016.05.18 11:12:59.496,0.72865,0.72873,1.69,1.00
2016.05.18 11:13:00.044,0.72865,0.72874,1.00,1.00
2016.05.18 11:13:00.602,0.72866,0.72874,1.00,1.00
2016.05.18 11:13:01.058,0.72866,0.72872,1.00,1.00
2016.05.18 11:13:01.110,0.72864,0.72872,1.50,1.00
2016.05.18 11:13:01.212,0.72864,0.7287,1.00,1.00
2016.05.18 11:13:01.315,0.72862,0.7287,3.19,1.00
2016.05.18 11:13:02.226,0.72862,0.72869,1.25,1.00
2016.05.18 11:13:02.733,0.7286,0.72868,1.69,1.00
2016.05.18 11:13:02.937,0.7286,0.72868,1.00,1.00
2016.05.18 11:13:03.438,0.7286,0.72867,1.00,1.00
2016.05.18 11:13:03.700,0.7286,0.72869,1.00,1.25
2016.05.18 11:13:04.055,0.72859,0.72866,1.25,1.00
2016.05.18 11:13:04.562,0.72859,0.72867,1.25,1.00
2016.05.18 11:13:05.301,0.72859,0.72869,1.69,1.25
2016.05.18 11:13:05.656,0.7286,0.72867,1.00,1.00
2016.05.18 11:13:05.707,0.7286,0.72869,1.00,1.25
2016.05.18 11:13:05.758,0.7286,0.72867,1.00,1.00
2016.05.18 11:13:06.265,0.72861,0.72867,1.00,1.00
2016.05.18 11:13:06.775,0.7286,0.72867,1.00,1.00
2016.05.18 11:13:08.261,0.72858,0.72867,1.19,1.00
2016.05.18 11:13:09.243,0.72859,0.72866,1.25,1.00
2016.05.18 11:13:09.547,0.72859,0.72868,1.25,1.50
2016.05.18 11:13:10.171,0.72859,0.72867,1.25,1.00
2016.05.18 11:13:10.677,0.7286,0.72868,1.00,1.00
2016.05.18 11:13:11.174,0.72858,0.72866,2.44,1.00
2016.05.18 11:13:11.680,0.72858,0.72866,1.00,1.00
2016.05.18 11:13:11.731,0.72856,0.72866,1.50,1.00
2016.05.18 11:13:11.978,0.72858,0.72866,1.00,1.00
2016.05.18 11:13:12.736,0.72858,0.72867,1.00,1.25
2016.05.18 11:13:13.255,0.72859,0.72866,1.00,1.00
2016.05.18 11:13:13.761,0.72858,0.72866,1.50,1.00
2016.05.18 11:13:14.111,0.7286,0.72866,1.00,1.00
2016.05.18 11:13:14.633,0.7286,0.72868,1.00,1.19
2016.05.18 11:13:15.139,0.72859,0.72868,1.00,1.19
2016.05.18 11:13:15.691,0.72859,0.72868,1.00,1.00
2016.05.18 11:13:16.046,0.72867,0.72871,1.00,2.14
2016.05.18 11:13:16.250,0.72871,0.72879,1.00,1.00
2016.05.18 11:13:16.301,0.72871,0.72877,1.00,1.00
2016.05.18 11:13:16.477,0.72868,0.72877,1.25,1.00
2016.05.18 11:13:20.354,0.72869,0.72879,1.50,3.26
2016.05.18 11:13:20.506,0.72871,0.72878,1.00,1.25
2016.05.18 11:13:20.658,0.72872,0.7288,1.00,1.50
2016.05.18 11:13:20.862,0.72873,0.72882,1.37,1.31
2016.05.18 11:13:21.375,0.72875,0.72884,1.12,1.87
2016.05.18 11:13:21.730,0.72873,0.72883,1.12,1.12
2016.05.18 11:13:22.252,0.72872,0.72882,1.12,1.12
2016.05.18 11:13:22.557,0.72872,0.72882,1.75,1.12
2016.05.18 11:13:23.065,0.72873,0.72881,1.00,1.87
2016.05.18 11:13:23.713,0.72872,0.72881,1.00,1.12
2016.05.18 11:13:24.218,0.72873,0.72881,1.00,1.12
2016.05.18 11:13:25.062,0.7287,0.7288,1.50,1.00
2016.05.18 11:13:25.114,0.72871,0.72878,1.12,1.00
2016.05.18 11:13:25.417,0.7287,0.72878,1.00,1.50
2016.05.18 11:13:29.205,0.72869,0.72878,1.00,2.25
2016.05.18 11:13:31.034,0.72868,0.72878,1.12,1.50
2016.05.18 11:13:31.389,0.72866,0.72874,1.50,1.00
2016.05.18 11:13:31.691,0.72865,0.72874,1.00,1.94
2016.05.18 11:13:31.793,0.72867,0.72875,1.00,1.00
2016.05.18 11:13:32.301,0.72868,0.72877,1.12,2.02
2016.05.18 11:13:33.428,0.72869,0.72877,1.00,1.37
2016.05.18 11:13:33.961,0.72868,0.72878,1.87,1.76
2016.05.18 11:13:34.467,0.72869,0.72878,1.00,1.76
2016.05.18 11:13:35.013,0.72868,0.72878,1.87,1.76
2016.05.18 11:13:35.616,0.72869,0.72877,1.00,1.37
2016.05.18 11:13:36.948,0.72868,0.72877,1.12,1.87
2016.05.18 11:13:40.644,0.72867,0.72875,1.37,1.00
2016.05.18 11:13:40.847,0.72865,0.72872,2.44,1.00
2016.05.18 11:13:41.001,0.72863,0.72869,1.00,1.00
2016.05.18 11:13:41.052,0.72863,0.72871,1.50,2.25
2016.05.18 11:13:41.104,0.72862,0.7287,1.50,1.87
2016.05.18 11:13:41.206,0.72862,0.72872,2.06,3.00
2016.05.18 11:13:41.257,0.72865,0.7287,1.00,1.37
2016.05.18 11:13:41.308,0.72865,0.72874,1.12,2.70
2016.05.18 11:13:41.563,0.72861,0.7287,1.94,1.00
2016.05.18 11:13:41.816,0.72858,0.72867,1.00,1.62
2016.05.18 11:13:41.918,0.72856,0.72865,2.06,1.12
2016.05.18 11:13:42.020,0.72857,0.72865,1.19,1.12
2016.05.18 11:13:42.122,0.72856,0.72865,1.00,1.37
2016.05.18 11:13:42.223,0.72857,0.72864,1.19,1.00
2016.05.18 11:13:42.325,0.72856,0.72864,1.00,1.00
2016.05.18 11:13:42.865,0.72857,0.72865,1.12,1.31
2016.05.18 11:13:43.827,0.72858,0.72866,1.00,1.56
2016.05.18 11:13:44.435,0.72856,0.72867,3.75,2.44
2016.05.18 11:13:46.130,0.72861,0.72867,1.00,1.94
2016.05.18 11:13:46.282,0.72862,0.72871,1.00,1.94
2016.05.18 11:13:46.680,0.7286,0.72868,1.00,1.00
2016.05.18 11:13:46.731,0.72859,0.72866,1.37,1.00
2016.05.18 11:13:47.240,0.72859,0.72867,1.00,1.50
2016.05.18 11:13:47.545,0.72857,0.72866,1.19,1.50
2016.05.18 11:13:48.051,0.72857,0.72866,1.00,1.69
2016.05.18 11:13:50.163,0.72857,0.72866,1.12,1.31
2016.05.18 11:13:53.844,0.72857,0.72865,2.62,1.00
2016.05.18 11:13:54.740,0.72857,0.72866,2.25,1.25
2016.05.18 11:13:55.266,0.72857,0.72865,1.87,1.00
2016.05.18 11:13:56.718,0.72857,0.72866,1.87,1.25
2016.05.18 11:13:57.272,0.72857,0.72866,2.62,1.25
2016.05.18 11:13:57.838,0.72857,0.72866,1.87,1.25
2016.05.18 11:13:58.564,0.72858,0.72867,1.37,1.19
2016.05.18 11:13:59.129,0.72859,0.72868,1.37,1.00
2016.05.18 11:13:59.283,0.72861,0.72871,1.37,1.19
2016.05.18 11:13:59.690,0.72864,0.72871,1.00,1.00
2016.05.18 11:13:59.943,0.72864,0.72873,1.00,1.25
2016.05.18 11:14:00.263,0.72864,0.72874,2.62,1.19
2016.05.18 11:14:01.027,0.72866,0.72874,1.12,1.00
2016.05.18 11:14:03.976,0.72866,0.72874,1.37,1.00
2016.05.18 11:14:05.931,0.72865,0.72873,1.75,1.00
2016.05.18 11:14:06.032,0.72864,0.72873,2.44,1.00
2016.05.18 11:14:06.283,0.72864,0.72873,1.69,1.00
2016.05.18 11:14:07.091,0.72864,0.72872,2.44,1.00
2016.05.18 11:14:13.006,0.72864,0.72873,1.69,1.00
2016.05.18 11:14:15.015,0.72864,0.72872,2.44,1.00
2016.05.18 11:14:16.700,0.72863,0.72872,1.94,1.00
2016.05.18 11:14:17.233,0.72863,0.72871,2.44,1.00
2016.05.18 11:14:20.464,0.72863,0.7287,1.69,1.00
2016.05.18 11:14:20.668,0.72859,0.72866,1.00,1.69
2016.05.18 11:14:20.921,0.72855,0.72862,2.25,1.00
2016.05.18 11:14:24.553,0.72855,0.72861,1.00,1.00
2016.05.18 11:14:24.604,0.72853,0.72857,1.12,1.00
2016.05.18 11:14:24.808,0.72846,0.72854,2.25,1.00
2016.05.18 11:14:24.859,0.72846,0.72854,1.50,1.00
2016.05.18 11:14:25.798,0.72846,0.72855,1.00,1.12
2016.05.18 11:14:27.157,0.72846,0.72854,1.00,1.00
2016.05.18 11:14:27.562,0.72844,0.72852,1.00,1.00
2016.05.18 11:14:28.234,0.72843,0.72852,2.25,1.00
2016.05.18 11:14:29.004,0.72843,0.72852,2.44,1.00
2016.05.18 11:14:29.426,0.72843,0.72852,2.25,1.00
2016.05.18 11:14:31.569,0.72843,0.72853,1.50,1.50
2016.05.18 11:14:36.504,0.72844,0.72853,1.00,1.50
2016.05.18 11:14:41.981,0.72843,0.72853,2.06,1.50
2016.05.18 11:14:42.486,0.72844,0.72853,1.50,1.00
2016.05.18 11:14:43.990,0.72844,0.72853,1.12,1.37
2016.05.18 11:14:47.902,0.72848,0.72856,1.00,3.19
2016.05.18 11:14:48.106,0.72851,0.72861,1.37,2.44
2016.05.18 11:14:48.208,0.72852,0.72861,1.69,1.50
2016.05.18 11:14:48.310,0.72852,0.72861,3.00,1.69
2016.05.18 11:14:49.134,0.72852,0.72861,2.44,1.00
2016.05.18 11:14:50.105,0.72852,0.72862,2.44,1.00
2016.05.18 11:14:51.645,0.72854,0.72863,2.44,1.00
2016.05.18 11:14:54.182,0.72855,0.72864,1.50,1.00
2016.05.18 11:14:54.689,0.72855,0.72865,1.50,1.12
2016.05.18 11:14:55.519,0.72855,0.72864,1.50,1.00
2016.05.18 11:14:55.570,0.72854,0.72861,2.44,1.00
2016.05.18 11:14:56.078,0.72852,0.72861,2.44,1.00
2016.05.18 11:14:56.934,0.72852,0.72863,2.00,1.69
2016.05.18 11:15:05.539,0.72854,0.72864,3.19,1.12
2016.05.18 11:15:07.127,0.72857,0.72865,1.00,1.00
2016.05.18 11:15:07.934,0.72855,0.72864,3.19,1.00
2016.05.18 11:15:08.975,0.72857,0.72867,1.12,1.12
2016.05.18 11:15:09.489,0.72858,0.72868,1.00,2.25
2016.05.18 11:15:09.995,0.72859,0.72867,1.00,1.87
2016.05.18 11:15:10.864,0.7286,0.72867,1.00,1.00
2016.05.18 11:15:10.966,0.72861,0.7287,1.12,2.25
2016.05.18 11:15:11.271,0.72859,0.72867,1.19,1.00
2016.05.18 11:15:11.676,0.72857,0.72867,2.25,2.25
2016.05.18 11:15:12.181,0.72858,0.72867,1.00,2.25
2016.05.18 11:15:12.687,0.72857,0.72866,2.25,1.00
2016.05.18 11:15:13.881,0.72859,0.72867,1.00,1.00
2016.05.18 11:15:14.332,0.7286,0.72869,1.00,2.62
2016.05.18 11:15:15.085,0.72859,0.72869,1.12,2.62
2016.05.18 11:15:15.237,0.72858,0.72867,1.00,1.12
2016.05.18 11:15:15.648,0.72857,0.72866,1.00,2.25
2016.05.18 11:15:16.705,0.72856,0.72865,1.12,1.37
2016.05.18 11:15:17.162,0.72856,0.72866,1.50,1.12
2016.05.18 11:15:17.774,0.72859,0.72867,1.00,2.81
2016.05.18 11:15:18.299,0.72857,0.72867,1.37,2.06
2016.05.18 11:15:23.961,0.72857,0.72867,1.50,1.00
2016.05.18 11:15:24.494,0.72857,0.72866,1.00,1.00
2016.05.18 11:15:25.313,0.72858,0.72867,1.00,1.00
2016.05.18 11:15:26.105,0.72859,0.72867,1.00,1.50
2016.05.18 11:15:27.061,0.72858,0.72867,1.00,1.00
2016.05.18 11:15:27.568,0.72858,0.72868,1.12,1.31
2016.05.18 11:15:30.305,0.7286,0.72868,1.00,2.06
2016.05.18 11:15:30.654,0.72866,0.72875,1.00,3.19
2016.05.18 11:15:34.561,0.72867,0.72877,1.00,2.44
2016.05.18 11:15:34.612,0.72868,0.72876,1.00,1.00
2016.05.18 11:15:35.118,0.72868,0.72879,1.12,3.19
2016.05.18 11:15:35.616,0.7287,0.72878,1.12,1.31
2016.05.18 11:15:35.921,0.72875,0.72882,1.00,1.19
2016.05.18 11:15:36.278,0.72873,0.72879,1.00,1.00
2016.05.18 11:15:36.526,0.72868,0.72878,1.31,1.12
2016.05.18 11:15:37.010,0.72867,0.72875,1.00,1.00
2016.05.18 11:15:37.314,0.72869,0.72878,1.37,1.31
2016.05.18 11:15:37.749,0.72871,0.7288,1.00,2.06
2016.05.18 11:15:37.954,0.72868,0.72878,3.19,1.00
2016.05.18 11:15:38.057,0.72868,0.72878,1.00,2.25
2016.05.18 11:15:38.210,0.72867,0.72877,1.12,1.50
2016.05.18 11:15:38.716,0.72867,0.72876,1.00,1.75
2016.05.18 11:15:38.918,0.72867,0.72877,1.00,1.69
2016.05.18 11:15:40.214,0.72866,0.72877,1.31,1.69
2016.05.18 11:15:40.568,0.72868,0.72876,1.00,1.12
2016.05.18 11:15:41.119,0.72867,0.72876,1.00,1.12
2016.05.18 11:15:42.668,0.72867,0.72877,1.12,1.25
2016.05.18 11:15:44.807,0.72868,0.72878,1.00,2.44
2016.05.18 11:15:45.340,0.72869,0.72878,1.00,2.44
2016.05.18 11:15:55.580,0.72869,0.72878,1.69,1.00
2016.05.18 11:15:55.929,0.72875,0.72883,1.12,1.25
2016.05.18 11:16:02.207,0.72874,0.72885,1.50,3.19
2016.05.18 11:16:02.510,0.7287,0.72877,1.00,1.12
2016.05.18 11:16:02.561,0.72868,0.72877,1.00,1.12
2016.05.18 11:16:04.857,0.72867,0.72877,1.12,1.12
2016.05.18 11:16:04.959,0.72866,0.72875,1.00,1.00
2016.05.18 11:16:05.316,0.72864,0.72875,1.37,1.50
2016.05.18 11:16:05.418,0.72863,0.72872,2.25,1.50
2016.05.18 11:16:05.928,0.72864,0.72873,1.25,1.75
2016.05.18 11:16:06.434,0.72862,0.72871,1.00,1.87
2016.05.18 11:16:06.536,0.7286,0.7287,1.69,1.12
2016.05.18 11:16:06.638,0.72859,0.72868,1.69,1.37
2016.05.18 11:16:07.182,0.72858,0.72866,1.19,1.00
2016.05.18 11:16:07.435,0.72857,0.72866,1.00,1.00
2016.05.18 11:16:08.221,0.72858,0.72866,1.00,1.50
2016.05.18 11:16:09.251,0.72857,0.72867,1.12,1.50
2016.05.18 11:16:09.766,0.72857,0.72867,1.50,1.50
2016.05.18 11:16:10.272,0.72858,0.72867,1.00,1.50
2016.05.18 11:16:16.169,0.72859,0.72867,1.00,2.25
2016.05.18 11:16:16.472,0.72857,0.72867,1.50,1.50
2016.05.18 11:16:18.929,0.72858,0.72867,1.00,1.50
2016.05.18 11:16:19.082,0.72856,0.72867,1.62,3.00
2016.05.18 11:16:21.017,0.72858,0.72868,1.00,1.75
2016.05.18 11:16:22.485,0.72859,0.72867,1.00,1.75
2016.05.18 11:16:22.996,0.72858,0.72867,1.00,1.75
2016.05.18 11:16:23.988,0.72858,0.72867,1.00,1.75
2016.05.18 11:16:24.494,0.72857,0.72866,1.00,2.25
2016.05.18 11:16:25.047,0.72855,0.72866,1.00,3.19
2016.05.18 11:16:26.449,0.72856,0.72866,1.00,2.44
2016.05.18 11:16:26.955,0.72857,0.72865,1.00,1.50
2016.05.18 11:16:27.610,0.72857,0.72866,1.00,2.81
2016.05.18 11:16:28.966,0.72858,0.72867,1.00,2.44
2016.05.18 11:16:29.220,0.7286,0.72867,1.00,1.00
2016.05.18 11:16:29.271,0.7286,0.72869,1.00,2.06
2016.05.18 11:16:29.474,0.7286,0.72869,1.00,2.81
2016.05.18 11:16:35.227,0.72857,0.72867,2.25,1.31
2016.05.18 11:16:35.531,0.72856,0.72865,1.00,1.94
2016.05.18 11:16:36.263,0.72857,0.72865,1.00,1.94
2016.05.18 11:16:36.314,0.72856,0.72866,1.00,2.44
2016.05.18 11:16:39.464,0.72855,0.72866,1.12,3.19
2016.05.18 11:16:39.515,0.72855,0.72864,1.00,1.62
2016.05.18 11:16:39.819,0.72853,0.72862,1.25,1.75
2016.05.18 11:16:40.581,0.7285,0.72861,3.00,1.69
2016.05.18 11:16:40.887,0.72849,0.72859,1.00,5.25
2016.05.18 11:16:41.401,0.72848,0.72859,1.25,4.50
2016.05.18 11:16:41.924,0.72849,0.72857,1.00,1.69
2016.05.18 11:16:42.026,0.72847,0.72858,1.87,2.44
2016.05.18 11:16:42.756,0.72848,0.72858,1.00,2.44
2016.05.18 11:16:43.274,0.72849,0.72858,1.00,2.44
2016.05.18 11:16:44.726,0.72848,0.72857,1.00,1.69
2016.05.18 11:16:46.717,0.72849,0.72857,1.00,1.69
2016.05.18 11:16:46.819,0.72847,0.72858,1.87,1.94
2016.05.18 11:16:49.638,0.72849,0.72858,1.00,1.94
2016.05.18 11:16:49.689,0.72849,0.72858,1.12,1.56
2016.05.18 11:16:50.247,0.7285,0.72859,1.00,1.31
2016.05.18 11:16:50.797,0.7285,0.72859,1.37,1.31
2016.05.18 11:16:54.002,0.72851,0.7286,1.37,1.12
2016.05.18 11:16:55.493,0.72853,0.72861,1.00,1.62
2016.05.18 11:16:56.004,0.72853,0.72863,1.87,1.56
2016.05.18 11:16:56.711,0.72853,0.72862,1.00,1.69
2016.05.18 11:16:57.065,0.72851,0.72861,1.50,1.62
2016.05.18 11:16:58.867,0.7285,0.7286,1.00,1.50
2016.05.18 11:16:59.373,0.72851,0.7286,1.12,1.12
2016.05.18 11:16:59.677,0.72855,0.72862,1.00,1.19
2016.05.18 11:17:00.234,0.72855,0.72865,1.00,2.44
2016.05.18 11:17:01.556,0.72855,0.72866,1.12,1.69
2016.05.18 11:17:01.607,0.72857,0.72867,1.00,2.44
2016.05.18 11:17:11.045,0.72857,0.72866,1.00,1.50
2016.05.18 11:17:23.560,0.72856,0.72867,1.12,3.37
2016.05.18 11:17:24.625,0.72857,0.72866,1.00,1.94
2016.05.18 11:17:25.494,0.72856,0.72866,1.00,1.94
2016.05.18 11:17:25.799,0.72855,0.72863,1.00,1.50
2016.05.18 11:17:25.901,0.72853,0.72863,1.25,1.87
2016.05.18 11:17:28.424,0.72852,0.72862,1.87,2.44
2016.05.18 11:17:28.716,0.72851,0.72862,1.00,3.19
2016.05.18 11:17:32.616,0.72853,0.72862,1.00,2.44
2016.05.18 11:17:32.849,0.72853,0.7286,1.00,1.00
2016.05.18 11:17:33.052,0.72851,0.7286,1.00,1.00
2016.05.18 11:17:33.661,0.72852,0.7286,1.00,1.00
2016.05.18 11:17:40.282,0.72854,0.7286,1.00,1.00
2016.05.18 11:17:40.803,0.72855,0.72863,1.00,1.19
2016.05.18 11:17:40.855,0.72855,0.72864,1.00,1.00
2016.05.18 11:17:43.936,0.72856,0.72864,1.00,1.00
2016.05.18 11:17:44.439,0.72857,0.72865,1.00,1.69
2016.05.18 11:17:53.625,0.72858,0.72866,1.00,1.94
2016.05.18 11:17:54.131,0.72857,0.72866,1.00,1.94
2016.05.18 11:17:54.662,0.72856,0.72866,1.12,1.94
2016.05.18 11:17:55.314,0.72854,0.72864,1.12,1.12
2016.05.18 11:17:55.915,0.72854,0.72863,1.12,1.00
2016.05.18 11:17:56.371,0.72852,0.72861,1.31,1.12
2016.05.18 11:17:56.877,0.72853,0.72861,1.00,1.69
2016.05.18 11:17:58.323,0.72855,0.72861,1.00,1.25
2016.05.18 11:17:58.424,0.72855,0.72865,1.50,1.69
2016.05.18 11:17:58.475,0.72857,0.72865,1.00,1.69
2016.05.18 11:18:00.427,0.72856,0.72865,1.00,1.25
2016.05.18 11:18:00.933,0.72857,0.72865,1.00,1.25
2016.05.18 11:18:04.237,0.72858,0.72867,1.00,2.44
2016.05.18 11:18:04.743,0.72857,0.72867,1.12,1.69
2016.05.18 11:18:08.013,0.72862,0.72867,1.00,1.69
2016.05.18 11:18:08.452,0.72862,0.72871,1.00,1.50
2016.05.18 11:18:09.266,0.72862,0.72872,1.50,1.69
2016.05.18 11:18:14.021,0.72864,0.72872,1.00,1.25
2016.05.18 11:18:19.576,0.72862,0.72872,1.50,1.25
2016.05.18 11:18:20.290,0.72861,0.7287,1.87,1.00
2016.05.18 11:18:20.638,0.72861,0.7287,1.00,1.75
2016.05.18 11:18:22.101,0.7286,0.72869,1.00,1.50
2016.05.18 11:18:22.607,0.72861,0.72869,1.00,1.50
2016.05.18 11:18:22.860,0.72859,0.7287,1.87,1.75
2016.05.18 11:18:23.470,0.72859,0.72868,1.50,2.00
2016.05.18 11:18:24.050,0.72859,0.72867,1.50,1.00
2016.05.18 11:18:24.852,0.7286,0.72867,1.00,1.00
2016.05.18 11:18:25.648,0.72859,0.72867,1.00,1.00
2016.05.18 11:18:26.267,0.72858,0.72867,1.50,1.00
2016.05.18 11:18:29.044,0.72861,0.72867,1.00,1.00
2016.05.18 11:18:29.249,0.72862,0.72871,1.00,2.25
2016.05.18 11:18:29.476,0.72863,0.72873,1.37,1.56
2016.05.18 11:18:29.984,0.72865,0.72873,1.00,1.19
2016.05.18 11:18:33.027,0.72866,0.72874,1.00,1.69
2016.05.18 11:18:33.641,0.72867,0.72876,1.00,2.81
2016.05.18 11:18:33.794,0.72867,0.72876,1.00,1.12
2016.05.18 11:18:34.099,0.72869,0.72877,1.00,1.12
2016.05.18 11:18:34.150,0.72867,0.72878,1.87,1.69
2016.05.18 11:18:34.689,0.72868,0.72879,1.00,3.19
2016.05.18 11:18:34.795,0.7287,0.72879,1.00,2.06
2016.05.18 11:18:34.897,0.72872,0.72881,1.50,1.25
2016.05.18 11:18:34.999,0.72873,0.72882,1.37,1.31
2016.05.18 11:18:35.303,0.72869,0.72879,1.56,1.00
2016.05.18 11:18:35.506,0.72868,0.72879,1.87,2.44
2016.05.18 11:18:36.188,0.7287,0.72878,1.00,2.00
2016.05.18 11:18:36.493,0.72875,0.72881,1.00,1.62
2016.05.18 11:18:36.851,0.72875,0.72885,1.00,1.69
2016.05.18 11:18:37.390,0.72876,0.72886,1.00,3.19
2016.05.18 11:18:37.892,0.72874,0.72885,1.87,1.69
2016.05.18 11:18:37.994,0.72874,0.72881,1.00,1.00
2016.05.18 11:18:38.500,0.72872,0.72882,2.25,1.69
2016.05.18 11:18:38.921,0.72876,0.72885,1.00,1.94
2016.05.18 11:18:39.444,0.72876,0.72886,1.12,2.44
2016.05.18 11:18:40.297,0.72877,0.72886,1.37,2.06
2016.05.18 11:18:40.602,0.72882,0.72891,1.00,3.19
2016.05.18 11:18:40.805,0.72883,0.72892,1.12,2.44
2016.05.18 11:18:40.910,0.72881,0.72892,1.50,3.19
2016.05.18 11:18:41.401,0.72881,0.72888,1.00,1.00
2016.05.18 11:18:41.806,0.72877,0.72887,1.50,1.00
2016.05.18 11:18:42.497,0.72876,0.72886,2.00,1.00
2016.05.18 11:18:43.109,0.72876,0.72886,2.06,1.50
2016.05.18 11:18:44.310,0.72876,0.72886,2.81,1.00
2016.05.18 11:18:45.210,0.72876,0.72886,2.06,1.50
2016.05.18 11:18:45.261,0.72877,0.72886,1.37,1.50
2016.05.18 11:18:45.616,0.72878,0.72886,1.00,1.75
2016.05.18 11:18:49.495,0.72876,0.72885,2.06,1.50
2016.05.18 11:18:53.937,0.72876,0.72885,2.44,1.12
2016.05.18 11:18:54.478,0.72877,0.72886,1.00,1.00
2016.05.18 11:18:55.713,0.72877,0.72885,1.00,1.00
2016.05.18 11:18:56.245,0.72877,0.72886,1.50,1.00
2016.05.18 11:18:56.756,0.72877,0.72885,1.00,1.00
2016.05.18 11:18:59.640,0.72877,0.72887,1.00,2.25
2016.05.18 11:18:59.894,0.72877,0.72885,1.50,1.00
2016.05.18 11:19:00.557,0.72877,0.72885,1.50,1.00
2016.05.18 11:19:01.063,0.72877,0.72886,1.50,1.00
2016.05.18 11:19:13.761,0.72876,0.72884,2.00,1.00
2016.05.18 11:19:14.014,0.72872,0.7288,2.00,1.00
2016.05.18 11:19:14.218,0.72872,0.72882,1.69,3.00
2016.05.18 11:19:14.269,0.72872,0.72883,1.69,1.75
2016.05.18 11:19:14.371,0.72873,0.72882,1.00,1.00
2016.05.18 11:19:14.890,0.72871,0.72881,1.50,1.69
2016.05.18 11:19:14.991,0.72871,0.7288,1.12,1.37
2016.05.18 11:19:21.511,0.7287,0.72877,1.62,1.00
2016.05.18 11:19:22.714,0.72869,0.72877,1.19,1.50
2016.05.18 11:19:22.816,0.72868,0.72877,1.12,1.69
2016.05.18 11:19:25.724,0.72867,0.72876,1.00,1.50
2016.05.18 11:19:26.234,0.72866,0.72876,3.19,1.50
2016.05.18 11:19:26.756,0.72866,0.72875,3.19,1.00
2016.05.18 11:19:27.775,0.72866,0.72876,3.19,1.50
2016.05.18 11:19:28.633,0.72866,0.72875,2.44,1.00
2016.05.18 11:19:29.534,0.72866,0.72876,2.44,1.50
2016.05.18 11:19:30.039,0.72866,0.72874,1.69,1.00
2016.05.18 11:19:31.584,0.72866,0.72875,1.25,1.00
2016.05.18 11:19:32.123,0.72866,0.72874,1.25,1.00
2016.05.18 11:19:35.991,0.72866,0.72875,1.69,1.00
2016.05.18 11:19:36.537,0.72866,0.72874,1.25,1.00
2016.05.18 11:19:41.016,0.72866,0.72873,1.00,1.00
2016.05.18 11:19:41.550,0.72865,0.72873,1.31,1.00
2016.05.18 11:19:43.218,0.72865,0.72874,1.31,1.00
2016.05.18 11:19:43.724,0.72865,0.72874,1.69,1.00
2016.05.18 11:19:46.902,0.72866,0.72875,1.50,1.00
2016.05.18 11:19:47.207,0.7287,0.72878,1.75,1.25
2016.05.18 11:19:47.258,0.72869,0.72878,3.00,1.25
2016.05.18 11:19:47.561,0.72868,0.72878,1.12,1.69
2016.05.18 11:19:51.942,0.72866,0.72875,2.25,1.00
2016.05.18 11:19:52.649,0.72866,0.72877,2.25,1.37
2016.05.18 11:19:53.691,0.72866,0.72875,2.25,1.00
2016.05.18 11:19:54.197,0.72866,0.72875,1.37,1.12
2016.05.18 11:19:59.210,0.72867,0.72876,2.25,1.12
2016.05.18 11:20:03.364,0.72867,0.72877,2.61,1.00
2016.05.18 11:20:04.016,0.72867,0.72877,2.23,1.12
2016.05.18 11:20:05.026,0.72868,0.72877,1.00,1.31
2016.05.18 11:20:05.531,0.72868,0.72876,1.00,1.00
2016.05.18 11:20:05.734,0.72867,0.72878,2.25,1.31
2016.05.18 11:20:12.831,0.72867,0.72876,2.62,1.00
2016.05.18 11:20:13.509,0.72866,0.72877,3.19,1.25
2016.05.18 11:20:13.560,0.72866,0.72877,2.44,1.31
2016.05.18 11:20:14.066,0.72866,0.72877,2.44,2.06
2016.05.18 11:20:15.017,0.72867,0.72877,1.37,1.69
2016.05.18 11:20:16.316,0.72871,0.72879,1.00,1.31
2016.05.18 11:20:16.418,0.7287,0.72879,3.00,1.00
2016.05.18 11:20:16.638,0.72871,0.72881,1.12,1.12
2016.05.18 11:20:17.909,0.72871,0.72879,1.87,1.00
2016.05.18 11:20:18.213,0.72869,0.72876,1.25,1.00
2016.05.18 11:20:21.692,0.72867,0.72876,1.12,1.12
2016.05.18 11:20:22.155,0.72866,0.72874,2.00,1.00
2016.05.18 11:20:22.459,0.72863,0.72867,1.00,1.12
2016.05.18 11:20:22.665,0.72861,0.72867,1.00,1.00
2016.05.18 11:20:22.920,0.72858,0.72867,3.00,1.00
2016.05.18 11:20:24.275,0.72858,0.72868,1.50,1.50
2016.05.18 11:20:25.982,0.72858,0.72867,1.50,1.00
2016.05.18 11:20:27.043,0.72858,0.72866,1.50,1.00
2016.05.18 11:20:35.704,0.72858,0.72865,1.12,1.00
2016.05.18 11:20:36.062,0.72856,0.72865,1.25,1.50
2016.05.18 11:20:36.876,0.72856,0.72866,1.69,1.50
2016.05.18 11:20:37.426,0.72857,0.72866,1.00,1.00
2016.05.18 11:20:38.974,0.72857,0.72866,1.37,1.00
2016.05.18 11:20:39.483,0.72861,0.72867,1.00,1.00
2016.05.18 11:20:39.834,0.72864,0.72871,1.00,1.19
2016.05.18 11:20:39.886,0.72863,0.72873,1.75,1.19
2016.05.18 11:20:40.393,0.72865,0.72873,1.00,1.19
2016.05.18 11:20:40.892,0.72865,0.72874,1.00,1.12
2016.05.18 11:20:40.993,0.72865,0.72874,1.75,1.00
2016.05.18 11:20:41.601,0.72865,0.72873,1.75,1.00
2016.05.18 11:20:42.115,0.72865,0.72873,1.37,1.00
2016.05.18 11:20:42.419,0.72863,0.72873,1.19,1.50
2016.05.18 11:20:42.722,0.72863,0.72871,1.69,1.00
2016.05.18 11:20:43.642,0.72862,0.72871,1.50,1.00
2016.05.18 11:20:43.946,0.72858,0.72866,1.37,1.00
2016.05.18 11:20:43.997,0.72858,0.72866,1.00,1.00
2016.05.18 11:20:44.190,0.72861,0.72869,1.12,1.31
2016.05.18 11:20:44.494,0.72862,0.7287,2.25,1.19
2016.05.18 11:20:45.002,0.72862,0.72871,2.25,1.19
2016.05.18 11:20:48.019,0.72863,0.72871,1.12,1.31
2016.05.18 11:20:48.630,0.72861,0.72868,1.75,1.00
2016.05.18 11:20:48.935,0.72856,0.72864,1.00,1.00
2016.05.18 11:20:49.463,0.72855,0.72864,2.62,1.00
2016.05.18 11:20:51.024,0.72855,0.72865,3.00,1.31
2016.05.18 11:20:51.227,0.72857,0.72866,1.12,1.69
2016.05.18 11:20:51.498,0.72857,0.72867,1.00,1.50
2016.05.18 11:20:51.803,0.72857,0.72867,1.50,1.12
2016.05.18 11:20:52.308,0.72856,0.72866,3.07,1.00
2016.05.18 11:20:53.024,0.72857,0.72865,2.25,1.00
2016.05.18 11:20:53.531,0.72856,0.72866,1.50,1.12
2016.05.18 11:20:54.355,0.72856,0.72865,2.25,1.00
2016.05.18 11:20:54.559,0.72856,0.72865,1.00,1.31
2016.05.18 11:20:55.268,0.72855,0.72865,2.62,1.31
2016.05.18 11:20:58.145,0.72857,0.72865,1.00,1.31
2016.05.18 11:20:59.599,0.72855,0.72866,1.87,2.44
2016.05.18 11:21:00.582,0.72856,0.72866,1.00,1.69
2016.05.18 11:21:01.115,0.72855,0.72865,1.12,1.31
2016.05.18 11:21:03.902,0.72855,0.72864,1.12,1.00
2016.05.18 11:21:07.954,0.72855,0.72862,1.12,1.00
2016.05.18 11:21:08.260,0.7285,0.72857,1.20,1.00
2016.05.18 11:21:08.774,0.72848,0.72857,2.25,1.12
2016.05.18 11:21:09.290,0.72848,0.72857,2.25,1.31
2016.05.18 11:21:09.544,0.72847,0.72856,2.25,1.25
2016.05.18 11:21:10.078,0.72847,0.72855,1.50,1.00
2016.05.18 11:21:10.890,0.72847,0.72856,1.00,1.25
2016.05.18 11:21:11.379,0.72847,0.72856,1.50,1.25
2016.05.18 11:21:17.150,0.72846,0.72856,3.00,1.25
2016.05.18 11:21:17.700,0.72846,0.72855,3.00,1.00
2016.05.18 11:21:20.004,0.72846,0.72856,2.62,1.25
2016.05.18 11:21:20.106,0.7285,0.72858,1.00,1.69
2016.05.18 11:21:20.434,0.72851,0.72858,3.37,1.19
2016.05.18 11:21:20.789,0.72848,0.72856,1.50,1.25
2016.05.18 11:21:21.290,0.72845,0.72856,3.00,1.62
2016.05.18 11:21:23.965,0.72846,0.72856,2.25,1.31
2016.05.18 11:21:24.517,0.72847,0.72855,1.50,1.00
2016.05.18 11:21:25.062,0.72847,0.72856,1.50,1.31
2016.05.18 11:21:28.366,0.72846,0.72856,1.37,1.37
2016.05.18 11:21:28.669,0.72845,0.72853,2.25,1.00
2016.05.18 11:21:28.985,0.72844,0.72848,1.00,1.00
2016.05.18 11:21:29.087,0.72841,0.72847,1.00,1.12
2016.05.18 11:21:29.240,0.72839,0.72846,1.50,1.12
2016.05.18 11:21:29.763,0.72839,0.72845,1.00,1.00
2016.05.18 11:21:30.277,0.72836,0.72845,2.25,1.00
2016.05.18 11:21:30.833,0.72836,0.72844,1.75,1.00
2016.05.18 11:21:31.805,0.72835,0.72845,3.00,1.00
2016.05.18 11:21:31.906,0.72835,0.72844,3.00,1.00
2016.05.18 11:21:32.988,0.72835,0.72845,1.00,1.50
2016.05.18 11:21:33.648,0.72835,0.72844,1.50,1.00
2016.05.18 11:21:34.421,0.72835,0.72843,1.50,1.00
2016.05.18 11:21:34.926,0.72835,0.72844,1.50,1.00
2016.05.18 11:21:38.614,0.72835,0.72845,3.00,1.00
2016.05.18 11:21:42.068,0.72834,0.72843,3.75,1.00
2016.05.18 11:21:42.119,0.72834,0.72843,2.62,1.25
2016.05.18 11:21:42.776,0.72834,0.72842,1.12,1.00
2016.05.18 11:21:43.357,0.72833,0.72843,2.25,1.25
2016.05.18 11:21:43.905,0.72833,0.72843,2.25,1.25
2016.05.18 11:21:48.980,0.72835,0.72845,2.25,1.19
2016.05.18 11:21:49.387,0.72836,0.72847,1.50,2.06
2016.05.18 11:21:50.634,0.72836,0.72847,3.00,1.25
2016.05.18 11:21:52.741,0.72837,0.72847,2.25,1.25
2016.05.18 11:21:52.792,0.72837,0.72848,2.25,2.06
2016.05.18 11:21:53.336,0.72837,0.72848,2.25,2.06
2016.05.18 11:21:55.563,0.72838,0.72848,1.12,2.06
2016.05.18 11:21:57.944,0.72838,0.72848,1.50,2.06
2016.05.18 11:21:58.248,0.72841,0.7285,3.00,1.19
2016.05.18 11:21:58.552,0.72841,0.7285,1.50,2.06
2016.05.18 11:21:58.737,0.7284,0.72848,1.00,1.62
2016.05.18 11:21:59.248,0.72839,0.72846,1.12,1.00
2016.05.18 11:21:59.897,0.7284,0.7285,1.00,2.44
2016.05.18 11:22:00.409,0.72841,0.72849,1.00,1.69
2016.05.18 11:22:00.915,0.72842,0.7285,1.00,1.19
2016.05.18 11:22:01.441,0.72844,0.7285,1.00,1.19
2016.05.18 11:22:01.745,0.72845,0.72854,1.12,1.31
2016.05.18 11:22:01.897,0.72847,0.72854,1.00,1.19
2016.05.18 11:22:05.250,0.72845,0.72855,1.12,2.06
2016.05.18 11:22:05.756,0.72844,0.72854,1.12,2.51
2016.05.18 11:22:06.238,0.72846,0.72854,1.00,2.51
2016.05.18 11:22:06.699,0.72844,0.72854,1.12,1.94
2016.05.18 11:22:07.225,0.72845,0.72853,1.00,1.69
2016.05.18 11:22:07.750,0.72843,0.72854,1.50,3.19
2016.05.18 11:22:10.514,0.72845,0.72853,1.00,1.69
2016.05.18 11:22:11.233,0.72844,0.72854,1.12,2.44
2016.05.18 11:22:12.488,0.72843,0.72851,1.50,1.00
2016.05.18 11:22:13.341,0.72841,0.72849,2.32,1.00
2016.05.18 11:22:13.443,0.72841,0.72849,1.37,1.25
2016.05.18 11:22:13.596,0.72839,0.72848,1.12,1.00
2016.05.18 11:22:14.354,0.72839,0.72849,1.50,1.69
2016.05.18 11:22:14.406,0.72841,0.7285,1.50,1.69
2016.05.18 11:22:14.710,0.72842,0.72853,5.25,1.19
2016.05.18 11:22:16.080,0.72844,0.72853,1.00,1.19
2016.05.18 11:22:18.920,0.72843,0.72851,1.50,1.00
2016.05.18 11:22:19.970,0.72841,0.72848,2.32,1.00
2016.05.18 11:22:20.021,0.72841,0.72848,1.00,1.00
2016.05.18 11:22:20.534,0.72838,0.72848,1.50,1.12
2016.05.18 11:22:21.291,0.72838,0.72847,2.25,1.00
2016.05.18 11:22:21.404,0.72838,0.72847,1.87,1.12
2016.05.18 11:22:23.813,0.72837,0.72847,1.12,1.12
2016.05.18 11:22:28.648,0.72838,0.72847,1.00,1.12
2016.05.18 11:22:29.447,0.72837,0.72847,1.87,1.12
2016.05.18 11:22:29.643,0.72836,0.72844,1.25,1.00
2016.05.18 11:22:32.072,0.72836,0.72843,1.25,1.00
2016.05.18 11:22:32.328,0.72836,0.72845,1.25,1.00
2016.05.18 11:22:35.418,0.72836,0.72844,1.25,1.00
2016.05.18 11:22:36.319,0.72834,0.72843,1.37,1.12
2016.05.18 11:22:38.379,0.72834,0.72842,1.37,1.00
2016.05.18 11:22:42.234,0.72834,0.72843,1.37,1.12
2016.05.18 11:22:44.036,0.72835,0.72844,1.50,1.00
2016.05.18 11:22:44.238,0.72837,0.72846,1.00,1.31
2016.05.18 11:22:44.745,0.72836,0.72845,1.12,1.25
2016.05.18 11:22:45.376,0.72836,0.72843,1.12,1.19
2016.05.18 11:22:55.791,0.72837,0.72844,1.00,1.19
2016.05.18 11:22:56.296,0.72836,0.72844,1.12,1.19
2016.05.18 11:23:00.848,0.72835,0.72842,1.00,1.25
2016.05.18 11:23:01.357,0.72834,0.72843,1.12,1.56
2016.05.18 11:23:06.497,0.72834,0.72844,1.37,1.19
2016.05.18 11:23:07.018,0.72834,0.72844,2.62,1.31
2016.05.18 11:23:07.322,0.7284,0.72844,1.00,1.31
2016.05.18 11:23:07.373,0.7284,0.72846,1.50,1.37
2016.05.18 11:23:07.424,0.72841,0.72847,1.00,1.25
2016.05.18 11:23:07.576,0.72841,0.72849,1.75,1.19
2016.05.18 11:23:07.989,0.72841,0.72849,1.00,1.69
2016.05.18 11:23:08.293,0.72836,0.72846,1.75,1.12
2016.05.18 11:23:08.800,0.72836,0.72846,1.50,1.12
2016.05.18 11:23:12.433,0.72835,0.72845,1.75,1.00
2016.05.18 11:23:12.940,0.72835,0.72844,1.75,1.00
2016.05.18 11:23:17.596,0.72836,0.72846,1.50,1.87
2016.05.18 11:23:20.458,0.72836,0.72845,1.50,1.00
2016.05.18 11:23:20.509,0.72835,0.72844,1.50,1.00
2016.05.18 11:23:20.611,0.72833,0.72843,2.25,2.81
2016.05.18 11:23:20.662,0.72833,0.72843,1.12,3.19
2016.05.18 11:23:21.248,0.72834,0.72842,1.00,1.37
2016.05.18 11:23:21.299,0.72836,0.72843,1.50,1.31
2016.05.18 11:23:21.604,0.72839,0.72844,1.00,1.19
2016.05.18 11:23:22.117,0.72839,0.72847,1.00,3.19
2016.05.18 11:23:22.506,0.72837,0.72847,1.12,2.44
2016.05.18 11:23:23.372,0.72838,0.72846,1.00,1.69
2016.05.18 11:23:23.923,0.72837,0.72847,1.12,2.44
2016.05.18 11:23:26.097,0.72838,0.72847,1.00,1.94
2016.05.18 11:23:26.249,0.72841,0.72847,1.00,1.19
2016.05.18 11:23:26.402,0.72841,0.72849,2.62,1.19
2016.05.18 11:23:26.918,0.72843,0.72849,1.00,1.19
2016.05.18 11:23:27.831,0.72841,0.72849,1.12,1.19
2016.05.18 11:23:27.933,0.72839,0.72848,1.12,1.31
2016.05.18 11:23:27.984,0.72839,0.72846,1.00,1.00
2016.05.18 11:23:28.188,0.72836,0.72845,1.12,1.37
2016.05.18 11:23:30.527,0.72842,0.72847,1.00,1.69
2016.05.18 11:23:30.679,0.72843,0.7285,1.12,1.19
2016.05.18 11:23:31.949,0.72842,0.72849,1.20,1.25
2016.05.18 11:23:32.051,0.7284,0.72848,1.87,1.12
2016.05.18 11:23:32.102,0.7284,0.72846,1.00,1.00
2016.05.18 11:23:32.153,0.72838,0.72846,1.12,1.37
2016.05.18 11:23:32.669,0.72835,0.72846,1.50,2.06
2016.05.18 11:23:33.074,0.72835,0.72844,1.00,1.50
2016.05.18 11:23:34.238,0.72836,0.72844,1.00,1.50
2016.05.18 11:23:34.744,0.72837,0.72844,1.00,1.00
2016.05.18 11:23:34.845,0.7284,0.72846,1.50,1.56
2016.05.18 11:23:34.997,0.72843,0.72849,1.00,1.31
2016.05.18 11:23:35.541,0.72842,0.7285,1.12,1.19
2016.05.18 11:23:38.955,0.72843,0.7285,1.00,1.19
2016.05.18 11:23:42.061,0.72841,0.7285,1.50,1.19
2016.05.18 11:23:42.266,0.72837,0.72847,4.57,1.00
2016.05.18 11:23:42.408,0.72837,0.72846,3.00,1.00
2016.05.18 11:23:42.611,0.72836,0.72846,1.12,1.50
2016.05.18 11:23:43.974,0.72836,0.72845,1.12,1.00
2016.05.18 11:23:46.559,0.72836,0.72846,1.50,1.50
2016.05.18 11:23:48.129,0.72841,0.72848,1.00,2.44
2016.05.18 11:23:48.459,0.72842,0.7285,1.50,1.19
2016.05.18 11:23:49.332,0.72844,0.7285,1.00,1.19
2016.05.18 11:23:50.235,0.72843,0.7285,1.12,1.19
2016.05.18 11:23:54.448,0.72843,0.72853,1.87,2.06
2016.05.18 11:23:54.772,0.72843,0.72854,2.62,1.69
2016.05.18 11:23:59.826,0.72846,0.72854,1.00,1.69
2016.05.18 11:24:00.334,0.72843,0.72854,2.25,1.69
2016.05.18 11:24:04.117,0.72844,0.72854,1.12,2.06
2016.05.18 11:24:07.210,0.72843,0.7285,1.00,1.00
2016.05.18 11:24:07.530,0.72839,0.72849,2.25,1.31
2016.05.18 11:24:08.219,0.72839,0.72849,2.25,1.12
2016.05.18 11:24:08.623,0.72838,0.72847,1.25,1.12
2016.05.18 11:24:08.928,0.72837,0.72845,1.31,1.12
2016.05.18 11:24:10.320,0.72835,0.72845,1.00,2.44
2016.05.18 11:24:10.992,0.72835,0.72843,1.50,1.00
2016.05.18 11:24:16.175,0.72835,0.72844,1.87,1.69
2016.05.18 11:24:17.806,0.72835,0.72843,1.00,1.00
2016.05.18 11:24:18.854,0.72837,0.72844,1.00,1.25
2016.05.18 11:24:19.057,0.72839,0.72848,1.00,2.06
2016.05.18 11:24:19.411,0.72842,0.72848,1.00,1.31
2016.05.18 11:24:19.563,0.72841,0.72851,1.12,2.06
2016.05.18 11:24:19.665,0.72842,0.72852,1.50,3.19
2016.05.18 11:24:20.169,0.72842,0.72851,1.12,1.25
2016.05.18 11:24:20.472,0.72841,0.72848,1.00,1.00
2016.05.18 11:24:20.979,0.7284,0.72848,1.00,1.00
2016.05.18 11:24:22.360,0.72839,0.72848,1.50,1.00
2016.05.18 11:24:22.665,0.7284,0.72849,1.75,1.00
2016.05.18 11:24:24.367,0.72841,0.7285,1.50,1.87
2016.05.18 11:24:25.923,0.72841,0.72848,1.50,1.00
2016.05.18 11:24:25.974,0.7284,0.72848,1.12,1.12
2016.05.18 11:24:27.205,0.72841,0.72849,1.00,1.50
2016.05.18 11:24:27.309,0.72842,0.72852,1.50,2.44
2016.05.18 11:24:27.361,0.72842,0.72852,1.87,2.44
2016.05.18 11:24:27.816,0.72842,0.7285,2.25,1.19
2016.05.18 11:24:28.346,0.72845,0.72853,1.12,1.31
2016.05.18 11:24:28.503,0.72843,0.72853,1.12,2.81
2016.05.18 11:24:30.955,0.72843,0.72851,1.12,1.00
2016.05.18 11:24:31.183,0.7284,0.7285,3.37,1.00
2016.05.18 11:24:33.641,0.7284,0.72849,1.12,1.00
2016.05.18 11:24:35.359,0.72841,0.7285,1.00,1.50
2016.05.18 11:24:35.620,0.72842,0.72852,1.50,1.31
2016.05.18 11:24:37.821,0.72843,0.72851,1.37,1.00
2016.05.18 11:24:38.226,0.72841,0.72851,1.50,1.00
2016.05.18 11:24:38.750,0.72841,0.7285,1.50,1.00
2016.05.18 11:24:39.256,0.72841,0.72851,1.50,1.50
2016.05.18 11:24:39.771,0.72841,0.7285,1.00,1.00
2016.05.18 11:24:40.713,0.7284,0.7285,1.50,1.50
2016.05.18 11:24:40.966,0.72842,0.7285,1.00,1.00
2016.05.18 11:24:41.486,0.72842,0.72852,1.50,1.69
2016.05.18 11:24:42.145,0.72844,0.72853,1.00,2.44
2016.05.18 11:24:42.348,0.72846,0.72855,1.50,2.44
2016.05.18 11:24:42.874,0.72847,0.72856,1.00,1.31
2016.05.18 11:24:43.381,0.72846,0.72855,1.00,1.31
2016.05.18 11:24:43.846,0.72844,0.72855,1.12,1.69
2016.05.18 11:24:44.354,0.72843,0.72853,1.50,1.00
2016.05.18 11:24:44.860,0.72843,0.72853,1.37,2.06
2016.05.18 11:24:45.515,0.72843,0.72852,1.00,1.69
2016.05.18 11:24:47.722,0.72842,0.72852,1.87,1.69
2016.05.18 11:24:50.498,0.72843,0.72851,1.00,1.37
2016.05.18 11:24:50.859,0.72844,0.72852,1.00,1.25
2016.05.18 11:24:51.384,0.72843,0.72853,1.00,2.44
2016.05.18 11:24:55.634,0.72842,0.72852,1.12,2.00
2016.05.18 11:24:57.201,0.72843,0.72851,1.00,1.50
2016.05.18 11:24:57.354,0.72842,0.72853,1.50,3.56
2016.05.18 11:24:59.245,0.72843,0.72851,1.00,1.12
2016.05.18 11:25:00.304,0.72842,0.72851,1.00,1.12
2016.05.18 11:25:01.301,0.72842,0.72852,2.62,1.31
2016.05.18 11:25:03.983,0.72842,0.72852,2.25,1.69
2016.05.18 11:25:05.115,0.72843,0.72851,1.00,1.00
2016.05.18 11:25:05.641,0.72843,0.72852,1.87,1.00
2016.05.18 11:25:06.108,0.72845,0.72852,1.00,1.00
2016.05.18 11:25:06.613,0.72845,0.72853,1.12,1.31
2016.05.18 11:25:07.822,0.72846,0.72854,1.00,1.69
2016.05.18 11:25:08.360,0.72845,0.72855,1.12,2.44
2016.05.18 11:25:09.200,0.72845,0.72855,1.50,1.50
2016.05.18 11:25:10.384,0.72845,0.72854,1.00,1.50
2016.05.18 11:25:10.932,0.72844,0.72854,1.50,1.50
2016.05.18 11:25:14.678,0.72844,0.72853,1.00,1.31
2016.05.18 11:25:15.227,0.72843,0.72854,1.87,3.19
2016.05.18 11:25:15.734,0.72843,0.72851,1.12,1.00
2016.05.18 11:25:16.595,0.72842,0.7285,2.81,1.00
2016.05.18 11:25:17.133,0.72842,0.72851,2.06,1.00
2016.05.18 11:25:18.378,0.72842,0.7285,1.69,1.00
2016.05.18 11:25:18.684,0.7284,0.72847,1.69,1.12
2016.05.18 11:25:18.735,0.7284,0.72847,1.00,1.12
2016.05.18 11:25:18.938,0.7284,0.72849,1.00,1.00
2016.05.18 11:25:19.090,0.72841,0.7285,1.50,1.69
2016.05.18 11:25:19.433,0.72849,0.72856,1.00,1.19
2016.05.18 11:25:19.739,0.7285,0.72858,1.00,1.50
2016.05.18 11:25:19.841,0.72851,0.7286,1.00,1.50
2016.05.18 11:25:19.892,0.72852,0.7286,1.37,1.37
2016.05.18 11:25:20.044,0.72852,0.72862,2.25,1.00
2016.05.18 11:25:20.549,0.72852,0.72861,2.25,1.25
2016.05.18 11:25:24.047,0.72853,0.72862,1.50,1.19
2016.05.18 11:25:24.915,0.72853,0.72862,1.87,1.19
2016.05.18 11:25:26.690,0.72854,0.72862,1.87,1.00
2016.05.18 11:25:28.255,0.72854,0.72864,1.12,1.50
2016.05.18 11:25:29.178,0.72854,0.72863,1.12,1.00
2016.05.18 11:25:29.683,0.72855,0.72863,1.50,1.00
2016.05.18 11:25:30.067,0.72858,0.72863,1.00,1.00
2016.05.18 11:25:30.118,0.72858,0.72865,1.00,1.12
2016.05.18 11:25:30.271,0.72863,0.72867,1.00,1.25
2016.05.18 11:25:30.322,0.72863,0.72868,1.00,1.00
2016.05.18 11:25:30.373,0.72861,0.7287,1.12,1.62
2016.05.18 11:25:30.475,0.72861,0.72871,1.50,1.69
2016.05.18 11:25:30.830,0.72859,0.72868,3.75,1.00
2016.05.18 11:25:30.881,0.72859,0.72868,3.37,1.00
2016.05.18 11:25:30.937,0.72859,0.72865,1.87,1.00
2016.05.18 11:25:31.086,0.72857,0.72865,1.69,1.00
2016.05.18 11:25:31.592,0.72856,0.72866,2.62,1.12
2016.05.18 11:25:32.148,0.72859,0.72866,1.00,1.00
2016.05.18 11:25:32.652,0.7286,0.72866,1.00,1.00
2016.05.18 11:25:33.732,0.7286,0.72867,1.00,1.31
2016.05.18 11:25:34.137,0.72861,0.72869,1.00,1.12
2016.05.18 11:25:34.743,0.72861,0.72868,1.00,1.00
2016.05.18 11:25:34.997,0.72859,0.72867,1.00,1.00
2016.05.18 11:25:35.923,0.72859,0.72866,1.00,1.00
2016.05.18 11:25:37.593,0.7286,0.72866,1.00,1.00
2016.05.18 11:25:38.058,0.7286,0.72869,1.37,1.50
2016.05.18 11:25:38.161,0.7286,0.72867,1.37,1.00
2016.05.18 11:25:38.465,0.72859,0.72867,1.50,1.00
2016.05.18 11:25:39.027,0.72859,0.72866,1.00,1.00
2016.05.18 11:25:39.130,0.72856,0.72864,1.31,1.00
2016.05.18 11:25:39.485,0.72854,0.72863,2.25,1.00
2016.05.18 11:25:40.056,0.72854,0.72864,1.31,1.87
2016.05.18 11:25:40.746,0.72854,0.72862,1.31,1.00
2016.05.18 11:25:41.293,0.72853,0.72863,1.69,1.00
2016.05.18 11:25:43.505,0.72853,0.72861,1.50,1.00
2016.05.18 11:25:43.607,0.72851,0.7286,1.87,1.00
2016.05.18 11:25:44.419,0.72851,0.72859,1.50,1.00
2016.05.18 11:25:46.623,0.7285,0.7286,4.50,1.12
2016.05.18 11:25:47.128,0.7285,0.7286,3.75,1.37
2016.05.18 11:25:47.584,0.72857,0.72862,1.00,1.87
2016.05.18 11:25:47.635,0.72855,0.72862,1.12,1.50
2016.05.18 11:25:47.852,0.72856,0.72865,1.00,1.69
2016.05.18 11:25:47.903,0.72858,0.72866,1.00,2.51
2016.05.18 11:25:48.512,0.72855,0.72866,2.25,2.06
2016.05.18 11:25:49.014,0.72852,0.72862,2.25,1.00
2016.05.18 11:25:49.522,0.72853,0.72861,1.75,1.00
2016.05.18 11:25:49.624,0.72852,0.7286,1.37,1.00
2016.05.18 11:25:49.776,0.72851,0.7286,1.50,1.62
2016.05.18 11:25:51.774,0.72851,0.7286,1.12,2.06
2016.05.18 11:25:52.324,0.72852,0.7286,1.00,1.69
2016.05.18 11:25:52.478,0.7285,0.7286,1.12,1.69
2016.05.18 11:25:53.029,0.72851,0.7286,1.00,2.44
2016.05.18 11:25:53.536,0.72852,0.7286,1.00,1.69
2016.05.18 11:26:02.893,0.72851,0.7286,1.12,1.69
2016.05.18 11:26:03.402,0.72852,0.7286,1.37,1.31
2016.05.18 11:26:04.647,0.72853,0.72862,1.12,1.69
2016.05.18 11:26:05.156,0.72854,0.72862,1.00,1.69
2016.05.18 11:26:06.197,0.72855,0.72862,1.00,1.19
2016.05.18 11:26:10.266,0.72856,0.72862,1.00,1.19
2016.05.18 11:26:10.885,0.72855,0.72862,1.50,1.19
2016.05.18 11:26:11.389,0.72856,0.72862,1.00,1.19
2016.05.18 11:26:12.094,0.72856,0.72865,1.00,1.69
2016.05.18 11:26:12.196,0.72858,0.72865,1.00,1.31
2016.05.18 11:26:12.703,0.72859,0.72865,1.50,1.19
2016.05.18 11:26:13.457,0.72858,0.72865,1.12,1.19
2016.05.18 11:26:13.965,0.72859,0.72865,1.00,1.31
2016.05.18 11:26:14.117,0.72857,0.72865,1.12,1.31
2016.05.18 11:26:14.645,0.72856,0.72865,1.12,1.69
2016.05.18 11:26:16.810,0.72858,0.72865,1.00,1.69
2016.05.18 11:26:17.114,0.72862,0.72869,1.00,2.44
2016.05.18 11:26:17.422,0.72864,0.72869,1.00,1.19
2016.05.18 11:26:18.180,0.72864,0.72872,1.00,1.19
2016.05.18 11:26:18.818,0.72865,0.72872,1.00,1.19
2016.05.18 11:26:19.020,0.72865,0.72875,1.00,3.19
2016.05.18 11:26:19.570,0.72864,0.72873,1.00,1.31
2016.05.18 11:26:20.177,0.72865,0.72873,1.00,1.31
2016.05.18 11:26:20.430,0.72863,0.72873,1.12,1.31
2016.05.18 11:26:20.682,0.72863,0.72873,1.00,2.06
2016.05.18 11:26:21.277,0.72862,0.72872,1.12,1.50
2016.05.18 11:26:22.218,0.72863,0.72872,1.00,2.25
2016.05.18 11:26:22.415,0.72863,0.72872,1.12,1.00
2016.05.18 11:26:23.422,0.72863,0.72873,1.12,1.31
2016.05.18 11:26:23.936,0.72864,0.72874,1.00,1.69
2016.05.18 11:26:24.445,0.72865,0.72873,1.12,1.31
2016.05.18 11:26:24.983,0.72866,0.72874,1.00,1.69
2016.05.18 11:26:25.758,0.72867,0.72875,1.00,2.44
2016.05.18 11:26:25.860,0.72868,0.72878,1.00,3.26
2016.05.18 11:26:26.436,0.72868,0.72878,1.87,2.81
2016.05.18 11:26:28.026,0.7287,0.72878,1.00,2.81
2016.05.18 11:26:28.178,0.72871,0.72879,1.00,1.65
2016.05.18 11:26:28.280,0.72872,0.72882,1.12,3.19
2016.05.18 11:26:28.483,0.7287,0.7288,1.50,1.62
2016.05.18 11:26:28.787,0.7287,0.72879,1.00,1.00
2016.05.18 11:26:28.888,0.72871,0.7288,1.37,2.44
2016.05.18 11:26:29.401,0.72871,0.72881,1.87,1.56
2016.05.18 11:26:29.908,0.72873,0.72881,1.12,1.31
2016.05.18 11:26:30.212,0.72871,0.72879,1.50,1.00
2016.05.18 11:26:30.399,0.72869,0.7288,2.25,3.19
2016.05.18 11:26:30.553,0.72873,0.7288,1.00,2.44
2016.05.18 11:26:30.655,0.72873,0.72881,1.00,2.44
2016.05.18 11:26:31.417,0.72872,0.72882,1.12,2.06
2016.05.18 11:26:31.468,0.72877,0.72882,1.00,1.12
2016.05.18 11:26:31.647,0.72876,0.72884,1.00,1.25
2016.05.18 11:26:39.533,0.72877,0.72886,1.00,1.31
2016.05.18 11:26:40.614,0.72876,0.72886,1.12,2.06
2016.05.18 11:26:41.782,0.72877,0.72885,1.00,1.19
2016.05.18 11:26:44.045,0.72877,0.72886,1.50,1.19
2016.05.18 11:26:44.096,0.72882,0.72888,1.00,1.12
2016.05.18 11:26:44.147,0.7288,0.72888,1.12,1.12
2016.05.18 11:26:44.199,0.72882,0.7289,1.50,2.59
2016.05.18 11:26:44.251,0.72883,0.72891,1.00,1.09
2016.05.18 11:26:44.503,0.72884,0.72892,1.75,1.19
2016.05.18 11:26:44.756,0.72885,0.72895,1.50,3.94
2016.05.18 11:26:45.263,0.72886,0.72894,1.50,1.19
2016.05.18 11:26:47.151,0.72886,0.72896,1.00,1.50
2016.05.18 11:26:47.455,0.72888,0.72895,1.50,1.00
2016.05.18 11:26:47.759,0.72893,0.72901,1.12,1.19
2016.05.18 11:26:47.961,0.72893,0.72903,1.75,1.00
2016.05.18 11:26:48.491,0.72894,0.72904,1.50,1.87
2016.05.18 11:26:49.387,0.72895,0.72903,1.37,1.00
2016.05.18 11:26:50.483,0.72895,0.72904,1.37,1.12
2016.05.18 11:26:50.635,0.72896,0.72906,1.50,1.57
2016.05.18 11:26:50.926,0.72896,0.72905,1.12,1.12
2016.05.18 11:26:51.032,0.72895,0.72905,1.69,1.50
2016.05.18 11:26:51.539,0.72892,0.72902,2.44,1.00
2016.05.18 11:26:52.363,0.72895,0.72903,1.00,1.00
2016.05.18 11:26:52.667,0.72895,0.72901,1.00,1.00
2016.05.18 11:26:53.174,0.72895,0.72902,1.00,1.00
2016.05.18 11:26:54.531,0.72895,0.72903,1.00,1.00
2016.05.18 11:26:55.423,0.72892,0.72901,1.87,1.00
2016.05.18 11:26:55.576,0.7289,0.72897,1.00,1.12
2016.05.18 11:26:56.082,0.72888,0.72896,1.50,1.00
2016.05.18 11:26:56.699,0.72887,0.72895,2.00,1.00
2016.05.18 11:26:59.213,0.72886,0.72897,2.25,1.31
2016.05.18 11:27:00.540,0.72886,0.72895,1.75,1.00
2016.05.18 11:27:00.591,0.72886,0.72894,1.50,1.25
2016.05.18 11:27:01.103,0.72883,0.72893,3.00,1.00
2016.05.18 11:27:01.458,0.72882,0.72891,1.85,1.00
2016.05.18 11:27:01.509,0.72883,0.72891,1.00,1.00
2016.05.18 11:27:03.260,0.72883,0.72889,1.00,1.00
2016.05.18 11:27:03.312,0.72879,0.72888,2.62,1.00
2016.05.18 11:27:03.364,0.72879,0.72887,1.50,1.12
2016.05.18 11:27:03.885,0.72876,0.72886,1.75,1.00
2016.05.18 11:27:04.884,0.72876,0.72884,1.75,1.00
2016.05.18 11:27:09.079,0.72876,0.72886,1.75,1.00
2016.05.18 11:27:11.154,0.72876,0.72887,2.25,2.06
2016.05.18 11:27:11.204,0.72876,0.72887,2.25,2.06
2016.05.18 11:27:11.255,0.72879,0.72886,1.00,1.00
2016.05.18 11:27:11.769,0.72879,0.72888,1.00,2.44
2016.05.18 11:27:14.230,0.72878,0.72886,1.00,1.00
2016.05.18 11:27:14.741,0.72875,0.72885,1.50,1.31
2016.05.18 11:27:15.289,0.72875,0.72885,1.12,2.06
2016.05.18 11:27:15.797,0.72876,0.72884,1.00,1.25
2016.05.18 11:27:16.457,0.72874,0.72881,1.50,1.19
2016.05.18 11:27:16.559,0.72871,0.7288,2.25,1.25
2016.05.18 11:27:16.661,0.72869,0.72878,3.75,1.19
2016.05.18 11:27:16.712,0.72869,0.72878,1.12,2.06
2016.05.18 11:27:17.794,0.72869,0.72876,1.00,1.31
2016.05.18 11:27:21.552,0.72868,0.72876,1.12,2.06
2016.05.18 11:27:23.065,0.72869,0.72876,1.00,1.31
2016.05.18 11:27:27.162,0.7287,0.72876,1.00,1.19
2016.05.18 11:27:27.705,0.72869,0.72876,1.00,1.19
2016.05.18 11:27:29.475,0.7287,0.72876,1.00,1.19
2016.05.18 11:27:29.818,0.72872,0.72876,1.00,1.25
2016.05.18 11:27:29.971,0.72874,0.72882,1.00,3.19
2016.05.18 11:27:30.326,0.72872,0.72879,1.00,1.37
2016.05.18 11:27:30.833,0.72871,0.72879,1.00,1.37
2016.05.18 11:27:34.299,0.72874,0.72881,1.00,2.44
2016.05.18 11:27:34.350,0.72874,0.7288,1.00,1.25
2016.05.18 11:27:34.806,0.72874,0.72884,1.50,2.44
2016.05.18 11:27:35.553,0.72875,0.72882,1.00,1.00
2016.05.18 11:27:37.014,0.72874,0.72883,1.00,1.69
2016.05.18 11:27:37.915,0.72874,0.72882,1.50,1.50
2016.05.18 11:27:38.635,0.72872,0.72876,1.00,1.12
2016.05.18 11:27:38.737,0.72869,0.72877,1.10,1.75
2016.05.18 11:27:38.889,0.72871,0.72875,1.00,1.12
2016.05.18 11:27:38.940,0.72871,0.72877,1.00,1.12
2016.05.18 11:27:39.092,0.72873,0.72879,1.00,1.19
2016.05.18 11:27:39.307,0.72873,0.7288,1.12,1.00
2016.05.18 11:27:39.813,0.72873,0.72882,1.50,1.19
2016.05.18 11:27:45.939,0.72872,0.7288,1.00,1.00
2016.05.18 11:27:46.042,0.72872,0.72878,1.00,2.00
2016.05.18 11:27:46.093,0.72869,0.72878,1.50,2.00
2016.05.18 11:27:46.613,0.7287,0.72878,1.00,2.44
2016.05.18 11:27:46.861,0.72871,0.72878,1.00,2.06
2016.05.18 11:27:47.016,0.72871,0.7288,1.37,1.12
2016.05.18 11:27:48.855,0.72873,0.7288,1.00,1.12
2016.05.18 11:27:49.846,0.72872,0.72881,1.12,1.62
2016.05.18 11:27:53.448,0.72874,0.72882,1.00,3.94
2016.05.18 11:27:53.956,0.72874,0.72882,1.12,1.19
2016.05.18 11:27:55.301,0.72873,0.7288,1.00,1.00
2016.05.18 11:27:55.642,0.72869,0.72876,1.00,1.00
2016.05.18 11:27:56.149,0.72868,0.72876,1.50,1.00
2016.05.18 11:27:57.259,0.72869,0.72876,1.00,1.00
2016.05.18 11:28:01.917,0.72869,0.72875,1.00,1.12
2016.05.18 11:28:01.968,0.72867,0.72875,1.12,1.12
2016.05.18 11:28:02.424,0.72869,0.72876,1.00,2.44
2016.05.18 11:28:03.752,0.72865,0.72875,2.62,1.31
2016.05.18 11:28:03.854,0.72866,0.72873,1.50,1.00
2016.05.18 11:28:04.390,0.72864,0.72873,1.50,1.00
2016.05.18 11:28:06.043,0.72865,0.72872,1.37,1.00
2016.05.18 11:28:06.959,0.72865,0.72873,1.37,1.00
2016.05.18 11:28:12.926,0.72863,0.72871,2.25,1.00
2016.05.18 11:28:13.028,0.72863,0.72871,1.00,1.69
2016.05.18 11:28:15.586,0.72863,0.72869,1.00,1.00
2016.05.18 11:28:16.334,0.72863,0.72871,1.00,1.69
2016.05.18 11:28:16.435,0.72862,0.72871,1.87,1.69
2016.05.18 11:28:16.858,0.72869,0.72873,1.00,1.25
2016.05.18 11:28:16.960,0.72869,0.72875,1.00,1.19
2016.05.18 11:28:17.468,0.7287,0.72875,1.00,1.19
2016.05.18 11:28:17.722,0.7287,0.72876,1.00,1.12
2016.05.18 11:28:19.022,0.7287,0.72875,1.00,1.00
2016.05.18 11:28:19.174,0.72867,0.72874,1.37,1.00
