2015.10.12 22:00:00.160,0.73613,0.73629,0.37,0.37
2015.10.12 22:00:00.385,0.73611,0.73629,0.37,0.37
2015.10.12 22:00:02.796,0.73612,0.73629,0.75,0.75
2015.10.12 22:00:04.354,0.73612,0.7363,1.50,1.50
2015.10.12 22:00:05.181,0.73613,0.7363,0.75,0.75
2015.10.12 22:00:05.686,0.73613,0.73629,0.75,0.37
2015.10.12 22:00:06.191,0.73613,0.7363,1.12,0.75
2015.10.12 22:00:11.050,0.73613,0.73631,1.50,1.87
2015.10.12 22:00:11.921,0.73614,0.73631,0.37,1.87
2015.10.12 22:00:16.559,0.73617,0.73631,0.37,1.50
2015.10.12 22:00:18.896,0.73617,0.73632,0.37,0.75
2015.10.12 22:00:19.402,0.73617,0.73633,0.37,1.50
2015.10.12 22:00:22.940,0.73617,0.73632,0.37,0.37
2015.10.12 22:00:25.033,0.73619,0.73631,0.75,0.75
2015.10.12 22:00:29.358,0.73616,0.73632,0.37,0.37
2015.10.12 22:00:30.339,0.73617,0.73632,0.37,0.37
2015.10.12 22:00:31.321,0.73616,0.73632,0.75,0.37
2015.10.12 22:00:42.692,0.73617,0.73633,0.37,1.50
2015.10.12 22:00:45.365,0.73617,0.73632,0.37,0.37
2015.10.12 22:00:50.350,0.73617,0.73633,0.37,1.50
2015.10.12 22:00:56.309,0.73617,0.7363,0.37,0.75
2015.10.12 22:00:56.410,0.73613,0.73628,0.10,0.37
2015.10.12 22:00:56.562,0.73615,0.73628,0.75,0.37
2015.10.12 22:00:56.664,0.73616,0.73632,0.75,1.12
2015.10.12 22:00:57.318,0.73616,0.7363,0.75,0.75
2015.10.12 22:00:57.847,0.73614,0.73627,0.37,0.37
2015.10.12 22:00:59.186,0.73612,0.73627,1.12,0.37
2015.10.12 22:01:02.777,0.73612,0.73629,1.12,1.50
2015.10.12 22:01:03.318,0.73613,0.73629,0.37,1.50
2015.10.12 22:01:04.702,0.73615,0.73629,0.37,0.75
2015.10.12 22:01:11.312,0.73615,0.73631,0.37,0.37
2015.10.12 22:01:11.464,0.73617,0.73631,0.37,0.37
2015.10.12 22:01:11.616,0.73617,0.73634,0.75,1.12
2015.10.12 22:01:21.643,0.73618,0.73634,0.37,1.87
2015.10.12 22:01:24.355,0.73616,0.73634,0.37,2.25
2015.10.12 22:01:24.558,0.73616,0.73628,0.37,0.75
2015.10.12 22:01:24.609,0.73614,0.73628,0.37,1.12
2015.10.12 22:01:25.584,0.73615,0.73628,0.37,0.37
2015.10.12 22:01:25.636,0.73616,0.7363,0.37,0.75
2015.10.12 22:01:25.738,0.73618,0.7363,0.37,0.75
2015.10.12 22:01:26.274,0.73618,0.73631,0.37,0.37
2015.10.12 22:01:26.810,0.73618,0.73632,0.37,0.75
2015.10.12 22:01:28.041,0.73618,0.73629,0.37,0.75
2015.10.12 22:01:28.211,0.73612,0.73627,1.12,0.37
2015.10.12 22:01:28.364,0.73614,0.73627,0.37,0.75
2015.10.12 22:01:28.465,0.73615,0.73629,0.37,0.75
2015.10.12 22:01:28.668,0.73616,0.73632,0.37,0.75
2015.10.12 22:01:30.455,0.73617,0.73632,0.37,0.75
2015.10.12 22:01:31.454,0.73616,0.73632,0.37,0.75
2015.10.12 22:01:38.239,0.73616,0.73633,0.75,1.50
2015.10.12 22:01:38.745,0.73617,0.73633,0.75,0.75
2015.10.12 22:01:39.249,0.73617,0.73634,0.75,1.87
2015.10.12 22:01:41.033,0.73619,0.73634,0.75,1.12
2015.10.12 22:01:41.242,0.73617,0.73634,1.12,1.50
2015.10.12 22:01:44.069,0.73617,0.73633,0.75,0.37
2015.10.12 22:01:46.079,0.73617,0.73634,1.12,1.87
2015.10.12 22:01:56.137,0.73618,0.73634,0.37,1.87
2015.10.12 22:01:57.124,0.73617,0.73634,1.12,1.50
2015.10.12 22:02:00.337,0.73617,0.73628,1.12,0.75
2015.10.12 22:02:02.837,0.73619,0.73628,0.15,0.75
2015.10.12 22:02:03.159,0.73623,0.73628,0.37,0.75
2015.10.12 22:02:03.311,0.73624,0.7363,0.37,0.75
2015.10.12 22:02:08.439,0.73623,0.7363,0.75,0.75
2015.10.12 22:02:08.592,0.7362,0.73629,0.37,0.75
2015.10.12 22:02:08.845,0.73618,0.73629,0.75,0.75
2015.10.12 22:02:09.352,0.73617,0.73629,1.50,0.75
2015.10.12 22:02:11.819,0.73619,0.73629,0.37,0.75
2015.10.12 22:02:16.026,0.73618,0.73629,1.12,0.75
2015.10.12 22:02:24.957,0.73619,0.73629,0.75,0.75
2015.10.12 22:02:30.888,0.7362,0.7363,0.15,0.75
2015.10.12 22:02:31.204,0.73624,0.7363,0.37,0.75
2015.10.12 22:02:32.188,0.73624,0.73629,0.37,0.75
2015.10.12 22:02:32.239,0.73622,0.73629,0.75,0.75
2015.10.12 22:02:32.391,0.7362,0.73629,0.37,0.75
2015.10.12 22:02:33.378,0.73619,0.73629,0.75,0.75
2015.10.12 22:02:34.815,0.73619,0.73631,0.75,0.75
2015.10.12 22:02:35.789,0.73618,0.73631,0.37,0.75
2015.10.12 22:02:35.863,0.7362,0.73631,0.75,0.75
2015.10.12 22:02:36.167,0.73626,0.73632,0.75,0.75
2015.10.12 22:02:36.370,0.73626,0.73642,0.75,0.37
2015.10.12 22:02:36.421,0.73627,0.73644,0.37,0.75
2015.10.12 22:02:37.415,0.73628,0.73644,0.37,0.37
2015.10.12 22:02:38.401,0.73628,0.73645,1.12,1.87
2015.10.12 22:02:39.778,0.73627,0.73643,1.12,1.50
2015.10.12 22:02:40.082,0.73624,0.73634,0.37,0.75
2015.10.12 22:02:40.590,0.73625,0.73633,0.37,0.75
2015.10.12 22:02:40.878,0.73623,0.73633,0.37,0.75
2015.10.12 22:02:41.333,0.73622,0.73631,0.37,0.75
2015.10.12 22:02:41.859,0.73621,0.73631,0.75,0.75
2015.10.12 22:02:41.960,0.73622,0.73633,0.75,0.75
2015.10.12 22:02:42.011,0.73624,0.73633,0.37,0.75
2015.10.12 22:02:42.352,0.73626,0.73633,0.37,0.75
2015.10.12 22:02:42.859,0.73626,0.73634,0.37,0.75
2015.10.12 22:02:43.463,0.73626,0.73633,0.37,0.75
2015.10.12 22:02:43.981,0.73626,0.73634,0.37,0.75
2015.10.12 22:02:51.320,0.73628,0.73634,0.37,0.75
2015.10.12 22:02:51.421,0.73628,0.73641,0.37,0.75
2015.10.12 22:02:51.978,0.73629,0.73641,0.37,0.75
2015.10.12 22:02:52.484,0.73629,0.73642,1.50,0.75
2015.10.12 22:02:53.331,0.7363,0.73642,0.37,0.75
2015.10.12 22:02:53.847,0.73629,0.73644,1.12,0.37
2015.10.12 22:02:59.576,0.7363,0.73644,0.75,0.37
2015.10.12 22:02:59.627,0.73633,0.73644,0.37,0.37
2015.10.12 22:02:59.679,0.73633,0.73646,0.37,0.75
2015.10.12 22:02:59.780,0.73635,0.73646,0.37,0.75
2015.10.12 22:03:02.769,0.73634,0.73646,0.75,0.75
2015.10.12 22:03:04.101,0.73634,0.73648,0.37,0.75
2015.10.12 22:03:04.861,0.73634,0.73646,0.37,0.75
2015.10.12 22:03:14.413,0.73634,0.73645,0.37,0.75
2015.10.12 22:03:14.666,0.73634,0.73647,1.12,0.75
2015.10.12 22:03:15.180,0.73634,0.73646,1.12,0.75
2015.10.12 22:03:16.504,0.73633,0.73645,0.37,0.75
2015.10.12 22:03:17.051,0.73633,0.73646,0.37,0.75
2015.10.12 22:03:18.543,0.73632,0.73643,0.37,0.75
2015.10.12 22:03:18.646,0.73628,0.73643,0.37,0.75
2015.10.12 22:03:18.748,0.73626,0.73643,0.75,0.75
2015.10.12 22:03:21.362,0.73625,0.73642,1.50,0.37
2015.10.12 22:03:22.025,0.73625,0.73643,1.50,1.12
2015.10.12 22:03:22.177,0.73625,0.73641,1.50,0.37
2015.10.12 22:03:22.430,0.73625,0.73643,1.87,1.50
2015.10.12 22:03:22.481,0.73625,0.7364,1.50,0.37
2015.10.12 22:03:22.582,0.73626,0.73642,0.37,0.75
2015.10.12 22:03:23.091,0.73625,0.73642,1.12,0.75
2015.10.12 22:03:23.619,0.73626,0.73642,0.37,0.37
2015.10.12 22:03:24.170,0.73625,0.73641,1.50,0.37
2015.10.12 22:03:24.687,0.73625,0.7364,0.37,0.37
2015.10.12 22:03:25.243,0.73625,0.73641,0.75,0.75
2015.10.12 22:03:26.780,0.73623,0.73641,1.87,1.50
2015.10.12 22:03:26.881,0.73625,0.73641,0.37,1.12
2015.10.12 22:03:26.983,0.73623,0.73641,1.87,1.50
2015.10.12 22:03:27.558,0.73623,0.7364,1.12,0.37
2015.10.12 22:03:27.768,0.73625,0.73641,0.37,1.12
2015.10.12 22:03:28.302,0.73624,0.7364,0.37,0.37
2015.10.12 22:03:28.930,0.73623,0.73639,0.37,0.37
2015.10.12 22:03:29.244,0.7362,0.73636,0.37,1.50
2015.10.12 22:03:30.025,0.73619,0.73634,0.37,0.37
2015.10.12 22:03:32.269,0.73619,0.73636,1.50,0.37
2015.10.12 22:03:32.784,0.7362,0.73637,0.37,0.37
2015.10.12 22:03:35.302,0.73619,0.73637,1.50,0.37
2015.10.12 22:03:38.360,0.73619,0.73636,1.50,0.37
2015.10.12 22:03:50.430,0.7362,0.73636,0.37,1.12
2015.10.12 22:03:51.433,0.73619,0.73636,0.75,0.75
2015.10.12 22:03:52.674,0.7362,0.73636,0.75,0.75
2015.10.12 22:04:02.825,0.7362,0.73639,1.12,1.87
2015.10.12 22:04:03.381,0.73619,0.73638,1.50,1.12
2015.10.12 22:04:13.633,0.7362,0.73637,1.00,1.12
2015.10.12 22:04:23.742,0.73619,0.73637,1.50,1.12
2015.10.12 22:04:34.254,0.7362,0.73637,1.00,1.12
2015.10.12 22:04:42.786,0.7362,0.73636,1.00,1.12
2015.10.12 22:04:44.777,0.73619,0.73636,1.12,1.12
2015.10.12 22:04:58.584,0.73619,0.73639,1.37,1.12
2015.10.12 22:05:00.124,0.7362,0.73639,1.00,1.12
2015.10.12 22:05:00.636,0.7362,0.73639,1.00,1.12
2015.10.12 22:05:03.664,0.73619,0.73633,1.87,1.00
2015.10.12 22:05:35.704,0.7362,0.73631,1.50,1.00
2015.10.12 22:06:00.108,0.7362,0.7363,1.12,1.00
2015.10.12 22:06:00.631,0.73621,0.7363,1.00,1.00
2015.10.12 22:06:10.461,0.7362,0.7363,1.12,1.00
2015.10.12 22:06:20.958,0.73621,0.7363,1.00,1.00
2015.10.12 22:06:23.205,0.73621,0.73631,1.00,1.00
2015.10.12 22:06:28.367,0.73619,0.73631,1.12,1.00
2015.10.12 22:06:28.571,0.73619,0.73635,1.12,1.00
2015.10.12 22:06:28.824,0.73618,0.73633,1.50,1.00
2015.10.12 22:06:29.128,0.73618,0.73636,1.50,1.87
2015.10.12 22:06:32.326,0.73618,0.73627,1.50,1.00
2015.10.12 22:06:32.377,0.73616,0.73627,1.50,1.00
2015.10.12 22:06:32.883,0.73616,0.73627,1.65,1.00
2015.10.12 22:06:33.389,0.73616,0.73627,1.50,1.00
2015.10.12 22:06:34.101,0.73616,0.73626,1.50,1.00
2015.10.12 22:06:42.713,0.73616,0.73626,1.50,1.00
2015.10.12 22:06:52.145,0.73616,0.73627,1.37,1.00
2015.10.12 22:07:12.139,0.73614,0.73625,2.62,1.00
2015.10.12 22:07:23.286,0.73613,0.73625,1.87,1.00
2015.10.12 22:07:23.446,0.73609,0.73625,1.12,1.50
2015.10.12 22:07:24.486,0.73607,0.73623,1.50,1.12
2015.10.12 22:07:25.262,0.73608,0.73623,2.25,1.00
2015.10.12 22:07:25.802,0.7361,0.73623,1.00,1.00
2015.10.12 22:07:38.115,0.7361,0.73622,1.00,1.00
2015.10.12 22:07:41.400,0.7361,0.73623,1.00,1.00
2015.10.12 22:07:41.925,0.7361,0.73622,1.00,1.00
2015.10.12 22:07:43.390,0.7361,0.73623,1.00,1.00
2015.10.12 22:07:43.895,0.7361,0.73622,1.00,1.00
2015.10.12 22:07:45.367,0.7361,0.73623,1.00,1.00
2015.10.12 22:07:45.911,0.7361,0.73622,1.00,1.00
2015.10.12 22:07:47.322,0.73609,0.73622,1.12,1.00
2015.10.12 22:07:48.360,0.73606,0.73623,1.37,1.50
2015.10.12 22:07:48.411,0.73613,0.73623,1.00,1.37
2015.10.12 22:07:48.620,0.73609,0.73623,1.00,1.00
2015.10.12 22:07:51.039,0.7361,0.73623,1.00,1.00
2015.10.12 22:07:54.920,0.7361,0.73621,1.00,1.00
2015.10.12 22:07:57.139,0.73609,0.73622,2.25,1.00
2015.10.12 22:08:01.083,0.73609,0.73624,2.25,1.37
2015.10.12 22:08:01.641,0.73609,0.73624,2.25,1.12
2015.10.12 22:08:02.833,0.73607,0.7362,2.62,1.00
2015.10.12 22:08:03.362,0.73607,0.7362,1.50,1.00
2015.10.12 22:08:12.264,0.73606,0.7362,1.12,1.00
2015.10.12 22:08:12.369,0.73604,0.73619,1.00,1.00
2015.10.12 22:08:12.992,0.73604,0.73619,2.25,1.00
2015.10.12 22:08:13.498,0.73606,0.73621,1.50,1.37
2015.10.12 22:08:33.992,0.73606,0.73621,1.50,1.12
2015.10.12 22:08:41.028,0.73606,0.73621,1.50,1.37
2015.10.12 22:08:41.988,0.73606,0.73621,1.50,1.12
2015.10.12 22:08:53.084,0.73604,0.73621,2.62,1.12
2015.10.12 22:08:53.617,0.73604,0.73621,2.25,1.37
2015.10.12 22:08:54.120,0.73604,0.73619,2.25,1.00
2015.10.12 22:08:54.272,0.73606,0.73619,1.00,1.00
2015.10.12 22:08:54.773,0.73606,0.73621,1.00,1.37
2015.10.12 22:08:55.279,0.73606,0.73619,1.00,1.00
2015.10.12 22:08:56.883,0.73606,0.73618,1.00,1.00
2015.10.12 22:08:57.231,0.73606,0.73616,1.00,1.00
2015.10.12 22:08:57.635,0.736,0.73615,1.75,1.00
2015.10.12 22:08:57.737,0.736,0.73615,1.50,1.12
2015.10.12 22:08:57.940,0.73597,0.73611,1.50,1.12
2015.10.12 22:08:58.092,0.73593,0.73611,1.87,1.50
2015.10.12 22:08:58.143,0.73593,0.73609,1.00,1.12
2015.10.12 22:08:58.296,0.73591,0.73609,1.87,1.50
2015.10.12 22:08:58.347,0.73591,0.73609,1.12,1.50
2015.10.12 22:08:58.692,0.7358,0.73597,1.00,1.12
2015.10.12 22:08:58.894,0.73578,0.73596,1.00,1.50
2015.10.12 22:08:59.352,0.7358,0.73595,1.00,1.00
2015.10.12 22:08:59.799,0.73577,0.73595,1.50,1.50
2015.10.12 22:08:59.850,0.73577,0.73595,1.50,1.12
2015.10.12 22:08:59.951,0.73577,0.73595,1.50,1.12
2015.10.12 22:09:00.594,0.7358,0.73597,1.00,1.87
2015.10.12 22:09:00.746,0.7358,0.73597,1.37,1.50
2015.10.12 22:09:01.051,0.7358,0.73596,1.12,1.00
2015.10.12 22:09:01.254,0.7358,0.73595,1.12,1.50
2015.10.12 22:09:01.782,0.73578,0.73596,1.50,1.87
2015.10.12 22:09:02.085,0.73581,0.73596,1.00,1.12
2015.10.12 22:09:02.591,0.7358,0.73596,1.00,1.12
2015.10.12 22:09:02.793,0.7358,0.73596,1.00,1.12
2015.10.12 22:09:04.577,0.7358,0.73599,1.50,2.25
2015.10.12 22:09:04.679,0.7358,0.73599,2.25,2.25
2015.10.12 22:09:05.691,0.73581,0.736,1.37,3.37
2015.10.12 22:09:06.550,0.73582,0.73599,1.50,1.37
2015.10.12 22:09:07.536,0.73582,0.736,1.12,3.37
2015.10.12 22:09:08.142,0.73581,0.736,1.87,2.25
2015.10.12 22:09:08.668,0.73581,0.736,1.50,1.87
2015.10.12 22:09:09.568,0.73581,0.736,1.50,1.87
2015.10.12 22:09:10.058,0.73581,0.73596,1.50,1.00
2015.10.12 22:09:10.573,0.73582,0.73596,1.37,1.00
2015.10.12 22:09:10.877,0.73593,0.73607,1.00,2.25
2015.10.12 22:09:11.182,0.73591,0.7361,1.12,1.87
2015.10.12 22:09:11.508,0.73589,0.73601,1.00,1.00
2015.10.12 22:09:11.711,0.73592,0.73607,1.00,1.50
2015.10.12 22:09:11.814,0.73597,0.7361,1.00,1.87
2015.10.12 22:09:12.808,0.73598,0.73611,1.00,1.00
2015.10.12 22:09:13.365,0.736,0.73611,1.00,1.00
2015.10.12 22:09:13.618,0.73603,0.73615,1.00,1.00
2015.10.12 22:09:13.872,0.73603,0.73618,1.00,1.12
2015.10.12 22:09:14.398,0.73604,0.7362,1.12,1.37
2015.10.12 22:09:14.803,0.73604,0.73622,1.87,1.87
2015.10.12 22:09:15.006,0.73605,0.73622,1.50,1.37
2015.10.12 22:09:15.605,0.73608,0.73621,1.00,1.12
2015.10.12 22:09:16.102,0.73603,0.73615,1.00,1.12
2015.10.12 22:09:16.254,0.736,0.73615,1.00,1.12
2015.10.12 22:09:16.557,0.73597,0.73613,1.50,1.12
2015.10.12 22:09:18.116,0.73597,0.73612,1.50,1.00
2015.10.12 22:09:20.761,0.73598,0.73612,1.00,1.00
2015.10.12 22:09:23.797,0.73596,0.73612,1.12,1.00
2015.10.12 22:09:23.900,0.73594,0.7361,1.75,1.00
2015.10.12 22:09:24.417,0.73594,0.7361,1.50,1.00
2015.10.12 22:09:24.938,0.73596,0.7361,1.50,1.00
2015.10.12 22:09:25.513,0.73596,0.73611,1.00,1.00
2015.10.12 22:09:27.096,0.73595,0.73611,1.87,1.00
2015.10.12 22:09:29.803,0.73595,0.73611,1.87,1.00
2015.10.12 22:09:30.660,0.73595,0.73612,2.62,1.00
2015.10.12 22:09:34.972,0.73595,0.73612,2.62,1.50
2015.10.12 22:09:38.142,0.73595,0.73612,2.62,1.87
2015.10.12 22:09:41.134,0.73596,0.73612,1.50,1.00
2015.10.12 22:09:45.842,0.73597,0.7361,1.00,1.00
2015.10.12 22:09:46.155,0.73597,0.73612,1.00,1.00
2015.10.12 22:09:53.028,0.73597,0.73612,1.12,1.07
2015.10.12 22:10:00.966,0.73597,0.73612,1.00,1.00
2015.10.12 22:10:02.081,0.73596,0.73613,1.50,1.50
2015.10.12 22:10:02.819,0.73596,0.73613,1.87,1.50
2015.10.12 22:10:03.892,0.73596,0.73611,1.87,1.00
2015.10.12 22:10:04.426,0.73596,0.73612,1.87,1.00
2015.10.12 22:10:05.378,0.73596,0.73612,1.87,1.00
2015.10.12 22:10:05.912,0.73596,0.73613,1.87,1.50
2015.10.12 22:10:06.381,0.73596,0.73613,1.50,1.87
2015.10.12 22:10:07.502,0.73596,0.73613,1.50,1.87
2015.10.12 22:10:11.434,0.73597,0.73613,1.00,1.87
2015.10.12 22:10:12.096,0.73596,0.73613,1.87,1.50
2015.10.12 22:10:12.198,0.73596,0.73611,1.12,1.00
2015.10.12 22:10:12.299,0.73596,0.73613,1.12,1.50
2015.10.12 22:10:12.603,0.73596,0.73611,1.12,1.00
2015.10.12 22:10:13.106,0.73594,0.73611,1.37,1.00
2015.10.12 22:10:13.411,0.73588,0.73604,1.37,1.00
2015.10.12 22:10:13.614,0.73589,0.73606,1.37,1.00
2015.10.12 22:10:14.120,0.7359,0.73607,1.00,1.87
2015.10.12 22:10:14.674,0.7359,0.73608,2.25,1.00
2015.10.12 22:10:14.877,0.7359,0.73607,1.87,1.00
2015.10.12 22:10:15.130,0.73593,0.73609,1.50,1.00
2015.10.12 22:10:16.919,0.73593,0.73609,1.50,1.00
2015.10.12 22:10:17.573,0.73594,0.73609,2.62,1.00
2015.10.12 22:10:18.726,0.73595,0.73608,1.00,1.00
2015.10.12 22:10:19.152,0.73594,0.73608,2.62,1.00
2015.10.12 22:10:24.102,0.73595,0.73608,1.00,1.00
2015.10.12 22:10:25.347,0.73595,0.7361,1.00,1.00
2015.10.12 22:10:37.231,0.73592,0.73609,1.37,1.00
2015.10.12 22:10:37.484,0.73591,0.73608,1.12,1.00
2015.10.12 22:10:37.686,0.73589,0.73606,2.25,1.00
2015.10.12 22:10:37.838,0.73589,0.73606,2.25,1.00
2015.10.12 22:10:37.889,0.73589,0.73604,1.12,1.00
2015.10.12 22:10:38.446,0.73588,0.73606,1.37,1.00
2015.10.12 22:10:38.681,0.73592,0.73607,1.00,1.00
2015.10.12 22:10:38.884,0.73592,0.73609,1.12,1.50
2015.10.12 22:10:39.847,0.73592,0.73609,2.25,1.00
2015.10.12 22:10:40.353,0.73593,0.7361,2.62,1.00
2015.10.12 22:10:40.682,0.73596,0.73612,1.50,1.87
2015.10.12 22:10:41.208,0.73594,0.73611,1.50,1.12
2015.10.12 22:10:41.511,0.73593,0.73609,1.37,1.00
2015.10.12 22:10:46.233,0.73593,0.73609,1.12,1.00
2015.10.12 22:10:46.486,0.73595,0.73612,1.00,1.87
2015.10.12 22:10:46.840,0.73592,0.7361,1.87,1.00
2015.10.12 22:10:47.374,0.73592,0.7361,1.50,1.12
2015.10.12 22:10:48.636,0.73592,0.7361,1.50,1.37
2015.10.12 22:10:49.154,0.73592,0.73608,1.50,1.00
2015.10.12 22:10:51.091,0.73592,0.73607,1.50,1.00
2015.10.12 22:10:51.244,0.73589,0.73602,1.12,1.00
2015.10.12 22:10:51.346,0.73585,0.73602,2.62,1.00
2015.10.12 22:10:51.448,0.73586,0.73605,1.50,1.00
2015.10.12 22:10:51.981,0.73585,0.73604,2.62,1.00
2015.10.12 22:10:52.083,0.73587,0.73604,1.50,1.12
2015.10.12 22:10:58.087,0.73587,0.73606,1.50,1.12
2015.10.12 22:10:59.094,0.73587,0.73606,1.12,1.37
2015.10.12 22:10:59.363,0.73588,0.73607,1.37,1.50
2015.10.12 22:11:00.333,0.73588,0.73607,2.25,1.37
2015.10.12 22:11:01.133,0.73589,0.73606,1.37,1.57
2015.10.12 22:11:01.235,0.73589,0.73606,1.87,1.87
2015.10.12 22:11:01.387,0.73589,0.73606,1.50,1.00
2015.10.12 22:11:01.691,0.73593,0.73609,1.00,1.12
2015.10.12 22:11:01.844,0.73593,0.7361,2.25,1.37
2015.10.12 22:11:01.996,0.73595,0.73612,1.50,1.37
2015.10.12 22:11:02.879,0.73595,0.73612,1.12,1.12
2015.10.12 22:11:07.663,0.73595,0.73611,1.12,1.12
2015.10.12 22:11:12.574,0.73595,0.73611,1.50,1.00
2015.10.12 22:11:12.777,0.73593,0.73611,1.75,1.37
2015.10.12 22:11:12.828,0.73593,0.73611,1.12,1.37
2015.10.12 22:11:12.980,0.7359,0.73606,1.12,1.00
2015.10.12 22:11:13.486,0.7359,0.73607,1.00,1.00
2015.10.12 22:11:14.036,0.7359,0.73607,1.00,1.37
2015.10.12 22:11:19.007,0.7359,0.73607,1.00,1.00
2015.10.12 22:11:20.563,0.7359,0.73605,1.00,1.00
2015.10.12 22:11:20.665,0.7359,0.73607,1.00,1.12
2015.10.12 22:11:20.797,0.73588,0.73607,2.25,1.37
2015.10.12 22:11:21.310,0.73588,0.73605,1.87,1.87
2015.10.12 22:11:23.419,0.73588,0.73603,2.25,1.00
2015.10.12 22:11:23.824,0.73587,0.73602,1.00,1.37
2015.10.12 22:11:23.875,0.73585,0.73602,1.12,1.37
2015.10.12 22:11:24.019,0.73587,0.73601,1.12,1.37
2015.10.12 22:11:24.173,0.73588,0.73604,1.12,1.37
2015.10.12 22:11:24.685,0.73588,0.73603,1.50,1.12
2015.10.12 22:11:25.292,0.73586,0.73603,3.37,1.00
2015.10.12 22:11:25.852,0.73586,0.73603,3.37,1.00
2015.10.12 22:11:26.381,0.73587,0.73604,1.12,1.00
2015.10.12 22:11:26.432,0.73587,0.73603,1.00,1.37
2015.10.12 22:11:26.585,0.73584,0.73601,1.12,1.50
2015.10.12 22:11:27.091,0.73584,0.736,1.00,1.00
2015.10.12 22:11:27.707,0.73584,0.73602,1.37,1.37
2015.10.12 22:11:27.810,0.73585,0.73603,1.00,1.50
2015.10.12 22:11:27.912,0.73587,0.73604,1.37,1.50
2015.10.12 22:11:28.114,0.73586,0.73604,1.12,1.95
2015.10.12 22:11:28.369,0.73586,0.73602,1.12,1.00
2015.10.12 22:11:28.874,0.73585,0.73604,3.37,1.95
2015.10.12 22:11:28.925,0.73585,0.73602,3.37,1.00
2015.10.12 22:11:29.944,0.73585,0.73602,3.00,1.00
2015.10.12 22:11:30.622,0.73587,0.73604,1.12,1.12
2015.10.12 22:11:31.145,0.73587,0.73604,1.37,1.12
2015.10.12 22:11:31.916,0.73587,0.73604,1.00,1.00
2015.10.12 22:11:32.068,0.73589,0.73606,1.00,3.00
2015.10.12 22:11:32.389,0.73591,0.73608,1.00,1.12
2015.10.12 22:11:32.900,0.73591,0.73607,1.00,1.00
2015.10.12 22:11:33.405,0.73591,0.73606,1.12,1.00
2015.10.12 22:11:35.624,0.73588,0.73604,1.50,1.00
2015.10.12 22:11:40.352,0.73588,0.73605,1.00,1.12
2015.10.12 22:11:41.528,0.73588,0.73605,1.00,1.37
2015.10.12 22:11:41.579,0.73586,0.73603,1.50,1.87
2015.10.12 22:11:41.630,0.73586,0.73603,1.50,1.50
2015.10.12 22:11:41.934,0.73586,0.73603,1.50,1.65
2015.10.12 22:11:42.338,0.73586,0.73603,1.00,1.50
2015.10.12 22:11:42.910,0.73586,0.73603,1.00,1.37
2015.10.12 22:11:43.646,0.73586,0.73603,1.12,1.12
2015.10.12 22:11:45.544,0.73586,0.73603,1.00,1.37
2015.10.12 22:11:46.604,0.73586,0.73602,1.37,1.12
2015.10.12 22:11:47.385,0.73588,0.73605,1.00,2.62
2015.10.12 22:11:47.487,0.73588,0.73605,2.62,1.50
2015.10.12 22:11:47.992,0.73588,0.73604,1.50,1.00
2015.10.12 22:11:50.111,0.73588,0.73605,1.50,1.12
2015.10.12 22:11:56.310,0.73588,0.73604,1.00,1.00
2015.10.12 22:11:56.815,0.73587,0.73604,2.25,1.00
2015.10.12 22:12:16.502,0.73587,0.73604,1.87,1.12
2015.10.12 22:12:23.528,0.73587,0.73604,1.12,1.00
2015.10.12 22:12:25.455,0.73586,0.73602,2.25,1.12
2015.10.12 22:12:25.803,0.73591,0.73607,2.62,1.00
2015.10.12 22:12:26.107,0.73596,0.73611,1.50,1.00
2015.10.12 22:12:26.613,0.73595,0.7361,1.12,1.50
2015.10.12 22:12:27.124,0.73594,0.7361,1.00,1.00
2015.10.12 22:12:27.863,0.73594,0.73609,1.00,1.00
2015.10.12 22:12:43.349,0.73594,0.73607,1.12,1.00
2015.10.12 22:12:43.451,0.73591,0.73607,1.00,1.75
2015.10.12 22:12:43.805,0.73592,0.73608,1.00,2.62
2015.10.12 22:12:44.331,0.73593,0.73608,1.00,1.37
2015.10.12 22:12:53.622,0.73592,0.73606,1.00,1.00
2015.10.12 22:12:53.825,0.7359,0.73606,1.00,1.00
2015.10.12 22:12:54.818,0.73592,0.73608,1.00,2.62
2015.10.12 22:12:55.375,0.73589,0.73606,1.12,1.50
2015.10.12 22:12:55.477,0.73589,0.73606,1.00,2.62
2015.10.12 22:12:55.780,0.7359,0.73606,1.00,2.25
2015.10.12 22:12:55.900,0.73592,0.73606,1.00,2.25
2015.10.12 22:12:56.406,0.73591,0.73606,1.00,1.50
2015.10.12 22:13:00.319,0.73592,0.73607,1.00,1.50
2015.10.12 22:13:01.633,0.7359,0.73607,1.12,1.50
2015.10.12 22:13:02.739,0.7359,0.73607,1.12,1.50
2015.10.12 22:13:06.009,0.7359,0.73605,1.12,1.00
2015.10.12 22:13:06.515,0.73588,0.73604,1.87,1.00
2015.10.12 22:13:07.058,0.73588,0.73604,1.50,1.00
2015.10.12 22:13:07.678,0.73588,0.73605,1.50,1.12
2015.10.12 22:13:08.315,0.73588,0.73605,1.87,1.50
2015.10.12 22:13:09.385,0.73588,0.73605,1.50,1.12
2015.10.12 22:13:38.392,0.73586,0.73603,2.25,1.12
2015.10.12 22:13:38.748,0.73586,0.73603,1.37,2.40
2015.10.12 22:13:41.879,0.73586,0.73603,1.37,1.87
2015.10.12 22:13:42.886,0.73585,0.73603,1.87,1.87
2015.10.12 22:13:43.912,0.73585,0.73603,1.87,1.87
2015.10.12 22:13:45.090,0.73585,0.73603,1.75,1.87
2015.10.12 22:13:46.098,0.73586,0.73603,1.50,1.87
2015.10.12 22:13:49.565,0.73586,0.73603,1.50,1.50
2015.10.12 22:13:49.666,0.73587,0.73605,1.75,1.47
2015.10.12 22:13:50.121,0.73587,0.73602,1.50,1.00
2015.10.12 22:13:50.703,0.73587,0.73604,1.50,2.62
2015.10.12 22:13:51.108,0.73588,0.73601,1.37,1.00
2015.10.12 22:13:51.361,0.73587,0.73601,1.00,1.00
2015.10.12 22:13:55.528,0.73585,0.736,1.00,1.00
2015.10.12 22:13:55.755,0.73586,0.73599,1.12,1.75
2015.10.12 22:13:55.958,0.73592,0.73609,1.00,2.32
2015.10.12 22:13:56.212,0.73594,0.73609,1.12,1.00
2015.10.12 22:13:56.728,0.73594,0.73608,1.00,1.00
2015.10.12 22:13:57.289,0.73594,0.73611,1.00,2.62
2015.10.12 22:13:57.644,0.73594,0.73611,1.50,1.00
2015.10.12 22:13:57.796,0.73594,0.73612,2.25,1.50
2015.10.12 22:13:58.301,0.73595,0.73613,1.75,2.25
2015.10.12 22:13:58.808,0.73595,0.73613,1.87,1.50
2015.10.12 22:13:59.922,0.73595,0.73611,1.87,1.50
2015.10.12 22:14:00.226,0.73593,0.73608,1.00,1.87
2015.10.12 22:14:39.135,0.73592,0.73608,1.12,1.00
2015.10.12 22:14:49.936,0.73592,0.73607,1.00,1.00
2015.10.12 22:14:50.239,0.73591,0.73605,1.00,1.12
2015.10.12 22:14:56.795,0.7359,0.73607,1.00,3.00
2015.10.12 22:14:58.563,0.73589,0.73607,1.50,1.50
2015.10.12 22:14:58.867,0.73592,0.73608,1.12,1.50
2015.10.12 22:15:06.683,0.73591,0.73608,1.12,1.87
2015.10.12 22:15:07.065,0.73589,0.73607,2.25,1.37
2015.10.12 22:15:07.671,0.7359,0.73607,1.00,1.50
2015.10.12 22:15:09.201,0.73589,0.73606,1.37,1.37
2015.10.12 22:15:12.548,0.73587,0.73604,2.25,1.00
2015.10.12 22:15:13.062,0.73587,0.73603,1.37,1.12
2015.10.12 22:15:13.366,0.73586,0.73603,1.37,1.12
2015.10.12 22:15:13.720,0.73586,0.736,1.12,1.00
2015.10.12 22:15:13.973,0.73584,0.73601,1.12,1.12
2015.10.12 22:15:14.480,0.73584,0.73601,1.00,1.87
2015.10.12 22:15:24.788,0.73583,0.736,2.25,1.00
2015.10.12 22:15:26.303,0.73583,0.73602,2.25,2.62
2015.10.12 22:15:28.041,0.73584,0.73602,1.00,2.62
2015.10.12 22:15:34.107,0.73583,0.73601,1.87,1.50
2015.10.12 22:15:34.815,0.73583,0.73601,2.25,1.50
2015.10.12 22:15:35.832,0.73583,0.73601,2.25,1.50
2015.10.12 22:15:42.722,0.73583,0.73601,2.25,1.50
2015.10.12 22:15:45.821,0.73583,0.73602,2.62,2.25
2015.10.12 22:15:48.871,0.73583,0.73602,2.62,2.25
2015.10.12 22:15:52.230,0.73583,0.736,2.62,1.00
2015.10.12 22:15:54.208,0.73584,0.73601,1.37,1.87
2015.10.12 22:15:56.207,0.73583,0.736,3.37,1.00
2015.10.12 22:15:58.297,0.73584,0.73601,1.37,1.50
2015.10.12 22:16:02.193,0.73584,0.73601,1.12,1.50
2015.10.12 22:16:17.289,0.73584,0.73594,1.00,1.12
2015.10.12 22:16:17.392,0.73577,0.73594,1.27,1.50
2015.10.12 22:16:18.297,0.73581,0.736,1.12,1.87
2015.10.12 22:16:18.457,0.73583,0.73598,1.00,1.12
2015.10.12 22:16:18.559,0.7358,0.73598,1.50,1.37
2015.10.12 22:16:18.610,0.7358,0.73598,1.50,1.37
2015.10.12 22:16:18.913,0.73582,0.73598,1.00,1.37
2015.10.12 22:16:22.508,0.73582,0.73596,1.00,1.00
2015.10.12 22:16:28.792,0.73581,0.73596,1.00,1.12
2015.10.12 22:16:33.303,0.73581,0.73595,1.00,1.00
2015.10.12 22:16:33.837,0.7358,0.73595,1.00,1.50
2015.10.12 22:16:35.058,0.73578,0.73595,1.87,1.50
2015.10.12 22:16:35.517,0.73578,0.73595,1.87,1.50
2015.10.12 22:16:38.527,0.73578,0.73592,1.12,1.00
2015.10.12 22:16:38.780,0.73575,0.73594,2.62,2.25
2015.10.12 22:16:39.033,0.73575,0.7359,1.12,1.00
2015.10.12 22:16:39.457,0.73573,0.7359,1.87,1.87
2015.10.12 22:16:40.933,0.73572,0.73589,1.12,1.37
2015.10.12 22:16:41.476,0.73573,0.73589,1.12,1.50
2015.10.12 22:16:42.034,0.73573,0.73589,1.00,1.87
2015.10.12 22:16:42.338,0.73572,0.73589,1.87,3.37
2015.10.12 22:16:43.636,0.73572,0.73589,1.37,1.50
2015.10.12 22:16:48.536,0.73574,0.7359,1.00,1.87
2015.10.12 22:16:49.455,0.73574,0.7359,1.00,1.50
2015.10.12 22:16:50.011,0.73574,0.7359,1.00,1.12
2015.10.12 22:16:53.556,0.73574,0.73591,1.00,2.62
2015.10.12 22:16:54.095,0.73574,0.73591,1.00,2.62
2015.10.12 22:16:57.051,0.73574,0.73591,1.12,2.25
2015.10.12 22:16:58.583,0.73573,0.73589,1.00,1.12
2015.10.12 22:16:58.836,0.73576,0.73592,1.00,1.87
2015.10.12 22:16:58.988,0.7358,0.73595,1.12,1.12
2015.10.12 22:16:59.090,0.7358,0.73595,1.50,1.00
2015.10.12 22:16:59.141,0.73582,0.73599,1.37,1.50
2015.10.12 22:16:59.343,0.73585,0.736,1.00,1.12
2015.10.12 22:17:14.313,0.73586,0.73602,1.00,1.37
2015.10.12 22:17:22.741,0.73586,0.73603,1.00,2.62
2015.10.12 22:17:24.362,0.73586,0.73602,1.00,1.00
2015.10.12 22:17:24.413,0.73584,0.73602,1.00,1.12
2015.10.12 22:17:24.464,0.73587,0.73599,1.00,1.00
2015.10.12 22:17:24.667,0.73588,0.73604,1.37,1.00
2015.10.12 22:17:24.870,0.73586,0.73603,1.37,1.00
2015.10.12 22:17:25.376,0.73585,0.73603,1.37,1.37
2015.10.12 22:17:25.680,0.73584,0.73602,1.50,1.87
2015.10.12 22:17:25.732,0.73583,0.73599,1.37,1.12
2015.10.12 22:17:26.038,0.7358,0.73599,3.00,2.25
2015.10.12 22:17:26.142,0.7358,0.73599,2.25,2.25
2015.10.12 22:17:26.244,0.7358,0.73599,2.25,2.25
2015.10.12 22:17:26.396,0.73586,0.736,1.00,1.37
2015.10.12 22:17:26.548,0.73589,0.73606,1.12,1.20
2015.10.12 22:17:26.751,0.73587,0.73603,1.00,1.37
2015.10.12 22:17:27.090,0.73583,0.73599,1.37,1.00
2015.10.12 22:17:27.394,0.7358,0.73599,2.25,1.50
2015.10.12 22:17:27.901,0.7358,0.73599,2.25,2.25
2015.10.12 22:17:28.754,0.7358,0.73599,1.75,2.25
2015.10.12 22:17:29.609,0.73582,0.736,3.00,1.37
2015.10.12 22:17:29.931,0.73586,0.73602,1.00,1.12
2015.10.12 22:17:30.285,0.73584,0.736,1.37,1.00
2015.10.12 22:17:30.543,0.73582,0.736,2.62,1.00
2015.10.12 22:17:31.049,0.73582,0.736,1.37,1.50
2015.10.12 22:17:31.522,0.7358,0.73597,1.87,1.00
2015.10.12 22:17:32.643,0.73581,0.73597,1.37,1.12
2015.10.12 22:17:33.620,0.73581,0.73597,1.12,1.12
2015.10.12 22:17:35.644,0.73579,0.73597,1.50,1.12
2015.10.12 22:17:36.655,0.73579,0.73597,1.50,1.12
2015.10.12 22:17:38.062,0.73582,0.73599,1.00,1.75
2015.10.12 22:17:38.265,0.73584,0.736,1.37,1.75
2015.10.12 22:17:38.429,0.73585,0.73601,1.12,1.00
2015.10.12 22:17:38.481,0.73587,0.73603,1.00,1.37
2015.10.12 22:17:39.232,0.73587,0.73603,1.00,1.12
2015.10.12 22:17:39.536,0.73583,0.736,1.37,1.12
2015.10.12 22:17:39.840,0.73581,0.73599,1.87,1.75
2015.10.12 22:17:41.428,0.73582,0.73599,2.25,1.87
2015.10.12 22:17:41.530,0.73585,0.736,1.12,1.00
2015.10.12 22:17:41.835,0.73582,0.73599,1.87,1.75
2015.10.12 22:17:42.748,0.73582,0.73599,1.37,1.75
2015.10.12 22:17:43.053,0.73582,0.73597,1.12,1.50
2015.10.12 22:17:43.205,0.73586,0.73601,1.00,2.62
2015.10.12 22:17:43.371,0.73586,0.73601,1.87,1.00
2015.10.12 22:17:43.478,0.73586,0.73602,2.25,1.00
2015.10.12 22:17:43.782,0.73585,0.73601,1.37,1.50
2015.10.12 22:17:44.035,0.73583,0.73599,1.00,1.12
2015.10.12 22:17:44.541,0.73583,0.73599,1.00,1.50
2015.10.12 22:17:44.974,0.73584,0.736,1.37,1.00
2015.10.12 22:17:45.380,0.73585,0.73602,1.50,2.25
2015.10.12 22:17:45.583,0.73583,0.73602,1.50,3.37
2015.10.12 22:17:45.886,0.73583,0.73601,1.37,1.75
2015.10.12 22:17:46.139,0.73583,0.736,1.00,2.62
2015.10.12 22:17:46.517,0.73585,0.73601,1.00,1.37
2015.10.12 22:17:46.568,0.73586,0.73603,1.00,2.25
2015.10.12 22:17:46.619,0.73586,0.73603,1.87,1.12
2015.10.12 22:17:46.974,0.73586,0.73601,1.50,1.00
2015.10.12 22:17:47.126,0.73584,0.73601,1.00,1.87
2015.10.12 22:17:47.227,0.73584,0.736,1.00,1.50
2015.10.12 22:17:47.736,0.73582,0.736,1.37,2.25
2015.10.12 22:17:48.460,0.73581,0.73598,1.12,1.12
2015.10.12 22:17:49.553,0.73581,0.73599,1.87,1.50
2015.10.12 22:17:51.349,0.73582,0.73597,1.12,1.00
2015.10.12 22:17:52.334,0.73582,0.73599,1.12,1.87
2015.10.12 22:17:53.607,0.73583,0.73599,1.00,1.87
2015.10.12 22:17:54.392,0.73581,0.73599,1.87,1.87
2015.10.12 22:17:54.898,0.73583,0.73599,1.00,1.87
2015.10.12 22:18:03.594,0.73581,0.73598,1.00,1.50
2015.10.12 22:18:04.593,0.73581,0.73598,1.37,1.87
2015.10.12 22:18:05.583,0.73583,0.73598,1.00,1.50
2015.10.12 22:18:06.288,0.73584,0.73598,1.00,1.50
2015.10.12 22:18:06.339,0.73586,0.73598,1.00,1.00
2015.10.12 22:18:06.644,0.73594,0.7361,1.12,1.75
2015.10.12 22:18:06.810,0.73593,0.7361,1.37,2.32
2015.10.12 22:18:08.351,0.73594,0.73611,1.87,1.87
2015.10.12 22:18:09.560,0.73593,0.7361,3.00,1.00
2015.10.12 22:18:13.597,0.73593,0.7361,2.25,1.50
2015.10.12 22:18:14.657,0.73593,0.7361,1.87,1.50
2015.10.12 22:18:22.033,0.73596,0.7361,1.00,1.00
2015.10.12 22:18:22.309,0.73596,0.73613,1.87,2.25
2015.10.12 22:18:22.512,0.73598,0.73613,1.12,1.00
2015.10.12 22:18:22.664,0.73598,0.73615,1.87,1.50
2015.10.12 22:18:23.069,0.73598,0.73612,1.37,1.00
2015.10.12 22:18:23.221,0.73595,0.73612,2.25,1.12
2015.10.12 22:18:24.211,0.73596,0.73612,1.00,1.00
2015.10.12 22:18:26.577,0.73595,0.73612,1.12,1.00
2015.10.12 22:18:26.679,0.73595,0.73612,1.37,1.00
2015.10.12 22:18:26.983,0.7359,0.73606,1.12,1.00
2015.10.12 22:18:27.491,0.7359,0.73605,1.12,1.00
2015.10.12 22:18:28.008,0.73591,0.73605,1.00,1.00
2015.10.12 22:18:28.059,0.73591,0.73607,1.00,1.12
2015.10.12 22:18:28.363,0.73588,0.73606,1.37,1.50
2015.10.12 22:18:29.319,0.73588,0.73606,1.87,1.50
2015.10.12 22:18:29.846,0.73588,0.73605,1.87,1.00
2015.10.12 22:18:30.548,0.73588,0.73606,1.87,1.50
2015.10.12 22:18:33.306,0.73588,0.73606,1.37,2.25
2015.10.12 22:18:35.313,0.73588,0.73606,1.12,2.25
2015.10.12 22:18:40.634,0.73587,0.73603,1.37,1.12
2015.10.12 22:18:41.181,0.73586,0.73602,1.37,1.00
2015.10.12 22:18:41.916,0.73586,0.73602,1.12,1.00
2015.10.12 22:18:50.556,0.73584,0.73599,1.50,1.00
2015.10.12 22:18:50.657,0.73583,0.73599,1.87,1.00
2015.10.12 22:18:51.158,0.73581,0.73598,3.37,1.00
2015.10.12 22:18:51.829,0.73581,0.73598,3.37,1.00
2015.10.12 22:18:52.335,0.73581,0.73598,2.25,2.25
2015.10.12 22:18:52.872,0.73581,0.73598,2.25,2.25
2015.10.12 22:18:56.853,0.73581,0.73599,1.50,2.25
2015.10.12 22:18:57.157,0.73579,0.73597,1.87,1.50
2015.10.12 22:18:58.027,0.73585,0.736,1.00,1.12
2015.10.12 22:18:59.858,0.73585,0.736,1.00,1.12
2015.10.12 22:19:00.383,0.73585,0.73599,1.00,1.50
2015.10.12 22:19:00.819,0.73583,0.73598,1.00,1.37
2015.10.12 22:19:01.022,0.73579,0.73595,1.37,1.50
2015.10.12 22:19:01.536,0.73578,0.73595,3.00,1.87
2015.10.12 22:19:01.888,0.73578,0.73595,3.00,1.87
2015.10.12 22:19:03.369,0.73579,0.73596,1.00,1.87
2015.10.12 22:19:16.377,0.73579,0.73591,1.00,1.37
2015.10.12 22:19:16.428,0.73576,0.73591,1.37,1.37
2015.10.12 22:19:16.631,0.73572,0.7359,2.25,1.37
2015.10.12 22:19:17.156,0.73572,0.73588,1.50,1.12
2015.10.12 22:19:17.662,0.73572,0.73588,1.50,1.37
2015.10.12 22:19:21.369,0.73571,0.73588,1.75,1.37
2015.10.12 22:19:21.875,0.73569,0.73587,2.40,1.87
2015.10.12 22:19:23.451,0.73573,0.73587,1.00,1.37
2015.10.12 22:19:26.411,0.73574,0.73589,1.00,1.75
2015.10.12 22:19:36.385,0.73574,0.7359,1.12,1.50
2015.10.12 22:19:37.428,0.73574,0.7359,1.12,1.50
2015.10.12 22:19:43.524,0.73574,0.7359,1.00,1.37
2015.10.12 22:19:45.836,0.73574,0.7359,1.00,1.37
2015.10.12 22:19:48.656,0.73575,0.73588,1.00,1.12
2015.10.12 22:19:52.459,0.73575,0.73588,1.00,1.37
2015.10.12 22:19:53.463,0.73575,0.73588,1.00,1.37
2015.10.12 22:19:53.989,0.73576,0.73588,1.00,1.37
2015.10.12 22:19:55.875,0.73576,0.73588,1.00,1.37
2015.10.12 22:19:56.130,0.73571,0.73587,1.37,1.37
2015.10.12 22:19:56.333,0.73574,0.73587,1.00,1.37
2015.10.12 22:19:56.385,0.73574,0.73589,1.00,1.50
2015.10.12 22:19:56.898,0.73575,0.73589,1.00,1.12
2015.10.12 22:19:57.404,0.73575,0.73589,1.00,1.37
2015.10.12 22:19:57.455,0.73577,0.7359,1.00,1.37
2015.10.12 22:19:58.779,0.73577,0.7359,1.37,1.12
2015.10.12 22:19:59.291,0.73578,0.73591,1.12,1.00
2015.10.12 22:19:59.342,0.73578,0.73596,1.12,1.50
2015.10.12 22:19:59.392,0.73578,0.73597,1.37,1.37
2015.10.12 22:19:59.697,0.73584,0.73597,1.00,1.37
2015.10.12 22:20:00.234,0.73584,0.73599,1.00,1.37
2015.10.12 22:20:00.890,0.73584,0.73599,1.00,1.37
2015.10.12 22:20:04.900,0.73584,0.73599,1.00,1.12
2015.10.12 22:20:05.433,0.73581,0.73598,1.75,1.00
2015.10.12 22:20:11.132,0.73581,0.73597,1.12,1.00
2015.10.12 22:20:22.096,0.73582,0.73597,1.00,1.00
2015.10.12 22:20:42.721,0.73581,0.73597,2.25,1.00
2015.10.12 22:21:01.066,0.73582,0.73597,1.50,1.37
2015.10.12 22:21:10.073,0.73583,0.736,1.12,2.62
2015.10.12 22:21:13.180,0.73581,0.73599,1.37,1.75
2015.10.12 22:21:15.849,0.73583,0.736,1.12,1.50
2015.10.12 22:21:16.357,0.73582,0.736,1.50,1.87
2015.10.12 22:21:26.354,0.73581,0.73598,1.12,1.87
2015.10.12 22:21:26.934,0.73581,0.73598,1.12,1.87
2015.10.12 22:21:39.723,0.73581,0.73597,1.12,1.37
2015.10.12 22:21:42.827,0.73581,0.73597,1.12,2.25
2015.10.12 22:21:42.928,0.73578,0.73596,1.87,1.37
2015.10.12 22:21:43.162,0.73575,0.73594,1.50,3.00
2015.10.12 22:21:44.448,0.73576,0.73594,1.12,1.37
2015.10.12 22:21:46.238,0.73575,0.73593,1.37,1.75
2015.10.12 22:21:47.968,0.73573,0.73592,1.87,1.87
2015.10.12 22:21:48.070,0.73573,0.73592,1.50,1.87
2015.10.12 22:21:48.618,0.73573,0.73592,1.87,1.87
2015.10.12 22:21:49.226,0.73573,0.73592,1.87,1.87
2015.10.12 22:21:51.607,0.73574,0.73592,1.00,2.25
2015.10.12 22:21:52.108,0.73575,0.73592,1.00,1.50
2015.10.12 22:21:53.271,0.73575,0.73592,1.00,1.37
2015.10.12 22:21:53.713,0.73577,0.73592,1.00,1.37
2015.10.12 22:21:54.067,0.73575,0.73592,1.00,1.37
2015.10.12 22:21:55.707,0.73576,0.73592,1.00,1.37
2015.10.12 22:21:56.227,0.73575,0.73592,1.00,1.37
2015.10.12 22:21:57.791,0.73576,0.73592,1.00,1.50
2015.10.12 22:21:58.321,0.73575,0.73592,1.50,1.50
2015.10.12 22:21:59.766,0.73576,0.73591,1.00,1.37
2015.10.12 22:22:00.286,0.73575,0.73591,1.50,1.37
2015.10.12 22:22:00.829,0.73575,0.73591,1.50,1.37
2015.10.12 22:22:01.348,0.73575,0.73591,1.50,1.37
2015.10.12 22:22:02.746,0.73575,0.73591,1.50,1.37
2015.10.12 22:22:04.358,0.73575,0.73591,1.37,1.37
2015.10.12 22:22:09.373,0.73575,0.73592,1.37,1.87
2015.10.12 22:22:15.403,0.73575,0.73592,1.37,1.50
2015.10.12 22:22:16.717,0.73576,0.73595,1.50,1.87
2015.10.12 22:22:16.920,0.73578,0.73595,1.50,1.87
2015.10.12 22:22:17.022,0.73578,0.73595,2.25,1.87
2015.10.12 22:22:17.528,0.73581,0.73597,1.00,1.87
2015.10.12 22:22:18.331,0.73579,0.73597,1.50,1.87
2015.10.12 22:22:18.885,0.73579,0.73597,1.50,1.87
2015.10.12 22:22:19.393,0.73581,0.73597,1.00,1.87
2015.10.12 22:22:21.594,0.73579,0.73597,1.50,1.87
2015.10.12 22:22:28.039,0.73578,0.73596,2.25,1.50
2015.10.12 22:22:30.040,0.73578,0.73596,2.25,1.12
2015.10.12 22:22:34.027,0.73578,0.73596,2.25,1.37
2015.10.12 22:22:36.014,0.73578,0.73596,2.25,1.37
2015.10.12 22:22:41.052,0.73578,0.73593,1.75,1.37
2015.10.12 22:22:42.024,0.73578,0.73593,1.75,1.37
2015.10.12 22:22:42.742,0.73579,0.73593,1.00,1.37
2015.10.12 22:22:50.072,0.73578,0.73593,1.50,1.37
2015.10.12 22:22:51.091,0.73578,0.73595,1.50,1.87
2015.10.12 22:22:52.043,0.73578,0.73595,1.50,1.87
2015.10.12 22:22:56.048,0.73578,0.73595,1.50,1.87
2015.10.12 22:22:57.058,0.73578,0.73595,1.50,1.87
2015.10.12 22:22:58.076,0.73578,0.73595,1.50,1.87
2015.10.12 22:23:00.079,0.73578,0.73595,1.50,1.87
2015.10.12 22:23:08.091,0.73579,0.73595,1.50,1.75
2015.10.12 22:23:10.081,0.73579,0.73594,1.50,1.50
2015.10.12 22:23:11.096,0.73579,0.73594,1.50,1.37
2015.10.12 22:23:16.089,0.73579,0.73592,1.00,1.37
2015.10.12 22:23:21.218,0.73579,0.73592,1.00,1.12
2015.10.12 22:23:22.134,0.73579,0.73592,1.00,1.37
2015.10.12 22:23:22.842,0.73577,0.73592,1.75,1.37
2015.10.12 22:23:31.124,0.73579,0.73593,1.50,1.37
2015.10.12 22:23:32.131,0.73579,0.73593,1.50,1.37
2015.10.12 22:23:41.183,0.73579,0.73593,1.50,1.37
2015.10.12 22:23:42.774,0.73579,0.73593,1.12,1.37
2015.10.12 22:23:54.287,0.73578,0.73594,1.50,1.37
2015.10.12 22:23:57.305,0.73578,0.73594,1.50,1.37
2015.10.12 22:23:58.305,0.73578,0.73594,1.50,1.37
2015.10.12 22:24:02.773,0.73578,0.73594,1.50,1.75
2015.10.12 22:24:13.327,0.73577,0.73594,2.25,1.75
2015.10.12 22:24:14.337,0.73577,0.73594,2.25,1.75
2015.10.12 22:24:30.421,0.7358,0.73593,2.25,1.37
2015.10.12 22:24:30.775,0.7358,0.73595,1.12,1.37
2015.10.12 22:24:33.744,0.73578,0.73592,1.75,1.75
2015.10.12 22:24:33.899,0.73578,0.73591,1.00,1.12
2015.10.12 22:24:33.950,0.73574,0.73591,1.50,1.12
2015.10.12 22:24:34.052,0.73574,0.73588,1.00,1.50
2015.10.12 22:24:34.103,0.7357,0.73588,2.25,1.87
2015.10.12 22:24:34.609,0.7357,0.73588,2.25,2.25
2015.10.12 22:24:34.913,0.7357,0.73587,1.00,1.50
2015.10.12 22:24:35.462,0.73569,0.73587,1.12,1.50
2015.10.12 22:24:35.882,0.73569,0.73587,1.12,2.25
2015.10.12 22:24:37.585,0.73569,0.73587,1.12,1.87
2015.10.12 22:24:38.804,0.73572,0.73588,1.00,1.12
2015.10.12 22:24:38.956,0.73573,0.73589,1.00,2.25
2015.10.12 22:24:39.058,0.73575,0.73589,1.00,1.50
2015.10.12 22:24:39.396,0.7357,0.73588,1.50,1.50
2015.10.12 22:24:39.497,0.7357,0.73588,1.50,2.62
2015.10.12 22:24:40.369,0.7357,0.73587,1.00,1.37
2015.10.12 22:24:41.781,0.73569,0.73587,1.12,1.50
2015.10.12 22:24:43.395,0.73569,0.73586,1.12,1.75
2015.10.12 22:24:44.397,0.73569,0.73585,1.12,1.50
2015.10.12 22:24:45.400,0.73569,0.73585,1.12,1.50
2015.10.12 22:24:49.412,0.73569,0.73586,1.12,1.75
2015.10.12 22:24:49.614,0.73569,0.73586,1.12,1.75
2015.10.12 22:24:50.617,0.73569,0.73586,1.12,1.75
2015.10.12 22:24:52.623,0.73569,0.73586,1.12,1.87
2015.10.12 22:24:57.907,0.73569,0.73585,1.12,1.12
2015.10.12 22:24:58.841,0.73569,0.73585,1.12,1.37
2015.10.12 22:25:05.847,0.73569,0.73586,1.00,1.50
2015.10.12 22:25:17.669,0.7357,0.73586,1.00,1.50
2015.10.12 22:25:17.973,0.73565,0.73582,1.75,1.37
2015.10.12 22:25:18.176,0.73565,0.73585,2.25,1.87
2015.10.12 22:25:18.781,0.73566,0.73583,1.50,1.37
2015.10.12 22:25:19.939,0.73566,0.73584,2.25,1.75
2015.10.12 22:25:20.944,0.73566,0.73584,1.50,1.75
2015.10.12 22:25:29.957,0.73566,0.73583,1.00,1.37
2015.10.12 22:25:30.962,0.73566,0.73584,1.00,2.25
2015.10.12 22:25:34.238,0.73564,0.73581,2.25,1.37
2015.10.12 22:25:34.289,0.73564,0.73581,2.25,1.37
2015.10.12 22:25:34.546,0.73562,0.7358,1.12,1.50
2015.10.12 22:25:35.415,0.73561,0.73578,1.00,1.37
2015.10.12 22:25:36.094,0.73561,0.73577,1.12,1.00
2015.10.12 22:25:36.347,0.73563,0.7358,1.12,1.50
2015.10.12 22:25:37.075,0.73563,0.73581,1.50,1.87
2015.10.12 22:25:38.077,0.73563,0.7358,1.00,1.87
2015.10.12 22:25:40.118,0.73563,0.7358,1.00,1.87
2015.10.12 22:25:41.431,0.73563,0.73578,1.00,1.37
2015.10.12 22:25:41.634,0.73561,0.73577,1.12,1.37
2015.10.12 22:25:42.141,0.73562,0.73579,1.00,1.37
2015.10.12 22:25:43.619,0.73562,0.73579,1.00,1.50
2015.10.12 22:25:46.646,0.73562,0.73579,1.00,1.50
2015.10.12 22:25:48.664,0.73562,0.73579,1.00,1.50
2015.10.12 22:25:50.655,0.73562,0.73579,1.00,1.37
2015.10.12 22:25:53.157,0.73562,0.73579,1.00,1.37
2015.10.12 22:26:00.134,0.73562,0.73579,1.00,1.50
2015.10.12 22:26:00.539,0.73562,0.73579,1.00,1.12
2015.10.12 22:26:08.075,0.73562,0.7358,1.37,1.50
2015.10.12 22:26:09.079,0.73562,0.7358,1.12,1.50
2015.10.12 22:26:40.811,0.73561,0.73579,1.37,1.87
2015.10.12 22:26:40.912,0.73561,0.73579,1.37,1.87
2015.10.12 22:26:41.461,0.73561,0.73578,1.12,1.12
2015.10.12 22:26:58.199,0.73562,0.73576,1.12,1.00
2015.10.12 22:26:58.503,0.73566,0.73578,1.50,1.00
2015.10.12 22:26:58.809,0.73564,0.73577,1.12,1.00
2015.10.12 22:26:58.911,0.73563,0.73579,1.37,1.50
2015.10.12 22:26:59.064,0.73562,0.73578,1.00,1.00
2015.10.12 22:26:59.166,0.73559,0.73577,1.12,1.50
2015.10.12 22:26:59.217,0.73558,0.73577,3.00,1.75
2015.10.12 22:26:59.319,0.73559,0.73578,1.50,3.37
2015.10.12 22:26:59.371,0.73559,0.73578,1.50,3.00
2015.10.12 22:26:59.787,0.73564,0.73578,1.50,1.00
2015.10.12 22:26:59.889,0.73564,0.73581,2.62,1.12
2015.10.12 22:26:59.991,0.73565,0.73581,1.00,1.50
2015.10.12 22:27:00.093,0.73563,0.73579,1.37,1.12
2015.10.12 22:27:00.398,0.73561,0.73579,1.50,2.25
2015.10.12 22:27:00.449,0.73561,0.73579,1.50,2.25
2015.10.12 22:27:01.486,0.73559,0.73578,3.00,2.25
2015.10.12 22:27:02.438,0.73559,0.73578,2.25,2.25
2015.10.12 22:27:03.348,0.7356,0.73578,1.50,1.37
2015.10.12 22:27:03.938,0.73561,0.73578,1.00,1.00
2015.10.12 22:27:11.595,0.7356,0.73578,1.87,1.00
2015.10.12 22:27:13.597,0.7356,0.73578,1.87,1.00
2015.10.12 22:27:15.565,0.73561,0.73578,1.37,1.50
2015.10.12 22:27:17.571,0.73561,0.73578,1.00,1.50
2015.10.12 22:27:20.502,0.7356,0.73578,1.87,1.50
2015.10.12 22:27:32.558,0.7356,0.73577,1.87,1.00
2015.10.12 22:27:32.609,0.7356,0.73577,1.87,1.00
2015.10.12 22:27:33.309,0.7356,0.73578,1.87,1.50
2015.10.12 22:27:35.082,0.73561,0.73577,1.37,1.00
2015.10.12 22:27:37.285,0.73561,0.73575,1.37,3.00
2015.10.12 22:27:37.539,0.73549,0.73568,1.87,2.25
2015.10.12 22:27:38.519,0.73549,0.73566,1.00,3.00
2015.10.12 22:27:38.672,0.7355,0.73564,1.00,1.37
2015.10.12 22:27:38.774,0.7355,0.73564,1.00,1.00
2015.10.12 22:27:38.825,0.7355,0.73567,1.50,1.50
2015.10.12 22:27:38.876,0.73552,0.73567,1.00,1.50
2015.10.12 22:27:39.181,0.7356,0.73577,1.12,1.75
2015.10.12 22:27:39.233,0.7356,0.73577,1.50,1.37
2015.10.12 22:27:39.335,0.73561,0.7358,1.50,2.25
2015.10.12 22:27:39.640,0.7356,0.73577,2.62,1.37
2015.10.12 22:27:41.168,0.7356,0.73574,1.00,1.00
2015.10.12 22:27:41.680,0.73559,0.73574,1.12,1.00
2015.10.12 22:27:46.770,0.73561,0.73577,1.00,1.00
2015.10.12 22:27:46.821,0.73564,0.73578,1.00,1.37
2015.10.12 22:27:46.973,0.73564,0.73579,1.50,1.00
2015.10.12 22:27:47.479,0.73563,0.73579,1.37,1.00
2015.10.12 22:27:47.530,0.73562,0.73579,2.25,1.00
2015.10.12 22:27:48.363,0.73563,0.73579,1.37,1.00
2015.10.12 22:28:02.785,0.73563,0.73579,1.50,1.00
2015.10.12 22:28:04.894,0.73563,0.73581,1.50,1.37
2015.10.12 22:28:05.400,0.73565,0.73581,1.00,1.00
2015.10.12 22:28:06.805,0.73564,0.73581,1.50,1.12
2015.10.12 22:28:13.880,0.73564,0.73582,1.50,1.00
2015.10.12 22:28:14.408,0.73566,0.73582,1.00,1.00
2015.10.12 22:28:14.936,0.73564,0.73583,2.25,1.50
2015.10.12 22:28:15.447,0.73566,0.73583,1.00,1.50
2015.10.12 22:28:17.301,0.73564,0.73583,2.25,1.50
2015.10.12 22:28:22.816,0.73564,0.73583,2.62,1.37
2015.10.12 22:28:24.333,0.73564,0.73582,1.50,1.50
2015.10.12 22:28:24.435,0.73564,0.73581,1.12,1.37
2015.10.12 22:28:24.486,0.73567,0.73582,1.00,2.25
2015.10.12 22:28:24.740,0.73569,0.73587,1.12,1.00
2015.10.12 22:28:24.820,0.73571,0.73588,3.00,1.87
2015.10.12 22:28:25.073,0.73575,0.73591,1.00,1.12
2015.10.12 22:28:25.328,0.73576,0.73594,1.00,1.87
2015.10.12 22:28:30.537,0.73577,0.73596,1.00,1.87
2015.10.12 22:28:30.790,0.73581,0.73596,1.00,1.37
2015.10.12 22:28:31.043,0.73579,0.73596,1.50,1.37
2015.10.12 22:28:31.549,0.7358,0.73597,1.12,1.12
2015.10.12 22:28:32.156,0.73581,0.73597,1.00,1.12
2015.10.12 22:28:35.105,0.73579,0.73597,1.37,1.75
2015.10.12 22:28:35.610,0.73581,0.73598,1.00,2.25
2015.10.12 22:28:36.140,0.7358,0.73597,1.00,1.87
2015.10.12 22:28:38.233,0.7358,0.73596,1.00,1.00
2015.10.12 22:28:38.744,0.7358,0.73595,1.00,1.00
2015.10.12 22:28:39.246,0.7358,0.73596,1.00,1.00
2015.10.12 22:28:42.341,0.73578,0.73596,1.87,1.87
2015.10.12 22:28:42.595,0.73581,0.73598,1.12,1.12
2015.10.12 22:28:42.848,0.73583,0.73601,1.37,1.50
2015.10.12 22:28:43.354,0.73583,0.736,1.00,1.00
2015.10.12 22:28:53.771,0.73582,0.736,1.00,1.12
2015.10.12 22:28:55.776,0.73582,0.736,1.87,1.87
2015.10.12 22:29:00.585,0.73582,0.73599,1.00,1.37
2015.10.12 22:29:00.788,0.73579,0.73596,1.00,1.87
2015.10.12 22:29:01.041,0.73577,0.73593,1.00,1.12
2015.10.12 22:29:01.092,0.73579,0.73593,1.00,1.12
2015.10.12 22:29:01.345,0.73577,0.73593,1.00,1.87
2015.10.12 22:29:01.396,0.73577,0.7359,1.00,1.37
2015.10.12 22:29:01.447,0.73575,0.7359,2.25,1.37
2015.10.12 22:29:01.601,0.73575,0.7359,1.00,2.62
2015.10.12 22:29:01.652,0.73572,0.73589,1.00,1.50
2015.10.12 22:29:01.805,0.73568,0.73586,2.25,1.87
2015.10.12 22:29:02.194,0.73569,0.73584,1.00,1.87
2015.10.12 22:29:02.699,0.73568,0.73584,1.00,1.87
2015.10.12 22:29:03.236,0.73568,0.73584,1.00,1.75
2015.10.12 22:29:03.750,0.73567,0.73584,1.50,1.87
2015.10.12 22:29:05.305,0.73568,0.73584,1.00,1.87
2015.10.12 22:29:06.111,0.73568,0.73584,1.00,1.87
2015.10.12 22:29:10.599,0.73567,0.73584,1.50,1.87
2015.10.12 22:29:10.903,0.73567,0.73581,1.00,1.50
2015.10.12 22:29:11.023,0.73563,0.73577,1.50,1.37
2015.10.12 22:29:11.277,0.73561,0.73576,1.00,1.37
2015.10.12 22:29:12.807,0.73559,0.73576,1.00,1.37
2015.10.12 22:29:13.009,0.73559,0.73576,1.00,1.37
2015.10.12 22:29:15.973,0.7356,0.73576,1.00,1.50
2015.10.12 22:29:16.573,0.7356,0.73576,1.00,1.50
2015.10.12 22:29:22.007,0.7356,0.73576,1.00,1.50
2015.10.12 22:29:24.051,0.7356,0.73578,1.50,2.25
2015.10.12 22:29:29.065,0.73561,0.7358,1.50,1.12
2015.10.12 22:29:29.593,0.73561,0.73579,1.50,2.25
2015.10.12 22:29:30.099,0.73561,0.73579,2.25,2.25
2015.10.12 22:29:30.622,0.73561,0.73579,2.25,1.87
2015.10.12 22:29:31.186,0.73561,0.73579,2.25,1.87
2015.10.12 22:29:32.048,0.73561,0.73579,2.25,1.87
2015.10.12 22:29:36.119,0.73563,0.7358,1.00,1.12
2015.10.12 22:29:36.625,0.73563,0.7358,1.00,1.12
2015.10.12 22:29:37.154,0.73562,0.73579,1.12,1.37
2015.10.12 22:29:38.159,0.73562,0.7358,1.12,1.87
2015.10.12 22:29:42.180,0.73562,0.7358,1.12,1.12
2015.10.12 22:29:42.786,0.73562,0.73579,1.37,1.37
2015.10.12 22:29:44.177,0.73562,0.73579,1.37,1.12
2015.10.12 22:29:47.561,0.73565,0.73579,1.00,1.12
2015.10.12 22:29:48.092,0.73563,0.73579,1.75,1.37
2015.10.12 22:29:48.701,0.73566,0.73579,1.37,1.37
2015.10.12 22:29:49.004,0.73565,0.73579,1.50,1.37
2015.10.12 22:29:49.511,0.73567,0.7358,1.87,1.37
2015.10.12 22:29:49.613,0.73567,0.73581,1.87,1.37
2015.10.12 22:29:50.119,0.73569,0.73581,1.00,1.37
2015.10.12 22:29:51.411,0.73568,0.73581,1.12,1.37
2015.10.12 22:29:54.360,0.73569,0.73581,1.37,1.37
2015.10.12 22:29:59.624,0.73569,0.73587,1.87,1.12
2015.10.12 22:30:02.581,0.7357,0.73587,1.12,1.12
2015.10.12 22:30:11.599,0.7357,0.73587,1.12,2.62
2015.10.12 22:30:14.819,0.73572,0.73587,1.00,2.25
2015.10.12 22:30:15.373,0.7357,0.73587,1.12,2.25
2015.10.12 22:30:16.381,0.73571,0.73587,1.00,2.25
2015.10.12 22:30:16.887,0.73571,0.73586,1.00,1.37
2015.10.12 22:30:17.628,0.73571,0.73586,1.00,1.12
2015.10.12 22:30:21.044,0.73573,0.7359,1.00,1.50
2015.10.12 22:30:21.145,0.73573,0.73591,1.75,1.37
2015.10.12 22:30:21.348,0.73576,0.73595,1.50,1.50
2015.10.12 22:30:21.894,0.73576,0.73596,2.25,3.37
2015.10.12 22:30:22.754,0.73576,0.73596,2.25,4.12
2015.10.12 22:30:23.407,0.73576,0.73596,2.25,4.12
2015.10.12 22:30:31.374,0.73576,0.73596,2.25,3.37
2015.10.12 22:30:44.363,0.73577,0.73594,1.37,1.37
2015.10.12 22:30:44.888,0.73577,0.73594,1.87,1.00
2015.10.12 22:30:46.390,0.73578,0.73596,1.12,1.12
2015.10.12 22:30:47.380,0.73578,0.73596,1.12,1.12
2015.10.12 22:31:02.776,0.73577,0.73588,1.50,1.00
2015.10.12 22:31:02.929,0.73572,0.73589,1.57,1.87
2015.10.12 22:31:03.032,0.73574,0.73587,1.12,1.00
2015.10.12 22:31:03.235,0.73578,0.73594,1.50,1.12
2015.10.12 22:31:03.286,0.7358,0.73594,1.00,1.12
2015.10.12 22:31:03.591,0.73587,0.73603,1.00,3.37
2015.10.12 22:31:03.744,0.73587,0.73603,1.00,1.50
2015.10.12 22:31:03.896,0.73585,0.73603,1.87,1.50
2015.10.12 22:31:04.142,0.73583,0.73602,2.32,1.75
2015.10.12 22:31:04.193,0.73583,0.736,1.95,1.00
2015.10.12 22:31:05.153,0.73583,0.73601,1.00,1.12
2015.10.12 22:31:05.861,0.73582,0.73601,1.87,1.87
2015.10.12 22:31:11.250,0.73583,0.73601,1.00,2.62
2015.10.12 22:31:18.538,0.73585,0.73601,1.00,1.87
2015.10.12 22:31:19.044,0.73586,0.73601,1.12,1.00
2015.10.12 22:31:19.568,0.73586,0.73605,1.87,1.87
2015.10.12 22:31:19.770,0.73586,0.73604,1.87,1.00
2015.10.12 22:31:22.765,0.73586,0.73604,1.87,1.37
2015.10.12 22:31:42.773,0.73586,0.73604,1.50,2.62
2015.10.12 22:31:43.833,0.73586,0.73604,1.50,2.62
2015.10.12 22:31:49.812,0.73586,0.73604,1.50,2.62
2015.10.12 22:31:51.323,0.73586,0.73604,1.37,1.87
2015.10.12 22:31:51.626,0.73586,0.73602,1.00,1.87
2015.10.12 22:31:51.804,0.73582,0.73599,1.37,1.00
2015.10.12 22:31:51.855,0.73581,0.73599,1.50,1.50
2015.10.12 22:31:52.360,0.73581,0.73598,1.87,1.00
2015.10.12 22:31:52.884,0.73581,0.73598,1.50,1.37
2015.10.12 22:31:57.258,0.73581,0.73596,1.00,1.37
2015.10.12 22:31:57.360,0.73578,0.73596,2.25,1.87
2015.10.12 22:31:57.879,0.73578,0.73596,2.62,2.25
2015.10.12 22:31:58.389,0.73578,0.73596,2.62,1.87
2015.10.12 22:32:01.091,0.73579,0.73596,1.12,1.12
2015.10.12 22:32:01.462,0.73579,0.73596,1.00,1.50
2015.10.12 22:32:01.867,0.73581,0.73596,1.00,1.87
2015.10.12 22:32:02.134,0.73583,0.73601,1.87,2.62
2015.10.12 22:32:02.185,0.73584,0.73601,1.00,1.87
2015.10.12 22:32:02.489,0.73581,0.73599,1.50,1.87
2015.10.12 22:32:03.017,0.7358,0.73598,1.00,3.00
2015.10.12 22:32:07.966,0.7358,0.73597,1.00,1.00
2015.10.12 22:32:08.118,0.73582,0.73597,1.00,1.00
2015.10.12 22:32:10.057,0.73584,0.73598,1.00,1.37
2015.10.12 22:32:14.049,0.73582,0.73598,1.12,1.50
2015.10.12 22:32:15.961,0.73581,0.736,1.50,1.87
2015.10.12 22:32:16.985,0.73581,0.736,1.50,1.87
2015.10.12 22:32:19.953,0.73581,0.73599,1.50,1.37
2015.10.12 22:32:20.226,0.73584,0.73599,1.00,1.37
2015.10.12 22:32:20.570,0.7358,0.73596,1.75,1.00
2015.10.12 22:32:21.092,0.7358,0.73597,1.75,1.12
2015.10.12 22:32:21.598,0.7358,0.73597,1.75,1.12
2015.10.12 22:32:23.408,0.7358,0.73599,1.75,1.87
2015.10.12 22:32:25.371,0.73581,0.73599,1.00,1.87
2015.10.12 22:32:26.067,0.7358,0.73599,1.75,1.50
2015.10.12 22:32:27.114,0.73581,0.73599,1.00,1.50
2015.10.12 22:32:35.212,0.73578,0.73597,2.62,1.50
2015.10.12 22:32:35.314,0.7358,0.73595,1.12,1.37
2015.10.12 22:32:35.517,0.73582,0.73596,1.00,1.00
2015.10.12 22:32:35.619,0.73582,0.73598,1.12,1.00
2015.10.12 22:32:36.127,0.73582,0.73597,1.12,1.12
2015.10.12 22:32:36.700,0.73582,0.73596,1.12,1.00
2015.10.12 22:32:39.914,0.7358,0.73597,1.75,1.12
2015.10.12 22:32:40.677,0.7358,0.73597,1.50,1.12
2015.10.12 22:32:52.897,0.73579,0.73596,1.12,1.00
2015.10.12 22:32:53.875,0.73578,0.73596,1.50,1.12
2015.10.12 22:32:54.395,0.73578,0.73596,1.50,1.12
2015.10.12 22:32:56.350,0.73578,0.73596,1.50,1.12
2015.10.12 22:32:58.572,0.73578,0.73597,1.87,1.37
2015.10.12 22:32:59.105,0.73579,0.73597,2.62,1.12
2015.10.12 22:33:00.358,0.73581,0.73597,1.00,1.12
2015.10.12 22:33:01.914,0.73579,0.73596,1.12,1.00
2015.10.12 22:33:02.420,0.73579,0.73597,1.87,1.00
2015.10.12 22:33:02.964,0.73579,0.73598,1.37,2.25
2015.10.12 22:33:08.078,0.73579,0.73597,1.12,1.37
2015.10.12 22:33:14.798,0.73579,0.73597,1.37,1.50
2015.10.12 22:33:18.927,0.7358,0.73599,1.75,1.87
2015.10.12 22:33:20.913,0.73581,0.73599,1.00,1.87
2015.10.12 22:33:42.798,0.7358,0.73598,1.50,1.87
2015.10.12 22:34:01.370,0.7358,0.73598,1.87,1.50
2015.10.12 22:34:06.386,0.73581,0.73598,1.00,1.50
2015.10.12 22:34:06.887,0.7358,0.73598,1.50,1.50
2015.10.12 22:34:22.736,0.7358,0.73598,1.87,1.37
2015.10.12 22:34:42.735,0.7358,0.73598,1.87,1.50
2015.10.12 22:35:02.755,0.73581,0.73599,1.50,2.62
2015.10.12 22:35:05.496,0.73581,0.73599,1.12,1.50
2015.10.12 22:35:09.115,0.73582,0.73599,1.00,1.50
2015.10.12 22:35:13.127,0.73583,0.736,1.37,1.12
2015.10.12 22:35:14.137,0.73583,0.736,1.12,1.12
2015.10.12 22:35:22.805,0.73582,0.736,1.50,1.87
2015.10.12 22:35:42.751,0.73582,0.736,1.50,1.12
2015.10.12 22:35:44.171,0.73582,0.736,1.87,1.87
2015.10.12 22:35:46.190,0.73582,0.736,1.87,1.87
2015.10.12 22:35:47.201,0.73582,0.736,1.87,1.50
2015.10.12 22:35:50.199,0.73582,0.736,1.87,1.87
2015.10.12 22:35:53.184,0.73582,0.736,1.87,1.50
2015.10.12 22:35:53.525,0.73583,0.736,1.50,1.12
2015.10.12 22:35:54.032,0.73584,0.73601,1.37,1.00
2015.10.12 22:35:55.042,0.73587,0.73601,1.00,1.00
2015.10.12 22:35:55.244,0.73588,0.73604,1.00,1.50
2015.10.12 22:35:55.749,0.73588,0.73604,1.50,1.12
2015.10.12 22:35:57.379,0.7359,0.73605,1.00,1.00
2015.10.12 22:35:57.886,0.73591,0.73607,1.00,1.50
2015.10.12 22:35:58.039,0.73593,0.73607,1.00,1.00
2015.10.12 22:35:58.241,0.7359,0.73608,1.50,2.62
2015.10.12 22:35:59.034,0.7359,0.73607,1.00,1.00
2015.10.12 22:36:01.747,0.73592,0.73608,1.00,1.00
2015.10.12 22:36:06.891,0.73593,0.73609,1.00,1.50
2015.10.12 22:36:08.301,0.73593,0.7361,1.50,1.50
2015.10.12 22:36:08.807,0.73593,0.73608,1.00,1.12
2015.10.12 22:36:09.349,0.73592,0.73608,1.12,1.12
2015.10.12 22:36:21.538,0.73592,0.73608,1.00,2.25
2015.10.12 22:36:31.247,0.73592,0.73608,1.50,1.37
2015.10.12 22:36:31.780,0.73592,0.73611,3.37,2.62
2015.10.12 22:36:31.832,0.73595,0.73611,1.00,1.50
2015.10.12 22:36:32.085,0.73592,0.73609,2.25,1.00
2015.10.12 22:36:34.223,0.73592,0.73609,1.87,1.50
2015.10.12 22:36:35.491,0.73591,0.73608,2.25,1.50
2015.10.12 22:36:38.952,0.73592,0.73607,1.00,1.00
2015.10.12 22:36:41.072,0.7359,0.73607,1.00,1.87
2015.10.12 22:36:41.124,0.73589,0.73606,1.50,1.50
2015.10.12 22:36:41.437,0.73592,0.73604,1.00,1.00
2015.10.12 22:36:41.860,0.7359,0.73607,1.12,1.87
2015.10.12 22:36:42.033,0.7359,0.73601,1.12,1.00
2015.10.12 22:36:42.662,0.7359,0.73607,1.12,2.62
2015.10.12 22:36:43.117,0.73588,0.73605,1.87,1.37
2015.10.12 22:36:43.437,0.7359,0.73605,1.00,1.37
2015.10.12 22:36:43.958,0.7359,0.73606,1.00,1.37
2015.10.12 22:36:48.882,0.73589,0.73605,1.50,1.12
2015.10.12 22:36:49.533,0.7359,0.73605,1.00,1.00
2015.10.12 22:36:49.786,0.7359,0.73607,1.00,1.50
2015.10.12 22:36:49.888,0.73592,0.73607,1.00,1.50
2015.10.12 22:37:01.929,0.73592,0.73608,1.00,1.87
2015.10.12 22:37:07.854,0.73592,0.73607,1.00,1.00
2015.10.12 22:37:17.023,0.73592,0.73608,1.00,1.50
2015.10.12 22:37:17.929,0.73592,0.73608,1.00,1.50
2015.10.12 22:37:24.964,0.73592,0.73608,1.00,2.62
2015.10.12 22:37:25.961,0.73592,0.73608,1.00,2.62
2015.10.12 22:37:26.618,0.73591,0.73608,1.00,2.62
2015.10.12 22:37:31.924,0.73592,0.73608,1.12,1.50
2015.10.12 22:37:32.784,0.73592,0.73609,1.50,1.50
2015.10.12 22:37:33.981,0.73593,0.7361,1.00,1.87
2015.10.12 22:37:35.415,0.73594,0.7361,1.00,1.37
2015.10.12 22:37:35.567,0.73595,0.73612,1.12,1.50
2015.10.12 22:37:35.668,0.73595,0.73613,1.87,2.25
2015.10.12 22:37:38.453,0.73597,0.73614,1.00,2.62
2015.10.12 22:37:40.307,0.736,0.73614,1.00,1.12
2015.10.12 22:37:40.610,0.73604,0.73617,1.00,2.62
2015.10.12 22:37:40.914,0.73606,0.73618,1.00,1.50
2015.10.12 22:37:41.016,0.73606,0.73618,1.00,1.50
2015.10.12 22:37:41.067,0.73604,0.73618,1.50,1.50
2015.10.12 22:37:41.595,0.73603,0.73616,1.00,1.00
2015.10.12 22:37:43.582,0.73603,0.73617,1.00,1.12
2015.10.12 22:37:44.185,0.73601,0.73617,1.00,1.12
2015.10.12 22:37:45.094,0.73601,0.73614,1.00,1.00
2015.10.12 22:37:48.295,0.73599,0.73614,1.50,1.00
2015.10.12 22:37:52.379,0.73599,0.73613,1.50,1.00
2015.10.12 22:37:56.098,0.73599,0.73613,1.50,1.00
2015.10.12 22:37:58.104,0.73598,0.73613,1.87,1.00
2015.10.12 22:37:59.106,0.73598,0.73613,1.87,1.00
2015.10.12 22:38:06.739,0.73598,0.73613,1.50,1.00
2015.10.12 22:38:07.498,0.73596,0.73613,1.37,1.37
2015.10.12 22:38:07.550,0.73595,0.73613,1.12,2.62
2015.10.12 22:38:07.702,0.73592,0.73609,1.75,1.37
2015.10.12 22:38:07.754,0.73593,0.73609,1.00,1.87
2015.10.12 22:38:07.856,0.7359,0.73608,1.87,1.37
2015.10.12 22:38:08.362,0.7359,0.73606,1.37,1.00
2015.10.12 22:38:08.891,0.7359,0.73606,1.12,1.00
2015.10.12 22:38:11.202,0.73588,0.73606,2.62,1.37
2015.10.12 22:38:11.455,0.73592,0.73605,1.00,1.12
2015.10.12 22:38:11.759,0.73594,0.73606,1.50,1.00
2015.10.12 22:38:11.810,0.73594,0.73608,1.50,1.00
2015.10.12 22:38:13.092,0.73592,0.73608,1.12,1.00
2015.10.12 22:38:13.395,0.73589,0.73606,3.37,1.50
2015.10.12 22:38:13.446,0.73589,0.73606,3.00,2.25
2015.10.12 22:38:15.446,0.7359,0.73605,1.37,1.50
2015.10.12 22:38:15.750,0.73593,0.73608,1.37,1.00
2015.10.12 22:38:16.054,0.73593,0.73608,1.12,1.00
2015.10.12 22:38:16.206,0.73591,0.73608,2.62,1.00
2015.10.12 22:38:16.719,0.73592,0.73608,1.00,1.00
2015.10.12 22:38:17.225,0.73592,0.73607,1.00,1.00
2015.10.12 22:38:19.004,0.7359,0.73607,1.37,1.12
2015.10.12 22:38:19.106,0.73588,0.73605,1.27,1.00
2015.10.12 22:38:19.410,0.73594,0.73605,1.00,1.00
2015.10.12 22:38:19.664,0.73594,0.73609,1.50,1.00
2015.10.12 22:38:20.018,0.73592,0.73608,1.12,1.00
2015.10.12 22:38:20.528,0.73591,0.73607,1.50,1.12
2015.10.12 22:38:21.281,0.73591,0.73607,1.00,1.87
2015.10.12 22:38:22.424,0.73591,0.73606,1.00,1.00
2015.10.12 22:38:28.273,0.7359,0.73606,1.50,1.00
2015.10.12 22:38:28.779,0.73589,0.73607,1.37,1.50
2015.10.12 22:38:29.280,0.73589,0.73607,1.12,1.50
2015.10.12 22:38:30.285,0.7359,0.73607,1.00,1.50
2015.10.12 22:38:31.755,0.73591,0.73607,1.50,1.00
2015.10.12 22:38:32.373,0.7359,0.73607,1.12,1.50
2015.10.12 22:38:32.424,0.7359,0.73605,1.12,1.00
2015.10.12 22:38:33.484,0.7359,0.73605,1.37,1.00
2015.10.12 22:38:34.498,0.7359,0.73605,1.12,1.00
2015.10.12 22:38:35.156,0.73588,0.73604,2.25,1.00
2015.10.12 22:38:35.701,0.73588,0.73604,1.50,1.00
2015.10.12 22:38:35.803,0.73588,0.73601,1.50,1.00
2015.10.12 22:38:36.314,0.7359,0.73601,1.87,1.00
2015.10.12 22:38:36.365,0.73592,0.73607,1.00,1.00
2015.10.12 22:38:36.921,0.73591,0.73607,1.12,1.87
2015.10.12 22:38:37.524,0.7359,0.73606,1.87,1.12
2015.10.12 22:38:40.547,0.73591,0.73607,1.87,1.00
2015.10.12 22:38:41.103,0.73589,0.73605,1.87,1.00
2015.10.12 22:38:41.453,0.73589,0.73605,1.87,1.00
2015.10.12 22:38:42.682,0.73591,0.73607,1.00,1.12
2015.10.12 22:38:43.288,0.7359,0.73606,1.50,1.00
2015.10.12 22:38:43.341,0.73589,0.73604,1.12,1.00
2015.10.12 22:38:43.746,0.7359,0.73606,1.00,1.50
2015.10.12 22:38:43.847,0.73589,0.73606,1.87,1.00
2015.10.12 22:38:44.830,0.7359,0.73606,1.00,1.50
2015.10.12 22:38:45.344,0.73591,0.73606,1.00,1.00
2015.10.12 22:38:47.859,0.7359,0.73606,1.87,1.00
2015.10.12 22:38:48.617,0.7359,0.73606,1.12,1.50
2015.10.12 22:38:49.175,0.7359,0.73606,1.37,1.50
2015.10.12 22:38:50.334,0.7359,0.73606,1.50,1.12
2015.10.12 22:38:50.959,0.7359,0.73607,2.62,1.00
2015.10.12 22:38:53.816,0.73592,0.73607,1.12,1.00
2015.10.12 22:38:54.323,0.73593,0.73607,1.00,1.00
2015.10.12 22:38:55.571,0.73592,0.73607,1.50,1.00
2015.10.12 22:38:59.294,0.73592,0.73608,1.00,1.00
2015.10.12 22:39:01.739,0.73592,0.73611,2.25,1.87
2015.10.12 22:39:01.791,0.73594,0.73612,1.12,1.37
2015.10.12 22:39:02.118,0.736,0.73614,1.00,1.50
2015.10.12 22:39:02.626,0.73599,0.73615,2.25,1.00
2015.10.12 22:39:05.390,0.73599,0.73614,2.25,1.00
2015.10.12 22:39:11.910,0.73599,0.73616,2.25,1.87
2015.10.12 22:39:20.179,0.73601,0.73616,1.00,1.87
2015.10.12 22:39:22.922,0.73601,0.73616,1.00,1.87
2015.10.12 22:39:23.428,0.73599,0.73616,2.62,2.25
2015.10.12 22:39:32.619,0.73599,0.73615,1.87,1.50
2015.10.12 22:39:44.066,0.73601,0.73615,1.00,1.37
2015.10.12 22:39:44.268,0.73599,0.73615,3.00,1.12
2015.10.12 22:40:01.845,0.73598,0.73617,3.07,2.25
2015.10.12 22:40:02.686,0.73598,0.73617,3.07,2.25
2015.10.12 22:40:03.233,0.736,0.73617,1.00,1.87
2015.10.12 22:40:13.982,0.73603,0.73617,1.00,1.50
2015.10.12 22:40:14.308,0.73605,0.73617,1.00,1.00
2015.10.12 22:40:14.359,0.73605,0.7362,1.00,1.00
2015.10.12 22:40:14.461,0.73604,0.7362,2.62,1.50
2015.10.12 22:40:16.866,0.73604,0.7362,2.62,1.50
2015.10.12 22:40:20.486,0.73603,0.73619,2.62,1.37
2015.10.12 22:40:20.588,0.73602,0.73619,1.10,1.50
2015.10.12 22:40:20.639,0.73602,0.73617,1.10,1.37
2015.10.12 22:40:20.943,0.73598,0.73614,2.25,1.12
2015.10.12 22:40:21.247,0.73598,0.73614,1.87,1.50
2015.10.12 22:40:21.753,0.73598,0.73614,1.37,2.25
2015.10.12 22:40:22.293,0.73597,0.73613,1.37,1.75
2015.10.12 22:40:23.420,0.73597,0.73613,1.37,1.75
2015.10.12 22:40:24.963,0.73595,0.73608,1.57,1.00
2015.10.12 22:40:25.014,0.73594,0.73608,1.57,1.00
2015.10.12 22:40:25.116,0.73594,0.73606,1.00,1.00
2015.10.12 22:40:25.268,0.7359,0.73606,1.87,1.50
2015.10.12 22:40:25.814,0.73589,0.73606,1.87,1.50
2015.10.12 22:40:26.870,0.73589,0.73606,1.37,1.50
2015.10.12 22:40:27.452,0.73589,0.73604,1.87,1.00
2015.10.12 22:40:29.154,0.73589,0.73605,1.87,1.12
2015.10.12 22:40:31.548,0.73589,0.73604,1.37,1.37
2015.10.12 22:40:32.116,0.73588,0.73604,1.12,1.50
2015.10.12 22:40:32.370,0.7359,0.73604,1.00,2.25
2015.10.12 22:40:42.763,0.7359,0.73604,1.00,1.12
2015.10.12 22:40:44.134,0.73589,0.73605,1.12,2.25
2015.10.12 22:40:44.640,0.73589,0.73605,1.37,2.25
2015.10.12 22:40:46.605,0.73589,0.73605,1.12,2.25
2015.10.12 22:41:00.569,0.73587,0.73603,1.87,1.00
2015.10.12 22:41:01.075,0.73587,0.73603,1.87,1.37
2015.10.12 22:41:02.442,0.73587,0.73603,1.12,1.37
2015.10.12 22:41:02.493,0.7359,0.73603,1.00,1.37
2015.10.12 22:41:02.998,0.7359,0.73603,1.00,1.12
2015.10.12 22:41:04.487,0.7359,0.73603,1.00,1.37
2015.10.12 22:41:04.992,0.73589,0.73603,1.00,1.87
2015.10.12 22:41:07.450,0.73588,0.73603,1.12,1.87
2015.10.12 22:41:08.549,0.73588,0.73602,1.00,1.00
2015.10.12 22:41:15.904,0.73588,0.73603,1.00,1.12
2015.10.12 22:41:16.209,0.73587,0.73601,1.00,1.00
2015.10.12 22:41:16.534,0.73588,0.73602,1.37,1.00
2015.10.12 22:41:16.838,0.73592,0.73604,1.00,1.87
2015.10.12 22:41:17.360,0.73587,0.73604,1.50,1.37
2015.10.12 22:41:18.362,0.73589,0.73604,1.12,1.87
2015.10.12 22:41:22.875,0.73589,0.73602,1.00,1.00
2015.10.12 22:41:22.926,0.73589,0.736,1.00,1.00
2015.10.12 22:41:22.977,0.73586,0.73602,1.87,1.37
2015.10.12 22:41:23.079,0.73585,0.73601,1.12,1.00
2015.10.12 22:41:23.131,0.73584,0.73598,1.10,1.00
2015.10.12 22:41:23.339,0.73585,0.736,1.00,1.50
2015.10.12 22:41:23.390,0.73583,0.736,2.25,1.50
2015.10.12 22:41:23.940,0.73583,0.73598,1.00,1.50
2015.10.12 22:41:24.448,0.73583,0.73598,1.37,1.50
2015.10.12 22:41:26.085,0.73583,0.73598,1.12,1.50
2015.10.12 22:41:31.038,0.73581,0.73598,1.50,1.87
2015.10.12 22:41:31.993,0.7358,0.73597,1.37,1.50
2015.10.12 22:41:35.130,0.7358,0.73597,1.87,1.50
2015.10.12 22:41:37.123,0.7358,0.73596,1.37,1.00
2015.10.12 22:41:38.372,0.73582,0.73597,1.87,1.50
2015.10.12 22:41:38.524,0.73587,0.736,1.00,1.50
2015.10.12 22:41:38.575,0.73589,0.736,1.00,1.00
2015.10.12 22:41:38.932,0.73586,0.73601,1.87,1.00
2015.10.12 22:41:39.388,0.73587,0.73604,1.00,1.87
2015.10.12 22:41:41.680,0.73586,0.73604,3.37,1.50
2015.10.12 22:41:44.635,0.73586,0.73604,3.37,1.50
2015.10.12 22:41:49.302,0.73586,0.736,3.37,1.00
2015.10.12 22:41:49.913,0.73586,0.736,1.00,1.00
2015.10.12 22:41:50.557,0.73585,0.736,1.12,1.00
2015.10.12 22:41:50.659,0.73585,0.73603,1.12,1.50
2015.10.12 22:41:50.913,0.73587,0.73603,1.00,1.12
2015.10.12 22:42:02.764,0.73587,0.73603,1.00,1.50
2015.10.12 22:42:07.072,0.73586,0.73603,1.12,1.50
2015.10.12 22:42:12.870,0.73586,0.736,1.12,1.00
2015.10.12 22:42:13.174,0.73584,0.73597,1.00,1.00
2015.10.12 22:42:13.723,0.73583,0.73597,2.25,1.00
2015.10.12 22:42:22.736,0.73581,0.73597,1.00,1.00
2015.10.12 22:42:24.691,0.7358,0.73597,3.37,1.00
2015.10.12 22:42:26.743,0.73581,0.73597,1.00,1.00
2015.10.12 22:42:27.715,0.7358,0.73597,3.37,1.00
2015.10.12 22:42:28.714,0.73581,0.73597,1.00,1.00
2015.10.12 22:42:29.699,0.7358,0.73597,3.37,1.00
2015.10.12 22:42:40.148,0.73581,0.73598,2.25,1.00
2015.10.12 22:42:48.037,0.73582,0.73597,1.00,1.00
2015.10.12 22:42:49.822,0.73582,0.73598,1.00,1.00
2015.10.12 22:43:00.162,0.73582,0.73597,1.50,1.00
2015.10.12 22:43:13.156,0.73582,0.73598,1.12,1.87
2015.10.12 22:43:17.149,0.73583,0.73598,1.00,1.12
2015.10.12 22:43:17.654,0.73584,0.73598,1.50,1.00
2015.10.12 22:43:17.910,0.73586,0.73599,1.00,1.00
2015.10.12 22:43:18.443,0.73585,0.73599,1.75,1.00
2015.10.12 22:43:23.367,0.73586,0.73601,1.87,1.00
2015.10.12 22:43:36.366,0.73586,0.73602,2.25,1.00
2015.10.12 22:43:40.095,0.73588,0.73602,1.00,1.00
2015.10.12 22:43:54.331,0.73587,0.73602,1.50,1.00
2015.10.12 22:43:54.986,0.73587,0.73602,1.50,1.00
2015.10.12 22:43:55.491,0.73587,0.73602,1.12,1.00
2015.10.12 22:44:03.211,0.73588,0.73602,1.00,1.00
2015.10.12 22:44:06.071,0.73586,0.73602,2.25,1.00
2015.10.12 22:44:19.582,0.73586,0.73603,2.25,1.87
2015.10.12 22:44:23.502,0.73586,0.73603,2.62,1.50
2015.10.12 22:44:27.555,0.73586,0.73603,2.62,1.50
2015.10.12 22:44:32.523,0.73586,0.73603,2.62,1.00
2015.10.12 22:44:39.153,0.73586,0.73602,2.62,1.00
2015.10.12 22:44:50.604,0.73586,0.73601,1.50,1.00
2015.10.12 22:44:50.706,0.73584,0.73598,1.87,1.00
2015.10.12 22:44:51.010,0.73583,0.73598,2.62,1.00
2015.10.12 22:44:51.111,0.73583,0.73597,1.87,1.00
2015.10.12 22:44:51.314,0.73581,0.73596,1.00,1.50
2015.10.12 22:44:51.365,0.73579,0.73594,1.50,1.00
2015.10.12 22:44:51.875,0.73579,0.73595,1.50,1.00
2015.10.12 22:44:55.591,0.73579,0.73596,1.12,1.50
2015.10.12 22:44:56.545,0.73579,0.73595,1.87,1.00
2015.10.12 22:44:57.046,0.73579,0.73595,3.00,1.00
2015.10.12 22:45:01.584,0.73579,0.73595,3.00,1.00
2015.10.12 22:45:02.964,0.7358,0.73595,1.12,1.00
2015.10.12 22:45:03.286,0.73582,0.73597,1.12,1.37
2015.10.12 22:45:03.914,0.73582,0.73597,1.12,1.00
2015.10.12 22:45:10.279,0.7358,0.73597,1.87,1.00
2015.10.12 22:45:12.134,0.7358,0.73596,1.87,1.00
2015.10.12 22:45:16.759,0.73582,0.73597,1.00,1.00
2015.10.12 22:45:18.801,0.73582,0.73597,2.25,1.00
2015.10.12 22:45:21.843,0.73582,0.73597,1.87,1.00
2015.10.12 22:45:31.781,0.73584,0.73597,1.00,1.00
2015.10.12 22:45:32.296,0.73584,0.73598,2.25,1.00
2015.10.12 22:45:48.344,0.73582,0.73598,1.00,1.87
2015.10.12 22:45:48.561,0.7358,0.73596,1.00,1.12
2015.10.12 22:45:49.067,0.73578,0.73596,1.50,1.87
2015.10.12 22:45:49.590,0.73578,0.73596,1.50,1.87
2015.10.12 22:45:55.609,0.73578,0.73596,1.12,2.25
2015.10.12 22:45:58.587,0.73578,0.73596,1.50,1.87
2015.10.12 22:46:02.073,0.73578,0.73595,1.12,1.00
2015.10.12 22:46:05.081,0.73577,0.73595,3.37,3.00
2015.10.12 22:46:07.613,0.73577,0.73595,2.62,4.12
2015.10.12 22:46:12.788,0.73578,0.73595,1.00,3.37
2015.10.12 22:46:14.604,0.73578,0.73595,1.00,3.37
2015.10.12 22:46:21.719,0.73578,0.73595,1.00,3.37
2015.10.12 22:46:27.750,0.73578,0.73595,1.00,3.75
2015.10.12 22:46:30.574,0.73578,0.73593,1.00,1.00
2015.10.12 22:46:31.124,0.73576,0.73592,2.25,1.00
2015.10.12 22:46:36.530,0.73575,0.73591,2.62,1.00
2015.10.12 22:46:37.036,0.73577,0.7359,1.50,1.00
2015.10.12 22:46:37.846,0.73577,0.73592,1.00,1.50
2015.10.12 22:46:38.402,0.73577,0.73594,1.37,2.62
2015.10.12 22:46:39.383,0.73577,0.73594,3.00,1.87
2015.10.12 22:46:44.352,0.73578,0.73591,1.00,1.00
2015.10.12 22:46:44.403,0.73576,0.73591,1.00,1.00
2015.10.12 22:46:44.808,0.73574,0.7359,1.00,1.87
2015.10.12 22:46:45.359,0.73573,0.7359,1.87,2.25
2015.10.12 22:46:45.815,0.73573,0.7359,1.00,3.37
2015.10.12 22:46:47.819,0.73572,0.73588,1.50,1.12
2015.10.12 22:46:49.849,0.73573,0.73588,1.00,1.12
2015.10.12 22:47:01.809,0.73574,0.7359,1.00,1.87
2015.10.12 22:47:01.860,0.73574,0.7359,1.00,1.50
2015.10.12 22:47:02.367,0.73575,0.73592,1.87,1.37
2015.10.12 22:47:02.818,0.73575,0.73592,1.87,1.00
2015.10.12 22:47:04.409,0.73576,0.73592,1.00,1.00
2015.10.12 22:47:06.238,0.73576,0.73594,2.62,1.87
2015.10.12 22:47:06.844,0.73576,0.73593,1.87,1.00
2015.10.12 22:47:20.835,0.73578,0.73595,1.00,3.37
2015.10.12 22:47:21.189,0.73579,0.73595,1.00,1.87
2015.10.12 22:47:24.571,0.73579,0.73593,1.00,1.00
2015.10.12 22:47:24.622,0.73577,0.73593,1.12,1.12
2015.10.12 22:48:27.860,0.73578,0.73593,1.00,1.12
2015.10.12 22:48:38.031,0.73577,0.73593,2.25,1.50
2015.10.12 22:48:40.475,0.73578,0.73593,1.00,1.50
2015.10.12 22:48:43.537,0.73577,0.73594,1.00,1.87
2015.10.12 22:48:43.942,0.7358,0.73595,1.00,1.00
2015.10.12 22:49:01.537,0.73579,0.73595,1.50,1.00
2015.10.12 22:49:02.795,0.73579,0.73596,1.50,2.62
2015.10.12 22:49:07.648,0.73578,0.73594,1.87,1.12
2015.10.12 22:49:08.053,0.7358,0.73594,1.00,1.12
2015.10.12 22:49:12.330,0.73579,0.73594,1.87,1.12
2015.10.12 22:49:12.887,0.7358,0.73595,1.00,2.62
2015.10.12 22:49:13.436,0.73577,0.73594,2.62,1.12
2015.10.12 22:49:13.952,0.7358,0.73596,1.00,1.50
2015.10.12 22:49:14.649,0.7358,0.73596,1.00,1.50
2015.10.12 22:49:16.558,0.7358,0.73595,1.00,1.00
2015.10.12 22:49:16.660,0.73578,0.73595,1.50,3.00
2015.10.12 22:49:17.165,0.73579,0.73595,1.50,1.00
2015.10.12 22:49:20.343,0.73579,0.73594,1.00,1.00
2015.10.12 22:49:20.859,0.7358,0.73595,1.00,1.00
2015.10.12 22:49:22.046,0.73579,0.73595,1.00,1.00
2015.10.12 22:49:30.034,0.73581,0.73595,1.00,1.00
2015.10.12 22:49:30.389,0.73581,0.73598,2.62,1.12
2015.10.12 22:49:30.508,0.73583,0.73598,1.00,1.12
2015.10.12 22:49:31.143,0.73582,0.73598,1.00,1.12
2015.10.12 22:49:31.449,0.73584,0.73599,1.00,1.50
2015.10.12 22:49:31.922,0.73586,0.73601,1.12,1.37
2015.10.12 22:49:32.503,0.73586,0.73601,1.12,1.12
2015.10.12 22:49:32.867,0.73588,0.73603,1.00,2.25
2015.10.12 22:49:33.656,0.73587,0.73603,2.25,2.25
2015.10.12 22:49:34.255,0.73587,0.73603,2.25,2.25
2015.10.12 22:49:42.833,0.73587,0.73603,2.25,1.87
2015.10.12 22:49:43.959,0.73587,0.73601,1.50,1.00
2015.10.12 22:49:44.272,0.73581,0.73596,1.00,1.37
2015.10.12 22:49:44.627,0.73579,0.73596,1.12,3.37
2015.10.12 22:49:45.342,0.73579,0.73592,1.12,1.37
2015.10.12 22:49:45.393,0.73577,0.73592,1.12,1.37
2015.10.12 22:49:46.490,0.73579,0.73591,1.12,1.00
2015.10.12 22:49:46.642,0.7358,0.73595,1.00,1.37
2015.10.12 22:49:46.996,0.7358,0.73594,1.50,1.37
2015.10.12 22:49:47.098,0.7358,0.73594,1.00,1.37
2015.10.12 22:49:47.603,0.73579,0.73595,1.12,1.87
2015.10.12 22:49:48.132,0.73578,0.73595,2.25,3.00
2015.10.12 22:49:48.592,0.7358,0.73598,3.00,2.25
2015.10.12 22:49:48.643,0.7358,0.73597,3.00,1.37
2015.10.12 22:49:49.099,0.73586,0.73597,1.00,1.37
2015.10.12 22:49:49.251,0.73588,0.73601,1.00,1.75
2015.10.12 22:49:49.454,0.73588,0.736,1.00,1.87
2015.10.12 22:49:49.607,0.73585,0.736,1.00,1.87
2015.10.12 22:49:49.759,0.73583,0.736,1.87,1.87
2015.10.12 22:49:49.949,0.73583,0.73594,1.00,1.00
2015.10.12 22:49:50.102,0.73581,0.73594,1.00,1.00
2015.10.12 22:49:50.608,0.73582,0.73595,1.50,1.00
2015.10.12 22:49:50.861,0.73583,0.73598,1.12,1.12
2015.10.12 22:49:50.963,0.73583,0.73599,1.12,1.37
2015.10.12 22:49:51.469,0.73582,0.73597,1.00,1.37
2015.10.12 22:49:51.773,0.73581,0.73596,1.00,1.12
2015.10.12 22:49:52.328,0.7358,0.73596,1.00,1.12
2015.10.12 22:49:57.844,0.73579,0.73595,1.87,1.50
2015.10.12 22:49:58.747,0.73579,0.73595,1.87,1.87
2015.10.12 22:50:00.162,0.73579,0.73595,1.12,1.50
2015.10.12 22:50:01.319,0.73581,0.73595,1.00,1.50
2015.10.12 22:50:01.576,0.73581,0.73597,1.00,1.12
2015.10.12 22:50:01.627,0.73584,0.73599,1.00,1.12
2015.10.12 22:50:01.779,0.73584,0.736,1.50,1.12
2015.10.12 22:50:05.762,0.73584,0.73598,1.00,1.00
2015.10.12 22:50:06.468,0.73586,0.73599,1.00,1.87
2015.10.12 22:50:06.570,0.73586,0.73601,1.50,1.00
2015.10.12 22:50:06.672,0.7359,0.73603,1.00,1.00
2015.10.12 22:50:06.824,0.73588,0.73603,1.12,1.00
2015.10.12 22:50:07.330,0.73589,0.73603,1.00,1.00
2015.10.12 22:50:07.381,0.73591,0.73603,1.00,1.00
2015.10.12 22:50:07.914,0.7359,0.73603,1.00,1.00
2015.10.12 22:50:08.605,0.73588,0.73603,1.50,1.00
2015.10.12 22:50:09.464,0.73589,0.73604,1.00,1.00
2015.10.12 22:50:09.636,0.7359,0.73605,1.37,1.00
2015.10.12 22:50:09.890,0.73592,0.73608,1.00,1.50
2015.10.12 22:50:10.144,0.73589,0.73606,1.87,1.00
2015.10.12 22:50:10.649,0.73589,0.73606,1.00,1.50
2015.10.12 22:50:10.750,0.73589,0.73604,1.00,1.00
2015.10.12 22:50:11.004,0.73587,0.73604,2.62,1.87
2015.10.12 22:50:11.207,0.73589,0.73603,1.00,1.00
2015.10.12 22:50:11.441,0.73587,0.73603,1.87,1.12
2015.10.12 22:50:11.543,0.73588,0.73604,1.37,2.62
2015.10.12 22:50:11.848,0.73588,0.73599,1.00,1.00
2015.10.12 22:50:12.102,0.73585,0.73599,1.50,1.00
2015.10.12 22:50:12.254,0.73582,0.73599,3.00,1.50
2015.10.12 22:50:12.760,0.73582,0.73599,1.50,1.87
2015.10.12 22:50:14.181,0.73582,0.73599,1.87,2.25
2015.10.12 22:50:14.538,0.73585,0.73598,1.00,1.50
2015.10.12 22:50:14.690,0.73585,0.73602,2.25,1.87
2015.10.12 22:50:14.741,0.73586,0.73602,1.37,1.12
2015.10.12 22:50:15.594,0.73587,0.73603,1.37,1.00
2015.10.12 22:50:16.843,0.73587,0.73603,1.12,1.12
2015.10.12 22:50:24.568,0.73586,0.73602,1.50,1.00
2015.10.12 22:50:25.110,0.73586,0.73602,1.00,1.37
2015.10.12 22:50:26.046,0.73585,0.73602,1.87,1.87
2015.10.12 22:50:32.030,0.73586,0.73602,1.00,1.87
2015.10.12 22:50:34.601,0.73586,0.73602,1.00,1.87
2015.10.12 22:50:37.310,0.73586,0.736,1.00,1.00
2015.10.12 22:50:40.618,0.73584,0.73599,2.25,1.12
2015.10.12 22:50:40.940,0.73582,0.73599,2.62,1.12
2015.10.12 22:50:41.965,0.73582,0.73599,1.50,2.62
2015.10.12 22:50:42.168,0.7358,0.73597,1.00,2.25
2015.10.12 22:50:42.675,0.73579,0.73596,2.62,1.50
2015.10.12 22:50:43.921,0.73579,0.73596,1.87,2.62
2015.10.12 22:50:44.922,0.73579,0.73596,1.50,2.25
2015.10.12 22:50:55.019,0.73579,0.73595,2.25,1.00
2015.10.12 22:51:01.771,0.73579,0.73596,2.25,1.50
2015.10.12 22:51:08.351,0.7358,0.73596,1.00,3.00
2015.10.12 22:51:29.349,0.73579,0.73596,2.25,2.62
2015.10.12 22:51:34.053,0.73579,0.73595,1.00,1.00
2015.10.12 22:51:34.560,0.7358,0.73595,1.00,1.50
2015.10.12 22:51:38.268,0.73581,0.73595,1.00,1.50
2015.10.12 22:51:41.021,0.73579,0.73595,2.25,1.50
2015.10.12 22:51:45.359,0.7358,0.73596,1.00,1.50
2015.10.12 22:52:05.483,0.73579,0.73596,2.25,1.50
2015.10.12 22:52:18.322,0.73578,0.73595,1.00,3.00
2015.10.12 22:52:18.626,0.73577,0.73592,1.12,1.00
2015.10.12 22:52:19.378,0.73577,0.73593,1.12,1.00
2015.10.12 22:52:31.044,0.73577,0.73592,1.00,1.00
2015.10.12 22:52:37.975,0.73576,0.7359,2.25,1.00
2015.10.12 22:52:38.026,0.73576,0.73592,1.50,1.00
2015.10.12 22:52:38.511,0.73578,0.73593,1.00,1.12
2015.10.12 22:52:44.064,0.73578,0.73592,1.00,1.00
2015.10.12 22:52:44.267,0.73578,0.73595,1.12,1.50
2015.10.12 22:52:44.798,0.73579,0.73595,1.00,1.50
2015.10.12 22:52:46.538,0.73579,0.73593,1.00,1.00
2015.10.12 22:52:46.589,0.73577,0.73593,1.12,1.12
2015.10.12 22:52:49.551,0.73579,0.73593,1.00,1.00
2015.10.12 22:52:52.388,0.73577,0.73593,3.37,1.00
2015.10.12 22:52:53.427,0.73577,0.73593,3.37,1.00
2015.10.12 22:52:54.424,0.73577,0.73593,3.00,1.00
2015.10.12 22:52:56.485,0.73578,0.73593,1.00,1.00
2015.10.12 22:52:57.134,0.73577,0.73593,3.00,1.00
2015.10.12 22:52:57.890,0.73581,0.73594,1.50,1.00
2015.10.12 22:52:57.992,0.73579,0.73593,1.12,1.00
2015.10.12 22:52:58.211,0.7358,0.73596,1.87,1.50
2015.10.12 22:52:58.371,0.73583,0.73597,1.00,1.50
2015.10.12 22:52:58.523,0.73581,0.73596,2.62,1.00
2015.10.12 22:52:58.928,0.73579,0.73596,1.12,3.00
2015.10.12 22:52:59.131,0.73578,0.73594,1.50,1.00
2015.10.12 22:52:59.899,0.73577,0.73594,1.87,2.25
2015.10.12 22:53:00.248,0.73576,0.73592,1.12,1.87
2015.10.12 22:53:00.554,0.73576,0.7359,1.12,1.00
2015.10.12 22:53:10.554,0.73575,0.7359,1.50,1.12
2015.10.12 22:53:12.057,0.73576,0.7359,1.00,1.12
2015.10.12 22:53:38.145,0.73576,0.73591,1.50,1.12
2015.10.12 22:54:07.409,0.73577,0.73591,1.00,1.12
2015.10.12 22:54:09.065,0.73577,0.7359,1.00,1.00
2015.10.12 22:54:09.420,0.73577,0.73592,1.00,1.87
2015.10.12 22:54:12.594,0.73577,0.73591,1.00,1.00
2015.10.12 22:54:17.655,0.73575,0.73591,2.62,1.00
2015.10.12 22:54:18.392,0.73576,0.73592,1.00,1.00
2015.10.12 22:54:20.066,0.73577,0.73592,1.00,1.00
2015.10.12 22:54:20.571,0.73577,0.73592,1.00,1.37
2015.10.12 22:54:21.366,0.73577,0.73592,1.00,1.12
2015.10.12 22:54:22.360,0.73574,0.73591,3.00,1.37
2015.10.12 22:54:22.867,0.73574,0.73589,2.62,1.00
2015.10.12 22:54:31.755,0.73574,0.73589,3.00,1.12
2015.10.12 22:54:32.261,0.73576,0.73591,1.50,1.37
2015.10.12 22:54:32.766,0.73576,0.73591,2.25,1.37
2015.10.12 22:54:33.373,0.73576,0.73591,2.25,1.12
2015.10.12 22:54:38.051,0.73576,0.73592,2.25,1.12
2015.10.12 22:54:38.406,0.73576,0.73592,1.50,1.87
2015.10.12 22:54:39.409,0.73576,0.73592,1.50,1.87
2015.10.12 22:54:42.767,0.73575,0.73589,1.75,1.00
2015.10.12 22:54:42.919,0.73575,0.73589,1.00,1.87
2015.10.12 22:54:43.436,0.73574,0.73589,1.00,1.00
2015.10.12 22:54:43.992,0.73574,0.73589,1.00,1.37
2015.10.12 22:54:44.095,0.73574,0.73587,1.00,1.37
2015.10.12 22:54:46.026,0.73574,0.73586,1.00,1.37
2015.10.12 22:54:49.671,0.73574,0.73581,1.00,1.50
2015.10.12 22:54:49.824,0.73572,0.73581,1.00,1.37
2015.10.12 22:54:50.333,0.73572,0.73581,1.00,1.00
2015.10.12 22:54:50.636,0.73571,0.73581,1.00,1.37
2015.10.12 22:54:50.875,0.73569,0.7358,1.00,1.37
2015.10.12 22:54:51.392,0.73568,0.7358,1.50,1.37
2015.10.12 22:54:51.897,0.73568,0.7358,1.00,1.12
2015.10.12 22:54:52.836,0.73569,0.7358,1.00,1.12
2015.10.12 22:54:54.615,0.73569,0.7358,1.00,1.37
2015.10.12 22:54:56.727,0.73569,0.7358,1.00,1.37
2015.10.12 22:54:58.587,0.7357,0.7358,1.00,1.37
2015.10.12 22:55:00.096,0.73568,0.73582,1.00,1.37
2015.10.12 22:55:00.551,0.73568,0.73582,1.00,1.00
2015.10.12 22:55:00.855,0.7357,0.73582,1.00,1.00
2015.10.12 22:55:01.361,0.73571,0.73583,1.00,1.12
2015.10.12 22:55:02.656,0.73572,0.73583,1.00,1.12
2015.10.12 22:55:04.305,0.7357,0.73583,1.00,1.00
2015.10.12 22:55:08.377,0.7357,0.73579,1.00,1.00
2015.10.12 22:55:08.518,0.73568,0.73579,1.12,1.00
2015.10.12 22:55:08.670,0.73566,0.73579,1.00,1.00
2015.10.12 22:55:15.579,0.73566,0.73581,1.00,2.25
2015.10.12 22:55:16.157,0.73565,0.73581,1.00,2.62
2015.10.12 22:55:16.685,0.73565,0.73581,1.00,2.62
2015.10.12 22:55:19.102,0.73565,0.73577,1.00,1.00
2015.10.12 22:55:19.860,0.73564,0.73577,2.25,1.00
2015.10.12 22:55:22.782,0.73564,0.73577,3.00,1.00
2015.10.12 22:55:23.290,0.73562,0.73577,3.75,1.00
2015.10.12 22:55:23.642,0.73564,0.73577,1.00,1.00
2015.10.12 22:55:24.155,0.73563,0.73577,1.00,1.00
2015.10.12 22:55:36.968,0.73563,0.73578,1.00,1.00
2015.10.12 22:55:42.100,0.73563,0.73579,1.37,1.37
2015.10.12 22:55:42.638,0.73563,0.73579,1.00,1.50
2015.10.12 22:55:51.000,0.73563,0.7358,2.25,1.37
2015.10.12 22:55:56.772,0.73563,0.7358,1.00,2.62
2015.10.12 22:55:57.276,0.73563,0.73579,1.12,1.00
2015.10.12 22:55:57.600,0.73568,0.73583,1.00,2.62
2015.10.12 22:55:57.859,0.73576,0.7359,1.00,1.50
2015.10.12 22:55:58.366,0.73576,0.73591,1.00,1.37
2015.10.12 22:55:58.871,0.73575,0.7359,1.00,1.87
2015.10.12 22:55:59.590,0.73575,0.73588,1.00,1.00
2015.10.12 22:55:59.793,0.73573,0.73588,1.87,1.50
2015.10.12 22:56:00.506,0.73576,0.73589,1.00,1.00
2015.10.12 22:56:01.012,0.73575,0.7359,1.00,1.12
2015.10.12 22:56:06.282,0.73575,0.73592,1.50,1.50
2015.10.12 22:56:25.131,0.73575,0.73591,1.12,1.50
2015.10.12 22:56:27.086,0.73575,0.73591,1.12,1.50
2015.10.12 22:56:35.216,0.73575,0.73591,1.87,1.50
2015.10.12 22:56:36.213,0.73575,0.73591,1.87,1.50
2015.10.12 22:56:37.213,0.73575,0.73591,1.87,1.50
2015.10.12 22:56:38.218,0.73575,0.73591,1.87,1.50
2015.10.12 22:56:42.501,0.73575,0.73589,1.12,1.00
2015.10.12 22:56:48.043,0.73576,0.73589,1.00,1.00
2015.10.12 22:56:50.199,0.73574,0.73589,1.12,1.12
2015.10.12 22:56:50.351,0.73573,0.73587,1.87,1.00
2015.10.12 22:56:50.655,0.7357,0.73586,1.87,1.00
2015.10.12 22:56:51.160,0.73569,0.73585,1.50,1.12
2015.10.12 22:56:51.262,0.73569,0.73585,1.50,1.75
2015.10.12 22:56:52.300,0.73568,0.73584,1.00,3.37
2015.10.12 22:56:55.940,0.73568,0.73584,1.00,2.62
2015.10.12 22:56:56.973,0.73568,0.73583,1.50,1.00
2015.10.12 22:57:00.517,0.73569,0.73584,1.50,1.87
2015.10.12 22:57:12.640,0.73571,0.73585,1.50,1.50
2015.10.12 22:57:12.944,0.73576,0.73589,1.00,1.87
2015.10.12 22:57:13.096,0.73576,0.73591,1.87,1.12
2015.10.12 22:57:13.602,0.73576,0.7359,1.12,1.00
2015.10.12 22:57:14.141,0.73574,0.73591,2.62,1.87
2015.10.12 22:57:14.293,0.73574,0.73591,1.50,4.12
2015.10.12 22:57:14.895,0.73573,0.7359,1.00,3.37
2015.10.12 22:57:15.679,0.73573,0.7359,1.00,3.75
2015.10.12 22:57:20.572,0.73572,0.73589,1.87,1.12
2015.10.12 22:57:21.078,0.73572,0.73588,1.12,1.00
2015.10.12 22:57:26.270,0.73571,0.73588,1.50,1.50
2015.10.12 22:57:31.683,0.73571,0.73587,1.00,1.00
2015.10.12 22:57:32.138,0.73569,0.73587,1.87,3.00
2015.10.12 22:57:32.655,0.73569,0.73587,1.00,4.87
2015.10.12 22:57:35.080,0.73568,0.73585,3.00,1.50
2015.10.12 22:57:35.251,0.73568,0.73583,1.00,2.62
2015.10.12 22:57:35.352,0.73566,0.73583,1.87,2.62
2015.10.12 22:57:35.403,0.73569,0.73583,1.00,1.12
2015.10.12 22:57:35.707,0.73572,0.73586,1.00,1.12
2015.10.12 22:57:35.859,0.7357,0.73586,1.50,1.12
2015.10.12 22:57:37.196,0.73569,0.73585,1.87,1.00
2015.10.12 22:57:37.702,0.73568,0.73584,1.87,1.50
2015.10.12 22:57:38.244,0.73568,0.73583,1.12,1.50
2015.10.12 22:57:38.830,0.73568,0.73582,1.12,1.00
2015.10.12 22:57:39.338,0.73568,0.73581,1.00,1.00
2015.10.12 22:57:39.440,0.73566,0.7358,1.00,1.87
2015.10.12 22:57:39.492,0.73566,0.73578,1.00,1.00
2015.10.12 22:57:39.594,0.73566,0.7358,1.00,1.12
2015.10.12 22:57:40.442,0.73564,0.73579,1.50,1.00
2015.10.12 22:57:40.646,0.73561,0.73578,2.25,1.50
2015.10.12 22:57:41.101,0.7356,0.73577,1.87,1.50
2015.10.12 22:57:41.253,0.7356,0.73574,1.12,1.00
2015.10.12 22:57:42.219,0.73559,0.73574,2.62,1.00
2015.10.12 22:57:45.196,0.73559,0.73574,2.25,1.00
2015.10.12 22:57:45.348,0.73559,0.73576,1.50,1.50
2015.10.12 22:57:45.858,0.73561,0.73576,1.00,2.25
2015.10.12 22:57:48.364,0.73561,0.73575,1.00,1.00
2015.10.12 22:57:50.066,0.7356,0.73575,1.00,1.00
2015.10.12 22:57:52.659,0.7356,0.73574,1.87,1.00
2015.10.12 22:57:56.082,0.73559,0.73574,1.00,1.00
2015.10.12 22:58:00.045,0.7356,0.73574,1.00,1.50
2015.10.12 22:58:01.799,0.73561,0.73574,1.00,1.50
2015.10.12 22:58:02.302,0.7356,0.73574,1.00,1.50
2015.10.12 22:58:20.897,0.7356,0.73576,1.12,1.50
2015.10.12 22:58:27.153,0.7356,0.73574,1.00,1.00
2015.10.12 22:58:29.895,0.73559,0.73574,1.00,1.00
2015.10.12 22:58:36.470,0.7356,0.73574,1.00,1.00
2015.10.12 22:58:37.867,0.7356,0.73573,1.00,1.00
2015.10.12 22:58:39.320,0.73558,0.73573,1.37,1.00
2015.10.12 22:58:39.862,0.73558,0.73573,1.50,1.00
2015.10.12 22:58:43.839,0.73559,0.73573,1.00,1.00
2015.10.12 22:58:44.344,0.73559,0.73572,1.50,1.00
2015.10.12 22:58:49.973,0.73557,0.73572,1.50,1.00
2015.10.12 22:58:52.937,0.73557,0.73572,1.50,1.37
2015.10.12 22:58:55.168,0.73556,0.7357,1.00,1.50
2015.10.12 22:58:55.570,0.73555,0.73568,1.00,1.00
2015.10.12 22:58:56.102,0.73554,0.73568,1.00,1.00
2015.10.12 22:59:07.114,0.73554,0.73568,1.00,1.37
2015.10.12 22:59:08.520,0.73554,0.73569,1.00,1.12
2015.10.12 22:59:09.779,0.73556,0.73569,1.00,1.12
2015.10.12 22:59:09.931,0.73556,0.73571,1.00,1.00
2015.10.12 22:59:24.331,0.73558,0.73571,1.00,1.00
2015.10.12 22:59:30.323,0.73558,0.73573,1.00,1.00
2015.10.12 22:59:30.829,0.73559,0.73573,1.00,1.00
2015.10.12 22:59:45.312,0.73559,0.7357,1.00,1.50
2015.10.12 22:59:45.464,0.73556,0.73569,1.00,1.00
2015.10.12 22:59:45.566,0.73555,0.73567,1.00,1.00
2015.10.12 22:59:45.870,0.73554,0.73563,1.00,1.00
2015.10.12 22:59:46.124,0.73552,0.73563,1.00,1.00
2015.10.12 22:59:47.814,0.73552,0.73562,1.00,1.00
2015.10.12 22:59:48.068,0.73549,0.73562,1.00,1.50
2015.10.12 22:59:51.162,0.73549,0.73561,1.00,1.00
2015.10.12 22:59:59.059,0.73549,0.73562,1.00,1.50
2015.10.12 22:59:59.985,0.73549,0.7356,1.00,1.00
