2011.11.15 19:00:02.219,1.01873,1.01885,2.25,2.63
2011.11.15 19:00:02.350,1.01876,1.01887,1.50,1.50
2011.11.15 19:00:02.482,1.01876,1.0189,2.25,3.38
2011.11.15 19:00:04.191,1.01876,1.0189,2.25,1.50
2011.11.15 19:00:05.608,1.01878,1.01892,1.50,4.50
2011.11.15 19:00:05.725,1.0188,1.01892,1.50,3.00
2011.11.15 19:00:06.212,1.01878,1.01892,2.25,4.50
2011.11.15 19:00:06.805,1.01876,1.0189,1.50,1.50
2011.11.15 19:00:11.744,1.01874,1.01888,3.00,1.50
2011.11.15 19:00:12.985,1.01876,1.01888,1.35,1.50
2011.11.15 19:00:14.701,1.01874,1.01888,3.00,1.50
2011.11.15 19:00:16.574,1.01877,1.01889,1.50,3.00
2011.11.15 19:00:19.147,1.01874,1.01885,1.35,1.50
2011.11.15 19:00:19.533,1.01863,1.01872,1.50,1.50
2011.11.15 19:00:19.899,1.01863,1.01874,3.00,1.50
2011.11.15 19:00:20.835,1.01863,1.01874,2.25,1.50
2011.11.15 19:00:21.526,1.01863,1.01874,3.00,1.50
2011.11.15 19:00:22.015,1.01866,1.01874,1.50,1.50
2011.11.15 19:00:22.261,1.0187,1.01882,1.50,4.50
2011.11.15 19:00:22.629,1.01871,1.01885,2.25,2.25
2011.11.15 19:00:22.762,1.01871,1.01885,3.00,2.25
2011.11.15 19:00:22.892,1.01876,1.01888,1.50,2.25
2011.11.15 19:00:23.021,1.01876,1.01888,1.50,1.50
2011.11.15 19:00:23.146,1.01878,1.0189,1.50,2.25
2011.11.15 19:00:23.510,1.01875,1.01889,3.00,1.50
2011.11.15 19:00:27.095,1.01874,1.01887,1.50,1.50
2011.11.15 19:00:27.674,1.01874,1.01887,1.50,1.50
2011.11.15 19:00:29.449,1.01876,1.0189,1.50,2.25
2011.11.15 19:00:29.577,1.01878,1.01892,1.50,5.44
2011.11.15 19:00:30.055,1.01877,1.01889,3.00,1.50
2011.11.15 19:00:30.990,1.01877,1.01888,2.25,1.50
2011.11.15 19:00:31.124,1.01873,1.01886,2.10,1.50
2011.11.15 19:00:31.847,1.01875,1.01887,1.50,1.50
2011.11.15 19:00:40.915,1.01873,1.01884,2.85,1.50
2011.11.15 19:00:41.041,1.01874,1.01886,2.25,1.50
2011.11.15 19:00:42.604,1.01874,1.01886,3.00,1.50
2011.11.15 19:00:44.387,1.01876,1.01888,1.50,1.50
2011.11.15 19:00:44.738,1.01874,1.01886,4.50,1.50
2011.11.15 19:00:45.096,1.01871,1.01883,1.50,1.50
2011.11.15 19:00:51.984,1.01873,1.01885,1.50,3.94
2011.11.15 19:00:52.450,1.01874,1.01885,1.88,1.69
2011.11.15 19:00:52.806,1.01877,1.01885,1.50,1.50
2011.11.15 19:00:52.930,1.01879,1.01891,1.50,1.50
2011.11.15 19:00:58.833,1.01879,1.01891,2.25,1.50
2011.11.15 19:00:59.427,1.01881,1.01893,1.50,3.75
2011.11.15 19:01:02.074,1.01878,1.01892,2.63,1.50
2011.11.15 19:01:07.658,1.01878,1.01892,2.63,1.50
2011.11.15 19:01:08.017,1.01879,1.01892,1.13,1.50
2011.11.15 19:01:08.535,1.01883,1.01893,2.03,1.50
2011.11.15 19:01:08.659,1.01883,1.01895,1.65,2.25
2011.11.15 19:01:09.153,1.01884,1.01895,3.00,1.50
2011.11.15 19:01:09.396,1.01887,1.01901,2.25,3.00
2011.11.15 19:01:09.521,1.01889,1.01899,1.50,2.10
2011.11.15 19:01:09.654,1.01887,1.01899,1.50,5.85
2011.11.15 19:01:09.780,1.01886,1.01896,2.25,1.50
2011.11.15 19:01:09.914,1.01888,1.01902,2.25,2.25
2011.11.15 19:01:10.040,1.01888,1.01902,2.25,1.50
2011.11.15 19:01:10.649,1.01888,1.01902,2.25,1.50
2011.11.15 19:01:11.379,1.01888,1.01902,2.25,1.50
2011.11.15 19:01:11.975,1.0189,1.01903,1.50,1.69
2011.11.15 19:01:14.530,1.0189,1.01904,2.25,2.44
2011.11.15 19:01:14.673,1.01892,1.01906,2.25,3.00
2011.11.15 19:01:15.284,1.01889,1.01901,2.25,1.50
2011.11.15 19:01:15.528,1.0189,1.01903,1.50,3.00
2011.11.15 19:01:16.125,1.01888,1.01902,2.25,1.50
2011.11.15 19:01:16.729,1.01887,1.01899,2.25,1.50
2011.11.15 19:01:18.993,1.01888,1.01902,1.50,5.25
2011.11.15 19:01:20.147,1.01887,1.01899,2.25,1.50
2011.11.15 19:01:20.507,1.01882,1.01895,2.25,1.50
2011.11.15 19:01:20.626,1.01882,1.01895,2.25,1.88
2011.11.15 19:01:21.226,1.01881,1.01894,2.40,3.75
2011.11.15 19:01:21.806,1.01882,1.01896,2.40,3.75
2011.11.15 19:01:22.404,1.01885,1.01897,1.50,4.13
2011.11.15 19:01:22.974,1.01885,1.01897,1.50,4.13
2011.11.15 19:01:23.605,1.01885,1.01897,1.50,4.13
2011.11.15 19:01:23.723,1.01883,1.01895,2.25,1.50
2011.11.15 19:01:25.828,1.01886,1.01898,1.50,3.00
2011.11.15 19:01:26.637,1.01883,1.01897,1.50,1.50
2011.11.15 19:01:27.704,1.01881,1.01895,3.90,1.50
2011.11.15 19:01:29.094,1.01883,1.01896,1.50,1.50
2011.11.15 19:01:29.694,1.01881,1.01895,4.65,1.50
2011.11.15 19:01:31.408,1.01884,1.01896,1.50,1.50
2011.11.15 19:01:37.976,1.01885,1.01899,1.50,1.50
2011.11.15 19:01:38.098,1.01889,1.01902,1.50,3.75
2011.11.15 19:01:38.337,1.0189,1.01902,1.50,4.50
2011.11.15 19:01:39.085,1.01889,1.01901,1.50,1.50
2011.11.15 19:01:39.787,1.01886,1.019,3.75,1.50
2011.11.15 19:01:40.385,1.01886,1.019,1.50,2.25
2011.11.15 19:01:46.605,1.01884,1.01898,1.50,1.50
2011.11.15 19:01:47.076,1.01882,1.01896,1.80,2.25
2011.11.15 19:01:47.196,1.01882,1.01896,1.80,1.50
2011.11.15 19:01:51.367,1.01882,1.01896,1.50,2.25
2011.11.15 19:01:51.484,1.01882,1.01896,1.50,2.25
2011.11.15 19:01:52.054,1.01882,1.01896,1.65,2.25
2011.11.15 19:01:52.188,1.01879,1.01891,2.40,1.50
2011.11.15 19:01:52.446,1.01873,1.01884,2.25,2.25
2011.11.15 19:01:52.809,1.01873,1.01884,1.50,1.50
2011.11.15 19:01:53.165,1.01876,1.01888,1.50,2.25
2011.11.15 19:01:54.278,1.01876,1.01887,1.50,1.50
2011.11.15 19:01:54.398,1.01873,1.01883,2.25,1.50
2011.11.15 19:01:54.840,1.01871,1.01883,1.50,1.50
2011.11.15 19:01:55.452,1.01872,1.01886,2.25,2.25
2011.11.15 19:01:55.576,1.01873,1.01886,1.50,1.50
2011.11.15 19:01:55.816,1.01874,1.01888,2.25,1.69
2011.11.15 19:01:56.480,1.01877,1.01889,1.50,2.44
2011.11.15 19:01:57.573,1.01873,1.01884,1.50,1.13
2011.11.15 19:01:58.069,1.01873,1.0188,1.50,1.50
2011.11.15 19:01:58.208,1.01865,1.01877,2.25,1.50
2011.11.15 19:01:58.450,1.01867,1.01881,1.50,2.85
2011.11.15 19:02:05.797,1.01867,1.01881,2.25,2.25
2011.11.15 19:02:05.919,1.01864,1.01876,1.50,1.50
2011.11.15 19:02:06.370,1.01864,1.01878,3.00,1.50
2011.11.15 19:02:06.822,1.01868,1.01879,1.50,2.25
2011.11.15 19:02:09.725,1.01865,1.01877,2.25,1.50
2011.11.15 19:02:14.424,1.01868,1.0188,1.50,2.25
2011.11.15 19:02:15.104,1.01866,1.01878,1.50,1.50
2011.11.15 19:02:17.952,1.01866,1.01878,1.50,4.32
2011.11.15 19:02:18.321,1.01863,1.01873,1.50,1.50
2011.11.15 19:02:18.689,1.01859,1.01871,1.35,2.25
2011.11.15 19:02:19.097,1.01858,1.01867,3.00,1.35
2011.11.15 19:02:19.241,1.01848,1.0186,1.50,2.25
2011.11.15 19:02:19.375,1.01848,1.01859,2.25,2.63
2011.11.15 19:02:19.509,1.01845,1.01857,1.50,1.50
2011.11.15 19:02:20.107,1.01846,1.01858,1.50,1.50
2011.11.15 19:02:21.185,1.01848,1.01859,1.50,1.50
2011.11.15 19:02:22.239,1.01852,1.01862,1.50,3.75
2011.11.15 19:02:23.329,1.01849,1.01862,3.00,3.00
2011.11.15 19:02:23.699,1.01854,1.01865,1.50,2.48
2011.11.15 19:02:23.822,1.01854,1.01866,1.50,1.50
2011.11.15 19:02:23.948,1.01858,1.01866,1.50,1.50
2011.11.15 19:02:24.067,1.01858,1.01869,1.50,2.25
2011.11.15 19:02:24.665,1.01856,1.01868,1.50,1.50
2011.11.15 19:02:27.026,1.01853,1.01867,2.25,1.50
2011.11.15 19:02:27.630,1.01856,1.01868,1.50,3.75
2011.11.15 19:02:28.242,1.01857,1.01871,3.60,2.25
2011.11.15 19:02:28.374,1.01859,1.01873,3.00,1.69
2011.11.15 19:02:28.860,1.01865,1.01877,1.50,2.25
2011.11.15 19:02:29.243,1.01863,1.01875,3.00,1.50
2011.11.15 19:02:29.616,1.01859,1.01865,1.65,1.50
2011.11.15 19:02:29.995,1.01853,1.0186,1.50,1.13
2011.11.15 19:02:30.124,1.01847,1.01858,2.25,4.50
2011.11.15 19:02:30.253,1.01849,1.01858,1.50,3.75
2011.11.15 19:02:30.630,1.01852,1.01862,1.50,3.00
2011.11.15 19:02:31.079,1.01849,1.0186,1.50,1.50
2011.11.15 19:02:31.676,1.01849,1.01859,1.50,1.50
2011.11.15 19:02:33.256,1.01849,1.01858,1.50,1.50
2011.11.15 19:02:33.620,1.01847,1.01858,3.75,1.50
2011.11.15 19:02:34.666,1.01847,1.01858,2.25,2.25
2011.11.15 19:02:35.222,1.0185,1.01862,1.50,6.27
2011.11.15 19:02:35.348,1.0185,1.01862,1.50,5.25
2011.11.15 19:02:35.468,1.01848,1.0186,1.50,1.88
2011.11.15 19:02:36.066,1.01848,1.0186,2.25,1.50
2011.11.15 19:02:37.257,1.01848,1.01858,2.25,1.50
2011.11.15 19:02:37.377,1.01848,1.01858,2.25,2.25
2011.11.15 19:02:37.501,1.01848,1.01858,2.25,3.00
2011.11.15 19:02:37.751,1.01842,1.01856,2.25,2.25
2011.11.15 19:02:37.877,1.01845,1.01857,1.50,1.50
2011.11.15 19:02:39.176,1.01845,1.01857,2.25,2.25
2011.11.15 19:02:39.417,1.01841,1.01854,1.50,1.50
2011.11.15 19:02:39.894,1.01844,1.01854,1.50,1.50
2011.11.15 19:02:40.127,1.01841,1.01852,1.50,1.50
2011.11.15 19:02:40.724,1.0184,1.01852,1.50,1.50
2011.11.15 19:02:41.205,1.0184,1.01848,2.25,1.35
2011.11.15 19:02:41.584,1.01834,1.01846,1.50,1.50
2011.11.15 19:02:42.420,1.01836,1.01849,1.50,2.85
2011.11.15 19:02:44.516,1.01836,1.0185,1.50,2.25
2011.11.15 19:02:45.715,1.01834,1.01846,2.63,2.25
2011.11.15 19:02:46.076,1.01832,1.01844,3.00,1.50
2011.11.15 19:02:46.676,1.01831,1.01843,1.50,3.00
2011.11.15 19:02:47.267,1.01832,1.01843,2.25,1.50
2011.11.15 19:02:47.508,1.01832,1.01846,3.00,1.50
2011.11.15 19:02:50.884,1.01832,1.01845,3.00,1.50
2011.11.15 19:02:51.477,1.01832,1.01846,3.75,1.50
2011.11.15 19:02:51.598,1.01835,1.01847,2.63,3.75
2011.11.15 19:02:51.955,1.01838,1.01847,1.50,1.50
2011.11.15 19:02:54.445,1.01837,1.01847,1.50,1.50
2011.11.15 19:02:54.565,1.01837,1.01849,3.00,1.50
2011.11.15 19:02:55.414,1.01837,1.01848,1.50,1.50
2011.11.15 19:02:57.101,1.01838,1.0185,1.50,1.50
2011.11.15 19:02:57.230,1.01836,1.0185,3.38,1.50
2011.11.15 19:02:57.719,1.01837,1.0185,1.13,1.50
2011.11.15 19:02:58.726,1.01837,1.0185,1.13,1.50
2011.11.15 19:02:58.966,1.01836,1.0185,4.13,1.50
2011.11.15 19:02:59.084,1.01839,1.01851,1.50,1.50
2011.11.15 19:03:06.287,1.01837,1.0185,1.50,1.50
2011.11.15 19:03:06.866,1.01836,1.0185,3.00,1.50
2011.11.15 19:03:08.209,1.0184,1.0185,1.88,1.50
2011.11.15 19:03:08.581,1.01841,1.0185,2.25,1.50
2011.11.15 19:03:08.713,1.0184,1.01852,1.50,1.50
2011.11.15 19:03:11.378,1.01838,1.0185,3.75,1.50
2011.11.15 19:03:11.828,1.01838,1.01848,3.00,1.50
2011.11.15 19:03:11.960,1.01834,1.01848,4.32,1.50
2011.11.15 19:03:13.515,1.01835,1.01848,1.69,1.50
2011.11.15 19:03:14.464,1.01835,1.01848,1.69,1.50
2011.11.15 19:03:20.579,1.01835,1.01848,1.50,3.00
2011.11.15 19:03:20.943,1.01834,1.01842,1.50,2.29
2011.11.15 19:03:21.414,1.01826,1.0184,2.25,2.25
2011.11.15 19:03:22.018,1.01828,1.01841,1.50,2.25
2011.11.15 19:03:23.655,1.01827,1.01839,1.50,2.25
2011.11.15 19:03:24.020,1.01829,1.01841,1.50,2.25
2011.11.15 19:03:25.668,1.01827,1.01839,1.50,2.25
2011.11.15 19:03:26.278,1.01829,1.01841,1.50,2.25
2011.11.15 19:03:26.737,1.01826,1.0184,2.25,2.25
2011.11.15 19:03:35.707,1.01829,1.01841,1.50,2.25
2011.11.15 19:03:35.948,1.0183,1.01842,2.25,3.00
2011.11.15 19:03:36.068,1.0183,1.01842,3.00,2.25
2011.11.15 19:03:36.517,1.01832,1.01844,1.50,1.50
2011.11.15 19:03:36.874,1.01833,1.01841,1.50,1.50
2011.11.15 19:03:37.466,1.01833,1.01841,1.50,1.50
2011.11.15 19:03:38.855,1.01833,1.01841,1.50,1.50
2011.11.15 19:03:39.485,1.01833,1.01841,1.50,1.50
2011.11.15 19:03:43.973,1.01833,1.01841,1.50,1.50
2011.11.15 19:03:45.799,1.01833,1.01841,1.50,1.50
2011.11.15 19:03:46.037,1.01833,1.01844,1.50,1.50
2011.11.15 19:03:48.130,1.01833,1.01844,1.50,1.50
2011.11.15 19:03:48.499,1.01837,1.0185,1.50,1.88
2011.11.15 19:03:49.106,1.01837,1.0185,1.50,1.50
2011.11.15 19:03:49.685,1.01835,1.01849,3.00,1.50
2011.11.15 19:03:53.028,1.01835,1.01846,1.50,1.50
2011.11.15 19:03:53.275,1.01832,1.01844,1.50,3.00
2011.11.15 19:03:53.400,1.01833,1.01841,1.50,1.50
2011.11.15 19:03:54.010,1.01831,1.01843,2.25,2.25
2011.11.15 19:03:54.149,1.0183,1.01841,1.50,1.50
2011.11.15 19:03:55.917,1.0183,1.0184,1.50,2.85
2011.11.15 19:03:56.345,1.01825,1.01838,2.25,2.25
2011.11.15 19:03:56.468,1.01825,1.01839,3.00,1.50
2011.11.15 19:03:56.588,1.0183,1.01842,1.50,4.50
2011.11.15 19:03:57.066,1.01827,1.01841,1.50,2.25
2011.11.15 19:04:05.916,1.01829,1.01841,1.13,2.25
2011.11.15 19:04:06.298,1.01841,1.0185,1.50,1.69
2011.11.15 19:04:06.428,1.01843,1.01852,2.03,2.25
2011.11.15 19:04:06.790,1.01846,1.0186,1.50,3.08
2011.11.15 19:04:06.919,1.01844,1.01858,1.50,1.58
2011.11.15 19:04:07.275,1.01844,1.01858,2.25,1.58
2011.11.15 19:04:07.985,1.01844,1.01858,2.63,1.58
2011.11.15 19:04:08.773,1.01847,1.01859,1.50,3.08
2011.11.15 19:04:08.911,1.01847,1.01859,1.50,1.50
2011.11.15 19:04:09.520,1.01845,1.01858,2.25,1.50
2011.11.15 19:04:09.766,1.01846,1.0186,1.50,3.00
2011.11.15 19:04:09.886,1.01846,1.01858,1.50,1.50
2011.11.15 19:04:10.248,1.01844,1.01856,2.63,1.50
2011.11.15 19:04:10.725,1.01845,1.01859,2.25,3.75
2011.11.15 19:04:13.865,1.01845,1.01859,3.75,2.25
2011.11.15 19:04:14.467,1.01847,1.01861,2.24,2.25
2011.11.15 19:04:14.830,1.01853,1.01863,1.50,1.35
2011.11.15 19:04:15.196,1.01848,1.01861,1.50,1.50
2011.11.15 19:04:15.794,1.01848,1.01861,1.50,1.50
2011.11.15 19:04:20.313,1.01849,1.01863,2.25,3.60
2011.11.15 19:04:20.873,1.01849,1.01863,3.00,3.60
2011.11.15 19:04:22.232,1.01848,1.01861,2.25,3.00
2011.11.15 19:04:22.596,1.01847,1.01856,1.50,1.50
2011.11.15 19:04:22.717,1.01844,1.01856,2.63,1.50
2011.11.15 19:04:23.319,1.01845,1.01859,2.25,2.25
2011.11.15 19:04:32.148,1.01847,1.0186,1.50,1.50
2011.11.15 19:04:35.103,1.0184,1.01852,3.95,1.50
2011.11.15 19:04:35.234,1.01838,1.01851,4.50,2.25
2011.11.15 19:04:35.598,1.01835,1.01849,2.25,2.25
2011.11.15 19:04:35.955,1.01835,1.01849,2.25,2.25
2011.11.15 19:04:36.801,1.01839,1.01849,1.50,1.50
2011.11.15 19:04:36.928,1.0184,1.01852,1.50,1.50
2011.11.15 19:04:37.524,1.0184,1.01854,1.50,4.50
2011.11.15 19:04:38.777,1.0184,1.01854,1.50,2.25
2011.11.15 19:04:38.899,1.01842,1.01855,1.50,1.50
2011.11.15 19:04:39.026,1.0184,1.01854,1.50,1.50
2011.11.15 19:04:39.398,1.01839,1.01852,3.00,1.50
2011.11.15 19:04:39.771,1.01835,1.01847,2.25,4.13
2011.11.15 19:04:40.137,1.01833,1.01841,1.50,1.50
2011.11.15 19:04:40.496,1.01832,1.01843,1.50,1.50
2011.11.15 19:04:42.326,1.01832,1.01843,1.50,1.50
2011.11.15 19:04:50.507,1.01832,1.01843,1.50,3.75
2011.11.15 19:04:50.750,1.01832,1.01839,1.50,1.88
2011.11.15 19:04:50.885,1.01828,1.01837,2.25,1.13
2011.11.15 19:04:51.013,1.01825,1.01833,1.50,1.50
2011.11.15 19:04:51.138,1.01822,1.01833,2.25,1.50
2011.11.15 19:04:51.621,1.01822,1.01835,3.00,1.50
2011.11.15 19:04:52.161,1.01822,1.01834,3.00,1.50
2011.11.15 19:04:52.406,1.01822,1.01836,3.00,1.50
2011.11.15 19:04:53.156,1.01823,1.01834,1.50,1.50
2011.11.15 19:04:53.396,1.01822,1.01836,3.75,1.88
2011.11.15 19:04:53.627,1.01822,1.01833,3.75,1.50
2011.11.15 19:04:53.989,1.01818,1.01829,1.50,1.88
2011.11.15 19:04:54.350,1.01818,1.01828,1.50,2.63
2011.11.15 19:04:54.957,1.01818,1.0183,1.50,2.10
2011.11.15 19:05:01.467,1.01821,1.01832,1.50,4.13
2011.11.15 19:05:02.188,1.01821,1.01832,1.50,3.00
2011.11.15 19:05:02.313,1.01822,1.01833,1.50,4.50
2011.11.15 19:05:02.679,1.01815,1.0182,1.13,1.50
2011.11.15 19:05:02.930,1.018,1.01808,1.13,1.50
2011.11.15 19:05:03.062,1.018,1.01805,1.50,3.35
2011.11.15 19:05:03.190,1.01796,1.01805,1.50,5.90
2011.11.15 19:05:03.322,1.01805,1.01809,1.50,2.06
2011.11.15 19:05:03.763,1.01802,1.01809,1.50,1.69
2011.11.15 19:05:04.011,1.01796,1.01804,1.50,4.07
2011.11.15 19:05:04.377,1.01804,1.01808,1.50,1.07
2011.11.15 19:05:04.741,1.01801,1.01808,1.50,1.07
2011.11.15 19:05:05.347,1.01802,1.01809,1.50,1.07
2011.11.15 19:05:05.832,1.01798,1.01803,1.50,2.25
2011.11.15 19:05:05.968,1.01795,1.018,2.25,1.17
2011.11.15 19:05:06.092,1.01784,1.01788,1.50,2.44
2011.11.15 19:05:06.224,1.01773,1.01786,2.25,1.69
2011.11.15 19:05:06.352,1.01773,1.01785,1.50,2.40
2011.11.15 19:05:06.598,1.01773,1.01783,1.50,2.63
2011.11.15 19:05:07.188,1.01774,1.01784,1.50,3.38
2011.11.15 19:05:07.823,1.01772,1.01784,1.50,3.75
2011.11.15 19:05:08.176,1.01774,1.01784,1.50,2.25
2011.11.15 19:05:08.781,1.01774,1.01785,1.50,4.28
2011.11.15 19:05:09.030,1.01774,1.01785,1.50,2.63
2011.11.15 19:05:09.401,1.01775,1.01787,2.25,2.10
2011.11.15 19:05:09.535,1.01775,1.01789,2.25,3.68
2011.11.15 19:05:09.670,1.0178,1.01789,1.50,1.13
2011.11.15 19:05:09.800,1.0178,1.01793,1.50,1.50
2011.11.15 19:05:10.642,1.01779,1.01792,1.50,1.50
2011.11.15 19:05:11.172,1.01778,1.01792,1.50,1.50
2011.11.15 19:05:21.800,1.01776,1.01784,3.00,1.13
2011.11.15 19:05:22.091,1.0178,1.01784,1.50,1.13
2011.11.15 19:05:22.596,1.01777,1.01782,1.50,1.35
2011.11.15 19:05:24.031,1.01778,1.01785,1.50,1.13
2011.11.15 19:05:24.163,1.0178,1.01785,1.50,1.13
2011.11.15 19:05:24.291,1.0178,1.01792,1.50,3.90
2011.11.15 19:05:24.421,1.01782,1.01796,1.50,3.00
2011.11.15 19:05:26.166,1.01782,1.01796,1.50,2.63
2011.11.15 19:05:26.755,1.01781,1.01793,1.50,1.50
2011.11.15 19:05:31.297,1.01783,1.01795,1.50,2.25
2011.11.15 19:05:36.700,1.01785,1.01795,1.35,1.50
2011.11.15 19:05:37.362,1.01785,1.01795,3.00,1.50
2011.11.15 19:05:37.498,1.01783,1.01795,1.50,2.85
2011.11.15 19:05:37.623,1.0178,1.01791,3.00,1.50
2011.11.15 19:05:37.989,1.01782,1.01792,3.00,2.25
2011.11.15 19:05:38.351,1.01785,1.01796,1.50,1.50
2011.11.15 19:05:40.978,1.01784,1.01791,1.50,2.10
2011.11.15 19:05:41.097,1.01781,1.0179,1.50,2.25
2011.11.15 19:05:41.216,1.01778,1.0179,1.50,2.25
2011.11.15 19:05:42.965,1.01778,1.0179,3.00,2.25
2011.11.15 19:05:43.212,1.01782,1.01792,1.50,2.25
2011.11.15 19:05:43.344,1.01784,1.01795,1.50,1.35
2011.11.15 19:05:43.711,1.01785,1.01796,1.50,3.15
2011.11.15 19:05:43.837,1.01785,1.01795,1.50,1.65
2011.11.15 19:05:44.076,1.01785,1.01796,1.50,2.10
2011.11.15 19:05:44.321,1.01783,1.01796,1.50,2.10
2011.11.15 19:05:44.973,1.01781,1.01795,1.50,2.55
2011.11.15 19:05:45.458,1.01781,1.01794,1.50,1.05
2011.11.15 19:05:45.817,1.01779,1.01793,1.50,2.25
2011.11.15 19:05:45.939,1.01782,1.01794,1.50,2.63
2011.11.15 19:05:48.996,1.01779,1.01793,1.50,2.25
2011.11.15 19:05:49.799,1.01779,1.01793,1.50,2.25
2011.11.15 19:05:50.386,1.01782,1.01794,1.50,5.07
2011.11.15 19:05:50.505,1.01782,1.01794,1.50,3.87
2011.11.15 19:05:50.976,1.0178,1.01792,3.00,1.50
2011.11.15 19:05:53.339,1.01772,1.01777,2.59,1.50
2011.11.15 19:05:53.579,1.01768,1.01776,1.50,31.24
2011.11.15 19:05:53.696,1.01767,1.01777,1.13,33.87
2011.11.15 19:05:54.284,1.01767,1.01776,3.00,32.74
2011.11.15 19:05:54.865,1.01767,1.01777,3.38,32.74
2011.11.15 19:05:55.589,1.01771,1.0178,1.50,1.69
2011.11.15 19:05:55.709,1.01773,1.01785,1.50,2.25
2011.11.15 19:05:55.836,1.01773,1.01787,1.50,2.44
2011.11.15 19:05:56.320,1.01772,1.01784,2.25,1.50
2011.11.15 19:05:58.916,1.01769,1.01777,2.10,3.00
2011.11.15 19:05:59.281,1.0175,1.01768,3.00,1.35
2011.11.15 19:05:59.412,1.01753,1.01766,2.25,1.13
2011.11.15 19:05:59.777,1.01755,1.01767,1.50,34.80
2011.11.15 19:06:00.848,1.01755,1.01767,1.88,34.80
2011.11.15 19:06:01.208,1.01763,1.01774,1.50,1.88
2011.11.15 19:06:01.332,1.01763,1.01775,1.50,2.25
2011.11.15 19:06:01.703,1.01765,1.01774,1.50,1.13
2011.11.15 19:06:01.832,1.01763,1.01774,3.00,1.13
2011.11.15 19:06:01.965,1.01763,1.01773,3.00,1.35
2011.11.15 19:06:02.207,1.01759,1.0177,2.25,1.35
2011.11.15 19:06:02.566,1.01761,1.0177,1.50,1.35
2011.11.15 19:06:02.808,1.01758,1.01768,1.50,1.13
2011.11.15 19:06:02.931,1.01755,1.01765,1.50,1.50
2011.11.15 19:06:03.062,1.01751,1.01765,1.88,2.63
2011.11.15 19:06:04.118,1.01751,1.01764,1.50,1.13
2011.11.15 19:06:04.805,1.01751,1.01764,2.25,1.13
2011.11.15 19:06:04.929,1.01749,1.01757,2.25,1.88
2011.11.15 19:06:05.167,1.01735,1.01747,3.75,28.54
2011.11.15 19:06:06.114,1.01735,1.01746,1.50,27.64
2011.11.15 19:06:06.830,1.01735,1.01741,1.50,2.10
2011.11.15 19:06:06.964,1.01731,1.01739,3.00,1.35
2011.11.15 19:06:07.092,1.01731,1.01739,1.50,2.10
2011.11.15 19:06:07.600,1.01729,1.0174,1.13,2.25
2011.11.15 19:06:07.731,1.01734,1.0174,1.13,2.25
2011.11.15 19:06:08.102,1.01735,1.0174,2.25,1.50
2011.11.15 19:06:08.351,1.01726,1.01738,2.25,1.88
2011.11.15 19:06:08.717,1.01725,1.01737,1.50,1.50
2011.11.15 19:06:08.960,1.01726,1.0174,1.50,2.44
2011.11.15 19:06:09.088,1.01729,1.0174,1.50,1.09
2011.11.15 19:06:09.450,1.01729,1.01741,2.63,1.50
2011.11.15 19:06:09.819,1.01737,1.01746,1.50,2.29
2011.11.15 19:06:10.317,1.01732,1.01744,1.50,1.50
2011.11.15 19:06:11.041,1.0173,1.01742,1.50,1.50
2011.11.15 19:06:11.770,1.01732,1.01744,1.50,1.50
2011.11.15 19:06:12.142,1.01734,1.01745,1.50,1.13
2011.11.15 19:06:12.267,1.0173,1.01744,1.50,1.50
2011.11.15 19:06:16.026,1.01734,1.01744,1.13,1.50
2011.11.15 19:06:16.147,1.01736,1.01748,2.25,3.00
2011.11.15 19:06:20.274,1.01737,1.01751,1.50,1.50
2011.11.15 19:06:21.841,1.01739,1.01753,1.50,1.65
2011.11.15 19:06:22.364,1.01739,1.01753,1.50,1.65
2011.11.15 19:06:22.705,1.01739,1.01753,1.50,2.40
2011.11.15 19:06:23.404,1.01739,1.01752,1.50,1.65
2011.11.15 19:06:23.964,1.01739,1.01752,1.50,1.65
2011.11.15 19:06:25.007,1.01737,1.01751,1.88,2.25
2011.11.15 19:06:25.585,1.01737,1.01751,1.50,2.25
2011.11.15 19:06:27.328,1.01737,1.01751,1.50,2.25
2011.11.15 19:06:29.540,1.01739,1.01753,1.50,2.25
2011.11.15 19:06:29.666,1.01739,1.01753,1.50,3.00
2011.11.15 19:06:29.906,1.01737,1.01751,1.50,2.25
2011.11.15 19:06:30.496,1.01737,1.01751,1.50,2.10
2011.11.15 19:06:31.087,1.01737,1.01744,1.50,1.50
2011.11.15 19:06:31.451,1.01721,1.01732,1.13,1.50
2011.11.15 19:06:31.941,1.01725,1.01737,2.25,2.04
2011.11.15 19:06:33.430,1.01724,1.01734,2.25,1.13
2011.11.15 19:06:34.030,1.01724,1.01735,2.25,1.13
2011.11.15 19:06:36.167,1.01724,1.01736,2.25,3.00
2011.11.15 19:06:36.516,1.01724,1.01736,1.50,2.63
2011.11.15 19:06:36.878,1.0172,1.01732,1.50,1.50
2011.11.15 19:06:37.118,1.01722,1.01734,1.50,1.13
2011.11.15 19:06:37.359,1.0172,1.01734,1.50,2.78
2011.11.15 19:06:38.210,1.0172,1.01733,3.00,1.50
2011.11.15 19:06:38.818,1.0172,1.01732,2.25,1.50
2011.11.15 19:06:39.396,1.0172,1.01733,3.00,1.50
2011.11.15 19:06:40.316,1.01719,1.01732,2.25,1.50
2011.11.15 19:06:41.124,1.01718,1.01731,3.00,1.50
2011.11.15 19:06:41.698,1.01718,1.01732,2.25,3.00
2011.11.15 19:06:42.055,1.01722,1.01733,1.50,2.25
2011.11.15 19:06:42.175,1.0172,1.01732,2.25,1.50
2011.11.15 19:06:42.297,1.01718,1.0173,2.25,1.50
2011.11.15 19:06:43.646,1.01719,1.01733,2.25,3.75
2011.11.15 19:06:43.766,1.01719,1.01731,2.25,1.50
2011.11.15 19:06:45.207,1.0172,1.01731,1.88,1.50
2011.11.15 19:06:45.332,1.01724,1.01734,2.25,3.54
2011.11.15 19:06:45.458,1.01724,1.01732,2.25,2.25
2011.11.15 19:06:45.818,1.0172,1.01732,2.25,3.75
2011.11.15 19:06:47.432,1.01723,1.01734,1.50,2.25
2011.11.15 19:06:47.797,1.0172,1.01734,2.25,3.75
2011.11.15 19:06:50.616,1.01722,1.01734,1.50,1.50
2011.11.15 19:06:51.185,1.01721,1.01733,2.25,1.50
2011.11.15 19:06:51.415,1.01722,1.01733,1.50,1.50
2011.11.15 19:06:51.975,1.01723,1.01733,1.50,1.50
2011.11.15 19:06:52.553,1.01723,1.01733,1.50,1.50
2011.11.15 19:06:52.910,1.01721,1.01733,2.25,1.50
2011.11.15 19:06:53.276,1.01718,1.01732,3.00,1.50
2011.11.15 19:06:53.627,1.01722,1.01734,1.50,3.75
2011.11.15 19:06:55.076,1.01723,1.01735,1.50,1.50
2011.11.15 19:06:55.436,1.01718,1.01729,1.50,1.50
2011.11.15 19:06:55.666,1.01721,1.01733,1.50,2.25
2011.11.15 19:06:55.905,1.01723,1.01734,1.50,3.00
2011.11.15 19:06:56.485,1.01722,1.01733,1.50,2.25
2011.11.15 19:07:00.324,1.01722,1.01733,1.50,2.25
2011.11.15 19:07:00.911,1.01723,1.01731,1.50,1.50
2011.11.15 19:07:01.280,1.01718,1.01731,1.50,1.50
2011.11.15 19:07:01.755,1.01719,1.01733,2.25,2.25
2011.11.15 19:07:02.456,1.01719,1.01733,2.25,2.25
2011.11.15 19:07:02.928,1.01719,1.01729,2.25,1.50
2011.11.15 19:07:03.289,1.01717,1.01725,2.25,1.50
2011.11.15 19:07:03.527,1.01713,1.01722,1.50,1.50
2011.11.15 19:07:03.774,1.01712,1.0172,1.50,3.00
2011.11.15 19:07:04.231,1.01709,1.0172,1.50,1.50
2011.11.15 19:07:06.527,1.01709,1.0172,1.50,1.50
2011.11.15 19:07:11.785,1.01709,1.01721,1.50,1.65
2011.11.15 19:07:12.031,1.0171,1.01721,1.50,1.50
2011.11.15 19:07:12.396,1.01713,1.01722,1.50,1.50
2011.11.15 19:07:14.186,1.01712,1.01722,1.50,1.50
2011.11.15 19:07:14.919,1.01712,1.01725,1.50,2.25
2011.11.15 19:07:15.536,1.01711,1.01725,2.25,3.00
2011.11.15 19:07:15.661,1.01709,1.01723,2.25,2.25
2011.11.15 19:07:16.025,1.01712,1.01724,1.50,2.25
2011.11.15 19:07:16.866,1.01712,1.01724,1.50,1.50
2011.11.15 19:07:17.228,1.01712,1.01724,3.00,2.63
2011.11.15 19:07:17.838,1.01713,1.01723,1.50,1.50
2011.11.15 19:07:18.560,1.01715,1.01727,2.25,1.50
2011.11.15 19:07:19.047,1.01713,1.01725,3.75,1.88
2011.11.15 19:07:19.588,1.01713,1.01725,2.25,1.50
2011.11.15 19:07:20.485,1.01714,1.01728,2.25,2.25
2011.11.15 19:07:21.166,1.01714,1.01728,2.25,2.25
2011.11.15 19:07:21.411,1.01719,1.01732,2.25,1.35
2011.11.15 19:07:21.780,1.01719,1.01733,2.25,3.98
2011.11.15 19:07:22.389,1.01719,1.01733,2.25,3.60
2011.11.15 19:07:22.512,1.01717,1.01729,3.38,1.50
2011.11.15 19:07:24.207,1.01718,1.01732,3.00,2.25
2011.11.15 19:07:24.784,1.01718,1.01732,2.25,2.25
2011.11.15 19:07:25.726,1.01718,1.01732,2.25,2.25
2011.11.15 19:07:26.525,1.01718,1.01732,2.25,2.25
2011.11.15 19:07:28.194,1.01718,1.01732,2.25,2.25
2011.11.15 19:07:30.297,1.01722,1.01733,1.50,1.50
2011.11.15 19:07:30.888,1.01723,1.01731,1.50,1.50
2011.11.15 19:07:31.016,1.01717,1.01729,1.88,1.50
2011.11.15 19:07:31.596,1.01718,1.0173,3.00,1.50
2011.11.15 19:07:32.720,1.01718,1.0173,3.00,1.50
2011.11.15 19:07:34.245,1.01718,1.0173,3.00,1.50
2011.11.15 19:07:35.419,1.01718,1.0173,2.25,1.50
2011.11.15 19:07:36.746,1.01718,1.0173,2.25,1.50
2011.11.15 19:07:37.445,1.01719,1.0173,1.50,1.50
2011.11.15 19:07:37.565,1.01721,1.01733,2.25,2.25
2011.11.15 19:07:37.688,1.01721,1.01733,1.50,2.25
2011.11.15 19:07:37.811,1.01718,1.0173,2.25,2.25
2011.11.15 19:07:38.297,1.01718,1.01731,1.50,2.25
2011.11.15 19:07:38.899,1.01718,1.01731,1.50,2.25
2011.11.15 19:07:39.499,1.01718,1.01731,1.50,2.25
2011.11.15 19:07:39.978,1.01719,1.01731,1.50,1.50
2011.11.15 19:07:40.335,1.01723,1.01732,1.50,1.50
2011.11.15 19:07:41.256,1.01723,1.01731,1.50,1.50
2011.11.15 19:07:41.398,1.01717,1.01729,1.50,1.50
2011.11.15 19:07:41.520,1.0172,1.01729,1.50,2.25
2011.11.15 19:07:41.887,1.01717,1.01729,2.25,1.50
2011.11.15 19:07:42.130,1.01718,1.01729,1.50,2.25
2011.11.15 19:07:42.368,1.01715,1.01729,1.88,3.00
2011.11.15 19:07:42.488,1.01715,1.01729,1.50,2.25
2011.11.15 19:07:42.614,1.01719,1.01731,2.25,1.50
2011.11.15 19:07:42.977,1.01722,1.01733,1.50,2.25
2011.11.15 19:07:43.567,1.01722,1.01731,1.50,1.50
2011.11.15 19:07:44.821,1.01722,1.01731,1.50,1.50
2011.11.15 19:07:46.156,1.01722,1.01731,1.50,2.25
2011.11.15 19:07:46.277,1.0172,1.01731,1.50,2.25
2011.11.15 19:07:46.396,1.01718,1.01731,1.50,2.25
2011.11.15 19:07:46.759,1.0172,1.01733,1.50,2.44
2011.11.15 19:07:46.887,1.01721,1.01733,1.50,2.44
2011.11.15 19:07:47.246,1.01722,1.01733,1.50,2.44
2011.11.15 19:07:48.078,1.01722,1.01733,1.50,2.25
2011.11.15 19:07:48.678,1.01724,1.01733,1.50,2.25
2011.11.15 19:07:49.044,1.01723,1.01733,1.50,2.25
2011.11.15 19:07:49.286,1.01723,1.01732,1.50,1.50
2011.11.15 19:07:50.181,1.01723,1.01731,1.50,1.50
2011.11.15 19:07:50.430,1.01723,1.01733,1.50,2.25
2011.11.15 19:07:51.727,1.01723,1.01733,1.50,2.25
2011.11.15 19:07:52.557,1.01722,1.01735,1.50,3.38
2011.11.15 19:07:54.019,1.01726,1.01735,1.50,1.50
2011.11.15 19:07:54.148,1.01723,1.01735,3.75,1.50
2011.11.15 19:07:54.389,1.01722,1.01733,1.50,1.50
2011.11.15 19:07:54.889,1.01724,1.01735,2.25,1.50
2011.11.15 19:07:55.492,1.01723,1.01735,3.00,3.00
2011.11.15 19:07:56.104,1.01727,1.01738,1.50,1.50
2011.11.15 19:07:56.706,1.01728,1.01737,1.50,1.50
2011.11.15 19:08:00.704,1.01727,1.01737,1.50,1.50
2011.11.15 19:08:01.604,1.01727,1.01737,1.50,1.50
2011.11.15 19:08:01.949,1.01725,1.01737,3.00,3.38
2011.11.15 19:08:02.068,1.01722,1.01734,3.00,3.00
2011.11.15 19:08:02.187,1.01722,1.01734,2.25,2.25
2011.11.15 19:08:02.315,1.01722,1.01734,2.25,2.25
2011.11.15 19:08:02.559,1.01717,1.01729,2.25,1.50
2011.11.15 19:08:03.156,1.01719,1.01729,1.50,1.50
2011.11.15 19:08:04.019,1.01719,1.01731,1.50,1.50
2011.11.15 19:08:04.499,1.01723,1.01734,1.50,1.50
2011.11.15 19:08:04.627,1.01719,1.01733,1.50,2.25
2011.11.15 19:08:04.869,1.01721,1.01734,1.50,2.25
2011.11.15 19:08:04.987,1.01721,1.01734,1.50,2.25
2011.11.15 19:08:05.107,1.01724,1.01734,1.50,2.25
2011.11.15 19:08:07.342,1.01724,1.01734,2.25,1.50
2011.11.15 19:08:07.947,1.01723,1.01735,3.00,3.00
2011.11.15 19:08:08.546,1.01722,1.01733,1.50,1.50
2011.11.15 19:08:11.174,1.01722,1.01733,1.50,1.50
2011.11.15 19:08:12.600,1.01723,1.01733,1.50,1.50
2011.11.15 19:08:13.165,1.01723,1.01734,2.25,1.50
2011.11.15 19:08:14.346,1.01723,1.01735,1.50,1.50
2011.11.15 19:08:15.478,1.01724,1.01734,2.25,1.13
2011.11.15 19:08:15.840,1.0173,1.01737,1.50,1.13
2011.11.15 19:08:16.087,1.0173,1.01739,2.25,1.54
2011.11.15 19:08:17.071,1.01727,1.01738,1.50,2.63
2011.11.15 19:08:17.703,1.01727,1.01738,1.50,3.04
2011.11.15 19:08:18.279,1.01727,1.01738,1.50,2.63
2011.11.15 19:08:18.844,1.01727,1.01738,1.50,2.29
2011.11.15 19:08:20.287,1.01727,1.01738,1.50,1.88
2011.11.15 19:08:20.549,1.01735,1.01748,2.63,3.00
2011.11.15 19:08:20.683,1.01737,1.01749,2.25,2.89
2011.11.15 19:08:20.810,1.01737,1.01749,2.25,2.89
2011.11.15 19:08:21.181,1.01733,1.01742,1.50,1.50
2011.11.15 19:08:21.900,1.01733,1.01744,1.50,1.50
2011.11.15 19:08:22.146,1.01734,1.01746,2.25,1.50
2011.11.15 19:08:22.266,1.01734,1.01744,2.25,1.13
2011.11.15 19:08:23.469,1.01734,1.01746,2.25,2.25
2011.11.15 19:08:23.826,1.01736,1.01748,1.50,3.04
2011.11.15 19:08:24.186,1.01733,1.01747,2.25,2.25
2011.11.15 19:08:24.738,1.01733,1.01747,2.25,2.25
2011.11.15 19:08:25.336,1.01736,1.01748,1.50,2.25
2011.11.15 19:08:26.888,1.01734,1.01746,2.25,1.50
2011.11.15 19:08:27.730,1.01734,1.01746,3.00,1.50
2011.11.15 19:08:27.865,1.01739,1.01751,2.25,3.04
2011.11.15 19:08:28.945,1.01738,1.01752,2.25,1.50
2011.11.15 19:08:29.535,1.01741,1.01753,1.50,3.00
2011.11.15 19:08:30.885,1.01741,1.01753,1.50,2.25
2011.11.15 19:08:31.127,1.01743,1.01752,1.50,1.50
2011.11.15 19:08:31.364,1.0174,1.01753,2.25,1.50
2011.11.15 19:08:34.180,1.01742,1.01754,1.50,2.25
2011.11.15 19:08:34.548,1.01747,1.01758,1.50,1.54
2011.11.15 19:08:34.787,1.01745,1.01757,1.50,2.25
2011.11.15 19:08:39.323,1.01745,1.01757,1.50,2.25
2011.11.15 19:08:43.342,1.01745,1.01757,2.25,1.50
2011.11.15 19:08:43.587,1.01747,1.01759,1.50,1.50
2011.11.15 19:08:43.710,1.01751,1.01763,1.50,1.95
2011.11.15 19:08:43.955,1.01753,1.01765,1.50,3.75
2011.11.15 19:08:44.076,1.01751,1.01763,1.50,1.50
2011.11.15 19:08:44.727,1.01753,1.01764,1.50,1.50
2011.11.15 19:08:45.306,1.0175,1.01764,2.25,2.25
2011.11.15 19:08:47.553,1.01754,1.01766,1.50,2.25
2011.11.15 19:08:47.928,1.01758,1.0177,1.50,2.25
2011.11.15 19:08:48.708,1.01759,1.01772,1.50,6.60
2011.11.15 19:08:50.919,1.01759,1.01765,1.50,1.13
2011.11.15 19:08:51.450,1.01759,1.01766,1.50,4.13
2011.11.15 19:08:51.593,1.0175,1.01764,1.50,2.25
2011.11.15 19:08:51.722,1.01752,1.01765,2.25,1.50
2011.11.15 19:08:52.091,1.01754,1.01765,1.50,1.50
2011.11.15 19:08:52.695,1.01754,1.01765,1.50,1.50
2011.11.15 19:08:53.296,1.01754,1.01765,1.50,1.50
2011.11.15 19:08:54.396,1.01753,1.01765,1.50,1.50
2011.11.15 19:08:54.986,1.01752,1.01765,1.50,1.50
2011.11.15 19:09:03.477,1.01759,1.01771,1.50,2.29
2011.11.15 19:09:04.081,1.01756,1.0177,1.50,2.85
2011.11.15 19:09:04.689,1.01757,1.0177,1.50,1.50
2011.11.15 19:09:05.285,1.01757,1.01769,1.50,1.50
2011.11.15 19:09:06.279,1.01759,1.01771,1.50,2.25
2011.11.15 19:09:07.105,1.01759,1.01771,1.50,2.63
2011.11.15 19:09:07.352,1.01751,1.01763,2.25,1.50
2011.11.15 19:09:07.936,1.01753,1.01764,1.50,1.13
2011.11.15 19:09:08.846,1.01752,1.01764,2.25,2.63
2011.11.15 19:09:22.450,1.01755,1.01765,1.50,1.88
2011.11.15 19:09:22.821,1.01758,1.01771,1.50,1.05
2011.11.15 19:09:23.669,1.01758,1.01771,1.50,1.05
2011.11.15 19:09:24.334,1.01758,1.01771,1.50,1.05
2011.11.15 19:09:25.198,1.01758,1.01771,1.50,1.05
2011.11.15 19:09:25.694,1.01758,1.01772,1.50,5.25
2011.11.15 19:09:28.123,1.0176,1.01774,1.50,3.23
2011.11.15 19:09:28.250,1.0176,1.01774,2.25,2.63
2011.11.15 19:09:31.073,1.0176,1.01767,1.50,3.38
2011.11.15 19:09:31.202,1.01754,1.01763,1.50,1.50
2011.11.15 19:09:31.331,1.01752,1.01763,1.50,1.50
2011.11.15 19:09:31.462,1.01751,1.01763,2.25,1.50
2011.11.15 19:09:32.648,1.01753,1.01765,1.50,1.50
2011.11.15 19:09:33.235,1.01751,1.01765,2.25,2.25
2011.11.15 19:09:33.597,1.01755,1.01766,1.50,2.25
2011.11.15 19:09:33.716,1.01755,1.01769,1.50,3.38
2011.11.15 19:09:33.962,1.01755,1.01765,1.50,1.13
2011.11.15 19:09:34.533,1.01752,1.01763,1.50,1.13
2011.11.15 19:09:34.659,1.0175,1.01762,1.50,1.50
2011.11.15 19:09:35.145,1.01752,1.01764,1.50,1.50
2011.11.15 19:09:42.576,1.01752,1.01764,2.25,1.50
2011.11.15 19:09:43.505,1.01749,1.01763,3.75,1.50
2011.11.15 19:09:46.189,1.01747,1.01758,1.50,1.50
2011.11.15 19:09:46.306,1.01748,1.0176,2.25,1.50
2011.11.15 19:09:47.964,1.01749,1.01763,1.50,1.50
2011.11.15 19:09:49.246,1.01749,1.01763,1.50,1.88
2011.11.15 19:09:49.766,1.01746,1.01758,3.00,1.50
2011.11.15 19:09:50.249,1.01746,1.01758,3.00,2.63
2011.11.15 19:09:50.378,1.01746,1.01758,3.00,1.88
2011.11.15 19:09:51.568,1.01748,1.0176,2.25,1.50
2011.11.15 19:09:51.693,1.01752,1.01764,1.50,4.32
2011.11.15 19:09:51.818,1.01752,1.01764,1.50,3.38
2011.11.15 19:09:53.378,1.0175,1.01762,1.50,1.50
2011.11.15 19:09:54.021,1.01751,1.01764,2.25,1.50
2011.11.15 19:09:54.637,1.01754,1.01766,1.50,2.25
2011.11.15 19:09:55.009,1.01766,1.01772,1.13,1.50
2011.11.15 19:09:55.255,1.01777,1.01786,1.50,1.50
2011.11.15 19:09:55.907,1.01777,1.01786,1.50,1.50
2011.11.15 19:09:56.036,1.01774,1.01788,1.50,2.25
2011.11.15 19:09:56.435,1.01774,1.01784,1.50,1.88
2011.11.15 19:09:56.571,1.01768,1.01781,3.19,1.50
2011.11.15 19:09:56.703,1.01766,1.01778,3.60,1.50
2011.11.15 19:09:57.065,1.01768,1.01781,3.75,1.50
2011.11.15 19:09:58.491,1.01768,1.01781,3.00,2.25
2011.11.15 19:09:58.620,1.01765,1.01778,1.50,2.25
2011.11.15 19:09:58.748,1.01764,1.01778,1.50,2.25
2011.11.15 19:09:59.346,1.01766,1.0178,1.50,2.25
2011.11.15 19:10:03.895,1.01766,1.0178,3.00,1.50
2011.11.15 19:10:04.258,1.01775,1.01786,2.25,1.50
2011.11.15 19:10:04.859,1.01775,1.01787,2.25,3.00
2011.11.15 19:10:05.584,1.01773,1.01781,2.25,1.50
2011.11.15 19:10:05.947,1.01769,1.01779,1.50,1.50
2011.11.15 19:10:06.066,1.0177,1.01782,2.25,1.50
2011.11.15 19:10:06.655,1.01769,1.01781,1.50,1.50
2011.11.15 19:10:07.016,1.0177,1.01784,2.25,3.75
2011.11.15 19:10:07.610,1.01773,1.01787,3.00,1.50
2011.11.15 19:10:07.865,1.01772,1.01784,1.35,1.13
2011.11.15 19:10:08.228,1.01768,1.0178,3.00,1.50
2011.11.15 19:10:18.120,1.01769,1.01777,2.10,2.25
2011.11.15 19:10:18.258,1.01767,1.01777,5.63,3.00
2011.11.15 19:10:18.504,1.01763,1.01774,1.50,1.50
2011.11.15 19:10:18.630,1.01762,1.01771,1.50,1.50
2011.11.15 19:10:19.246,1.0176,1.01772,2.25,1.50
2011.11.15 19:10:19.381,1.0176,1.01772,2.25,1.50
2011.11.15 19:10:19.508,1.0176,1.01772,3.00,1.50
2011.11.15 19:10:20.467,1.01762,1.01774,2.25,1.50
2011.11.15 19:10:22.318,1.0176,1.01773,1.50,1.50
2011.11.15 19:10:25.165,1.01762,1.01774,2.25,1.50
2011.11.15 19:10:25.652,1.01763,1.01777,2.63,2.25
2011.11.15 19:10:26.053,1.01774,1.01786,1.50,2.25
2011.11.15 19:10:26.300,1.01775,1.01787,1.50,2.25
2011.11.15 19:10:26.429,1.01771,1.01785,3.00,1.50
2011.11.15 19:10:26.908,1.01773,1.01785,2.10,1.50
2011.11.15 19:10:27.030,1.01776,1.01787,1.50,1.50
2011.11.15 19:10:30.548,1.01775,1.01787,2.25,2.25
2011.11.15 19:10:31.149,1.01773,1.01784,1.50,1.50
2011.11.15 19:10:31.511,1.01769,1.01782,1.50,1.50
2011.11.15 19:10:31.644,1.01767,1.01781,1.50,2.52
2011.11.15 19:10:31.773,1.01763,1.01777,2.25,3.23
2011.11.15 19:10:32.173,1.01761,1.01772,1.50,1.50
2011.11.15 19:10:32.771,1.01761,1.01775,2.25,2.63
2011.11.15 19:10:34.549,1.01761,1.01775,2.25,3.00
2011.11.15 19:10:34.670,1.01764,1.01775,1.50,1.50
2011.11.15 19:10:35.051,1.01779,1.01787,1.50,1.50
2011.11.15 19:10:35.656,1.01777,1.01788,2.25,1.50
2011.11.15 19:10:38.157,1.01777,1.01786,1.50,2.25
2011.11.15 19:10:38.399,1.01768,1.01781,1.69,1.50
2011.11.15 19:10:38.759,1.0177,1.01782,2.25,3.00
2011.11.15 19:10:38.878,1.01771,1.01785,2.25,3.00
2011.11.15 19:10:39.236,1.0177,1.01782,2.25,1.50
2011.11.15 19:10:46.985,1.01772,1.01784,2.25,2.25
2011.11.15 19:10:50.384,1.01772,1.01784,2.25,2.25
2011.11.15 19:10:50.511,1.01768,1.01779,3.00,2.63
2011.11.15 19:10:50.876,1.01765,1.01779,3.00,1.50
2011.11.15 19:10:52.745,1.01768,1.0178,2.25,1.50
2011.11.15 19:10:53.800,1.01771,1.01783,2.25,2.25
2011.11.15 19:10:54.165,1.01772,1.01785,2.25,1.13
2011.11.15 19:10:55.175,1.01771,1.01783,2.25,1.50
2011.11.15 19:10:58.145,1.01773,1.01784,1.50,1.13
2011.11.15 19:10:58.715,1.01773,1.01785,1.50,1.88
2011.11.15 19:10:59.304,1.0177,1.01784,2.25,2.63
2011.11.15 19:10:59.874,1.0177,1.01784,2.25,2.25
2011.11.15 19:11:01.585,1.0177,1.01784,2.25,2.25
2011.11.15 19:11:05.635,1.01773,1.01785,1.50,2.63
2011.11.15 19:11:06.110,1.01776,1.01788,2.25,3.00
2011.11.15 19:11:06.718,1.01776,1.01788,2.25,1.50
2011.11.15 19:11:09.735,1.01777,1.01791,2.63,1.65
2011.11.15 19:11:11.376,1.01777,1.01791,2.63,3.00
2011.11.15 19:11:11.954,1.01777,1.01791,2.25,3.00
2011.11.15 19:11:12.505,1.01777,1.01791,2.25,3.00
2011.11.15 19:11:13.084,1.01777,1.01791,3.00,1.65
2011.11.15 19:11:15.218,1.0178,1.01792,1.50,2.25
2011.11.15 19:11:15.805,1.01781,1.01794,2.25,1.28
2011.11.15 19:11:16.385,1.01781,1.01795,2.25,2.63
2011.11.15 19:11:16.955,1.01781,1.01795,2.25,2.63
2011.11.15 19:11:17.797,1.01781,1.01795,2.25,2.63
2011.11.15 19:11:19.416,1.01781,1.01795,3.00,2.25
2011.11.15 19:11:19.775,1.01786,1.01798,1.50,1.50
2011.11.15 19:11:20.694,1.01786,1.01798,1.50,2.25
2011.11.15 19:11:21.275,1.01786,1.01798,1.50,2.25
2011.11.15 19:11:22.066,1.01784,1.01797,1.50,1.50
2011.11.15 19:11:22.189,1.01783,1.01797,1.50,2.63
2011.11.15 19:11:22.786,1.01783,1.01797,1.50,2.25
2011.11.15 19:11:23.377,1.01781,1.01795,3.60,2.63
2011.11.15 19:11:24.022,1.01785,1.01797,2.82,3.00
2011.11.15 19:11:24.388,1.01791,1.01803,1.50,2.25
2011.11.15 19:11:24.508,1.01788,1.01802,1.50,2.25
2011.11.15 19:11:24.745,1.01787,1.01799,3.00,1.50
2011.11.15 19:11:26.156,1.01787,1.01799,3.00,1.50
2011.11.15 19:11:26.519,1.01796,1.01807,2.25,2.25
2011.11.15 19:11:28.418,1.01796,1.01808,2.25,3.38
2011.11.15 19:11:29.006,1.01796,1.01808,2.25,3.38
2011.11.15 19:11:32.375,1.01796,1.01807,2.25,1.50
2011.11.15 19:11:34.188,1.01796,1.01808,1.50,3.00
2011.11.15 19:11:35.245,1.01794,1.01807,2.25,1.13
2011.11.15 19:11:35.888,1.01794,1.01808,2.25,3.75
2011.11.15 19:11:36.465,1.01794,1.01807,2.25,1.50
2011.11.15 19:11:36.708,1.01796,1.0181,3.00,1.50
2011.11.15 19:11:36.827,1.01798,1.01812,3.00,2.25
2011.11.15 19:11:37.189,1.01798,1.01812,3.75,1.50
2011.11.15 19:11:41.451,1.01797,1.0181,3.75,2.25
2011.11.15 19:11:41.702,1.01793,1.01807,1.50,1.50
2011.11.15 19:11:41.826,1.01792,1.01804,2.10,1.50
2011.11.15 19:11:42.189,1.01797,1.01807,1.50,3.00
2011.11.15 19:11:42.447,1.01802,1.01814,1.50,2.63
2011.11.15 19:11:42.697,1.01804,1.01816,1.88,2.25
2011.11.15 19:11:43.573,1.01807,1.01819,3.75,1.50
2011.11.15 19:11:44.068,1.01807,1.01821,1.50,3.00
2011.11.15 19:11:44.666,1.01807,1.01821,2.63,3.00
2011.11.15 19:11:45.256,1.01807,1.01821,3.38,3.00
2011.11.15 19:11:46.510,1.01808,1.01821,1.13,3.00
2011.11.15 19:11:47.106,1.01807,1.01821,1.50,3.00
2011.11.15 19:11:47.821,1.01807,1.01821,2.63,3.00
2011.11.15 19:11:48.394,1.01807,1.01821,2.25,3.00
2011.11.15 19:11:48.861,1.01805,1.01817,1.50,1.50
2011.11.15 19:11:50.697,1.01806,1.0182,1.50,2.25
2011.11.15 19:11:52.108,1.01805,1.01817,1.50,1.50
2011.11.15 19:11:55.580,1.01805,1.01817,1.50,2.25
2011.11.15 19:11:55.966,1.01802,1.01811,1.50,1.50
2011.11.15 19:11:56.333,1.01799,1.01809,1.50,1.50
2011.11.15 19:11:56.458,1.01799,1.01811,3.00,1.50
2011.11.15 19:11:58.608,1.01801,1.01813,2.25,1.50
2011.11.15 19:11:58.727,1.01802,1.01816,2.25,3.75
2011.11.15 19:12:00.659,1.01805,1.01817,1.50,2.25
2011.11.15 19:12:03.665,1.01806,1.01817,1.88,1.50
2011.11.15 19:12:04.246,1.01805,1.01817,1.50,1.50
2011.11.15 19:12:04.493,1.01802,1.01814,3.00,1.50
2011.11.15 19:12:07.786,1.01803,1.01817,2.25,1.50
2011.11.15 19:12:07.909,1.01809,1.01818,1.13,3.00
2011.11.15 19:12:08.760,1.01816,1.01821,1.50,1.50
2011.11.15 19:12:09.248,1.01816,1.01825,1.13,1.50
2011.11.15 19:12:10.210,1.01818,1.01827,1.13,1.50
2011.11.15 19:12:12.494,1.01819,1.01828,2.10,1.50
2011.11.15 19:12:14.448,1.01821,1.0183,2.25,3.00
2011.11.15 19:12:14.619,1.0183,1.01841,1.50,1.50
2011.11.15 19:12:14.742,1.0183,1.01844,1.50,2.85
2011.11.15 19:12:15.349,1.01829,1.01841,1.50,1.50
2011.11.15 19:12:15.477,1.01829,1.01841,3.00,1.50
2011.11.15 19:12:15.866,1.01838,1.01851,3.38,2.25
2011.11.15 19:12:16.232,1.01841,1.01855,2.25,2.63
2011.11.15 19:12:16.822,1.01841,1.01855,2.25,2.63
2011.11.15 19:12:17.551,1.0184,1.01853,1.50,1.50
2011.11.15 19:12:18.998,1.0184,1.0185,1.50,1.50
2011.11.15 19:12:19.241,1.01837,1.0185,5.07,1.50
2011.11.15 19:12:19.371,1.01836,1.01848,1.69,1.50
2011.11.15 19:12:20.449,1.01842,1.0185,1.13,1.50
2011.11.15 19:12:20.813,1.01847,1.01858,1.50,2.25
2011.11.15 19:12:21.059,1.01848,1.01862,2.25,2.25
2011.11.15 19:12:21.302,1.0185,1.01862,1.50,1.50
2011.11.15 19:12:22.235,1.01857,1.01864,1.50,1.88
2011.11.15 19:12:22.365,1.01861,1.01873,1.50,4.50
2011.11.15 19:12:22.850,1.01857,1.01869,2.25,1.50
2011.11.15 19:12:23.819,1.01858,1.01871,1.50,2.25
2011.11.15 19:12:24.063,1.01852,1.01864,1.80,1.88
2011.11.15 19:12:24.193,1.01852,1.01861,1.05,1.50
2011.11.15 19:12:24.797,1.01852,1.01862,1.05,1.50
2011.11.15 19:12:25.379,1.01852,1.01862,1.05,1.50
2011.11.15 19:12:25.501,1.0185,1.01862,2.25,1.50
2011.11.15 19:12:26.470,1.01852,1.01864,2.25,1.88
2011.11.15 19:12:27.077,1.0185,1.01863,1.50,1.50
2011.11.15 19:12:30.082,1.01852,1.01864,2.25,1.88
2011.11.15 19:12:34.379,1.01854,1.01866,1.50,1.50
2011.11.15 19:12:34.741,1.01854,1.01861,1.50,1.50
2011.11.15 19:12:34.996,1.01846,1.01858,1.50,2.25
2011.11.15 19:12:35.132,1.01846,1.01856,2.25,2.85
2011.11.15 19:12:35.271,1.01842,1.01853,1.13,2.10
2011.11.15 19:12:35.403,1.0184,1.01853,1.50,1.50
2011.11.15 19:12:35.945,1.01841,1.01855,2.25,1.88
2011.11.15 19:12:36.078,1.01843,1.01857,1.50,1.50
2011.11.15 19:12:38.190,1.01845,1.01859,2.25,1.50
2011.11.15 19:12:38.557,1.01848,1.0186,1.50,1.55
2011.11.15 19:12:38.917,1.01846,1.01858,1.50,1.50
2011.11.15 19:12:39.520,1.01844,1.01857,2.25,1.50
2011.11.15 19:12:40.621,1.01847,1.01859,1.50,1.50
2011.11.15 19:12:41.950,1.01848,1.01862,1.50,3.75
2011.11.15 19:12:42.316,1.01848,1.01862,1.50,3.23
2011.11.15 19:12:42.895,1.01848,1.01862,1.50,3.23
2011.11.15 19:12:43.397,1.01848,1.01862,1.50,3.23
2011.11.15 19:12:43.975,1.01848,1.01862,1.50,3.00
2011.11.15 19:12:44.508,1.01848,1.01862,1.50,3.23
2011.11.15 19:12:45.896,1.01848,1.01859,1.50,1.13
2011.11.15 19:12:46.140,1.01842,1.01854,1.50,1.88
2011.11.15 19:12:46.391,1.0184,1.01852,1.13,1.50
2011.11.15 19:12:46.880,1.0184,1.01854,2.25,1.88
2011.11.15 19:12:49.731,1.01845,1.01857,1.50,1.05
2011.11.15 19:12:50.696,1.01846,1.01858,1.50,2.55
2011.11.15 19:12:51.416,1.01846,1.01858,1.50,1.80
2011.11.15 19:12:51.807,1.01849,1.01859,1.50,1.05
2011.11.15 19:12:52.277,1.01846,1.0186,1.50,2.40
2011.11.15 19:12:52.395,1.01846,1.0186,1.50,2.25
2011.11.15 19:12:54.619,1.01845,1.01857,1.50,1.50
2011.11.15 19:12:55.898,1.01847,1.01861,1.50,2.85
2011.11.15 19:12:58.666,1.01846,1.01859,1.50,2.25
2011.11.15 19:12:59.265,1.01845,1.01859,1.50,2.25
2011.11.15 19:12:59.935,1.01847,1.0186,1.50,2.25
2011.11.15 19:13:00.935,1.01847,1.01861,1.50,2.85
2011.11.15 19:13:05.223,1.01847,1.01861,1.74,2.85
2011.11.15 19:13:05.581,1.01854,1.01865,2.44,1.13
2011.11.15 19:13:05.710,1.01854,1.01868,1.69,2.63
2011.11.15 19:13:06.244,1.01854,1.01867,2.25,1.88
2011.11.15 19:13:06.372,1.01851,1.01865,3.00,1.50
2011.11.15 19:13:06.622,1.01855,1.01867,1.50,1.50
2011.11.15 19:13:06.986,1.01852,1.01866,3.75,1.50
2011.11.15 19:13:08.610,1.01852,1.01866,3.75,1.50
2011.11.15 19:13:08.977,1.01855,1.01866,2.10,1.50
2011.11.15 19:13:09.096,1.01856,1.01869,2.25,1.50
2011.11.15 19:13:09.218,1.01856,1.0187,2.25,3.75
2011.11.15 19:13:09.341,1.01856,1.0187,1.50,4.50
2011.11.15 19:13:09.470,1.01852,1.01866,2.25,1.50
2011.11.15 19:13:09.716,1.01852,1.01866,2.25,1.88
2011.11.15 19:13:10.548,1.01852,1.01866,2.25,3.00
2011.11.15 19:13:12.382,1.01851,1.01864,1.50,1.50
2011.11.15 19:13:12.747,1.01849,1.01861,2.25,1.50
2011.11.15 19:13:14.219,1.01849,1.01861,1.50,1.50
2011.11.15 19:13:14.462,1.01843,1.01853,1.69,1.50
2011.11.15 19:13:14.596,1.01842,1.01852,1.69,1.50
2011.11.15 19:13:14.839,1.01839,1.0185,2.25,1.50
2011.11.15 19:13:15.416,1.01839,1.01851,3.00,1.50
2011.11.15 19:13:16.632,1.01839,1.01851,2.25,2.25
2011.11.15 19:13:16.765,1.01838,1.01849,3.00,2.29
2011.11.15 19:13:16.890,1.01837,1.01849,1.50,2.44
2011.11.15 19:13:17.381,1.01838,1.01847,1.50,1.50
2011.11.15 19:13:17.743,1.01838,1.01848,1.50,1.50
2011.11.15 19:13:17.990,1.01836,1.01848,3.75,1.50
2011.11.15 19:13:18.241,1.01834,1.01846,1.50,1.88
2011.11.15 19:13:18.627,1.01832,1.01842,1.50,1.50
2011.11.15 19:13:18.760,1.01827,1.01841,2.25,1.50
2011.11.15 19:13:19.370,1.01828,1.0184,1.50,1.50
2011.11.15 19:13:19.624,1.01826,1.01837,2.25,1.32
2011.11.15 19:13:19.758,1.01823,1.01837,3.00,2.44
2011.11.15 19:13:20.250,1.01825,1.01839,1.50,1.50
2011.11.15 19:13:21.155,1.01825,1.01839,2.25,1.50
2011.11.15 19:13:21.283,1.01827,1.01841,2.25,1.50
2011.11.15 19:13:26.267,1.01827,1.01839,1.50,1.50
2011.11.15 19:13:26.398,1.01823,1.01837,1.50,1.50
2011.11.15 19:13:26.757,1.01821,1.01835,3.00,1.50
2011.11.15 19:13:27.649,1.01823,1.01837,1.50,2.25
2011.11.15 19:13:27.772,1.01821,1.01833,1.50,1.50
2011.11.15 19:13:28.496,1.01822,1.01834,2.25,1.88
2011.11.15 19:13:29.741,1.0182,1.01832,1.50,1.50
2011.11.15 19:13:30.106,1.01821,1.01835,2.25,2.07
2011.11.15 19:13:30.467,1.01826,1.01838,1.50,2.44
2011.11.15 19:13:31.072,1.01827,1.01841,1.50,2.25
2011.11.15 19:13:31.750,1.01826,1.01838,1.50,1.50
2011.11.15 19:13:33.996,1.01827,1.01841,1.50,2.25
2011.11.15 19:13:34.486,1.01829,1.01841,1.50,1.50
2011.11.15 19:13:34.615,1.01834,1.01846,3.00,3.00
2011.11.15 19:13:34.865,1.01838,1.01852,1.50,1.50
2011.11.15 19:13:34.993,1.0184,1.01852,3.00,1.50
2011.11.15 19:13:35.364,1.01843,1.01855,2.25,3.90
2011.11.15 19:13:36.073,1.01842,1.01853,1.50,1.58
2011.11.15 19:13:36.216,1.01844,1.01856,1.50,1.50
2011.11.15 19:13:36.342,1.01846,1.0186,1.50,2.25
2011.11.15 19:13:36.815,1.01844,1.01858,3.00,1.50
2011.11.15 19:13:38.387,1.01844,1.01854,1.50,1.50
2011.11.15 19:13:38.506,1.01844,1.01858,3.00,1.50
2011.11.15 19:13:41.554,1.01846,1.0186,1.50,2.25
2011.11.15 19:13:41.905,1.01846,1.0186,2.25,1.50
2011.11.15 19:13:42.272,1.0185,1.01864,2.25,1.88
2011.11.15 19:13:42.524,1.01853,1.01865,1.50,1.88
2011.11.15 19:13:43.493,1.01853,1.01865,2.25,1.88
2011.11.15 19:13:43.622,1.01854,1.01865,1.13,2.25
2011.11.15 19:13:44.144,1.01858,1.01869,1.13,1.50
2011.11.15 19:13:44.282,1.0186,1.01872,2.25,1.50
2011.11.15 19:13:44.531,1.01859,1.0187,1.88,1.50
2011.11.15 19:13:44.905,1.01859,1.01867,1.50,1.50
2011.11.15 19:13:45.033,1.01858,1.01867,2.10,1.50
2011.11.15 19:13:45.638,1.01856,1.01868,2.25,3.75
2011.11.15 19:13:46.216,1.01856,1.01867,2.25,1.50
2011.11.15 19:13:47.174,1.01857,1.01867,4.13,1.50
2011.11.15 19:13:47.304,1.0186,1.01871,1.35,2.25
2011.11.15 19:13:47.435,1.0186,1.01873,1.35,1.50
2011.11.15 19:13:52.345,1.01859,1.01873,2.85,3.04
2011.11.15 19:13:52.884,1.01858,1.01867,2.25,3.00
2011.11.15 19:13:53.015,1.01855,1.01867,2.25,3.75
2011.11.15 19:13:53.739,1.01855,1.01863,1.50,4.95
2011.11.15 19:13:53.868,1.01852,1.01859,3.00,1.50
2011.11.15 19:13:54.117,1.01843,1.01855,2.25,1.50
2011.11.15 19:13:54.361,1.01843,1.01855,1.50,1.50
2011.11.15 19:13:54.608,1.01844,1.01858,1.50,1.69
2011.11.15 19:13:59.442,1.01844,1.01858,2.25,1.50
2011.11.15 19:13:59.809,1.01849,1.01861,1.50,2.85
2011.11.15 19:14:00.288,1.01849,1.01861,1.50,5.48
2011.11.15 19:14:00.536,1.01843,1.01857,1.50,2.25
2011.11.15 19:14:02.193,1.01843,1.01857,1.50,3.00
2011.11.15 19:14:02.678,1.0184,1.01852,2.25,1.50
2011.11.15 19:14:02.800,1.01841,1.01855,2.25,1.88
2011.11.15 19:14:03.372,1.01844,1.01856,1.50,1.50
2011.11.15 19:14:03.856,1.01844,1.01856,1.50,2.25
2011.11.15 19:14:04.097,1.01844,1.01856,1.50,1.50
2011.11.15 19:14:04.796,1.01841,1.01855,3.00,1.50
2011.11.15 19:14:06.717,1.01844,1.01856,1.50,1.50
2011.11.15 19:14:07.738,1.01844,1.01854,1.50,1.35
2011.11.15 19:14:07.860,1.01841,1.01854,1.50,1.73
2011.11.15 19:14:08.390,1.01839,1.01853,1.88,4.35
2011.11.15 19:14:08.518,1.01839,1.01853,1.88,5.25
2011.11.15 19:14:11.368,1.01842,1.01854,1.50,1.50
2011.11.15 19:14:13.042,1.01842,1.01854,2.25,2.10
2011.11.15 19:14:13.287,1.01843,1.01857,2.25,2.44
2011.11.15 19:14:13.408,1.01846,1.01857,1.13,2.25
2011.11.15 19:14:13.531,1.01845,1.01857,1.88,1.50
2011.11.15 19:14:13.662,1.0185,1.0186,1.50,2.25
2011.11.15 19:14:13.909,1.0185,1.01862,1.50,4.54
2011.11.15 19:14:14.267,1.01848,1.0186,1.50,2.25
2011.11.15 19:14:18.186,1.01848,1.0186,1.50,2.25
2011.11.15 19:14:19.992,1.0185,1.01862,1.50,1.50
2011.11.15 19:14:20.122,1.01852,1.01864,1.58,1.88
2011.11.15 19:14:20.249,1.01852,1.01866,1.50,3.19
2011.11.15 19:14:20.611,1.01849,1.01861,1.50,1.50
2011.11.15 19:14:28.135,1.01849,1.01861,1.50,2.25
2011.11.15 19:14:28.258,1.01847,1.01856,1.50,1.50
2011.11.15 19:14:28.381,1.01842,1.01854,2.25,1.50
2011.11.15 19:14:28.750,1.01843,1.01857,1.50,3.00
2011.11.15 19:14:29.238,1.01843,1.01857,2.25,1.50
2011.11.15 19:14:29.707,1.01847,1.01861,1.50,2.25
2011.11.15 19:14:38.875,1.01845,1.01859,1.50,1.50
2011.11.15 19:14:50.624,1.01848,1.0186,1.50,2.25
2011.11.15 19:14:58.385,1.01848,1.01852,1.50,4.95
2011.11.15 19:14:58.756,1.01838,1.01851,2.25,3.00
2011.11.15 19:14:58.887,1.01837,1.01849,1.50,1.50
2011.11.15 19:14:59.250,1.01833,1.01845,1.13,1.50
2011.11.15 19:14:59.378,1.01833,1.01847,2.25,2.25
2011.11.15 19:15:00.100,1.01833,1.01847,1.50,2.25
2011.11.15 19:15:03.447,1.01833,1.01847,1.50,2.63
2011.11.15 19:15:05.558,1.01833,1.01847,1.50,2.25
2011.11.15 19:15:06.249,1.01831,1.01845,2.25,1.50
2011.11.15 19:15:06.847,1.01833,1.01847,2.25,1.50
2011.11.15 19:15:07.579,1.01836,1.01848,1.50,1.50
2011.11.15 19:15:07.943,1.01841,1.01853,2.25,5.48
2011.11.15 19:15:08.308,1.01841,1.01853,2.25,1.50
2011.11.15 19:15:09.040,1.01839,1.01849,1.50,1.35
2011.11.15 19:15:09.174,1.01837,1.01849,1.50,2.48
2011.11.15 19:15:09.304,1.01833,1.01845,1.50,1.50
2011.11.15 19:15:09.550,1.01831,1.01845,2.25,1.50
2011.11.15 19:15:09.908,1.01833,1.01847,2.25,1.50
2011.11.15 19:15:14.518,1.01834,1.01847,2.48,1.50
2011.11.15 19:15:14.956,1.01842,1.01853,2.25,1.13
2011.11.15 19:15:16.738,1.01843,1.01855,1.50,2.10
2011.11.15 19:15:26.918,1.01841,1.01853,2.85,1.50
2011.11.15 19:15:28.015,1.01841,1.01853,2.10,1.50
2011.11.15 19:15:30.088,1.01843,1.01855,1.50,1.50
2011.11.15 19:15:34.564,1.0184,1.01854,2.25,2.10
2011.11.15 19:15:34.938,1.01833,1.01837,1.50,3.00
2011.11.15 19:15:35.067,1.01825,1.01835,1.50,1.50
2011.11.15 19:15:35.200,1.0182,1.01828,1.50,1.50
2011.11.15 19:15:35.629,1.01817,1.01828,1.50,1.35
2011.11.15 19:15:35.889,1.01819,1.01829,1.50,1.50
2011.11.15 19:15:36.610,1.01816,1.01829,1.50,1.50
2011.11.15 19:15:37.457,1.01818,1.01829,1.50,1.50
2011.11.15 19:15:38.917,1.01816,1.01829,1.50,1.50
2011.11.15 19:15:39.740,1.01825,1.0183,1.50,1.50
2011.11.15 19:15:39.868,1.01825,1.01837,4.50,3.00
2011.11.15 19:15:40.353,1.0182,1.01834,1.50,2.25
2011.11.15 19:15:40.599,1.01822,1.01835,1.50,1.73
2011.11.15 19:15:40.838,1.01822,1.01835,1.50,1.13
2011.11.15 19:15:41.441,1.01821,1.01833,2.25,2.33
2011.11.15 19:15:41.808,1.01821,1.01833,1.50,2.33
2011.11.15 19:15:42.196,1.01821,1.01833,1.50,2.33
2011.11.15 19:15:42.440,1.01818,1.01832,1.50,2.25
2011.11.15 19:15:42.803,1.01823,1.01832,2.25,2.25
2011.11.15 19:15:42.933,1.01824,1.01837,1.50,2.25
2011.11.15 19:15:43.302,1.0182,1.01832,2.25,1.58
2011.11.15 19:15:43.668,1.01823,1.01835,1.50,2.63
2011.11.15 19:15:43.908,1.01823,1.01835,1.50,1.88
2011.11.15 19:15:44.755,1.01826,1.01837,2.85,1.50
2011.11.15 19:15:44.883,1.01828,1.01842,2.10,3.00
2011.11.15 19:15:45.248,1.0183,1.01842,1.50,1.13
2011.11.15 19:15:45.819,1.01831,1.01843,2.25,2.33
2011.11.15 19:15:46.419,1.01831,1.01843,1.50,2.63
2011.11.15 19:15:46.663,1.01829,1.01841,1.50,2.25
2011.11.15 19:15:47.388,1.01827,1.01839,1.50,1.50
2011.11.15 19:15:47.989,1.01827,1.01839,1.50,2.25
2011.11.15 19:15:48.109,1.01824,1.01838,1.50,2.25
2011.11.15 19:15:48.946,1.01824,1.01837,1.50,1.13
2011.11.15 19:15:49.089,1.01817,1.01831,1.50,1.50
2011.11.15 19:15:49.453,1.01815,1.01827,1.50,1.50
2011.11.15 19:15:50.560,1.01815,1.01827,1.50,2.25
2011.11.15 19:15:50.798,1.01813,1.01824,1.50,1.73
2011.11.15 19:15:50.918,1.01809,1.01823,3.00,2.25
2011.11.15 19:15:51.042,1.01812,1.01825,2.10,2.25
2011.11.15 19:15:51.291,1.01816,1.0183,1.50,2.25
2011.11.15 19:15:52.006,1.01816,1.0183,1.50,2.25
2011.11.15 19:15:52.555,1.01816,1.01828,1.50,1.13
2011.11.15 19:15:52.686,1.01814,1.01827,4.35,1.20
2011.11.15 19:15:52.814,1.01811,1.01823,1.50,1.50
2011.11.15 19:15:53.062,1.01809,1.0182,2.25,1.50
2011.11.15 19:15:53.431,1.01814,1.01826,1.50,1.20
2011.11.15 19:15:53.559,1.0181,1.01824,2.85,1.88
2011.11.15 19:15:54.398,1.01812,1.01826,3.75,1.73
2011.11.15 19:15:55.003,1.01811,1.01823,3.75,1.50
2011.11.15 19:15:55.607,1.01811,1.01823,1.50,1.50
2011.11.15 19:15:56.248,1.01817,1.01829,2.10,1.73
2011.11.15 19:15:56.835,1.01817,1.01829,2.10,1.73
2011.11.15 19:15:57.436,1.01817,1.01829,1.50,1.73
2011.11.15 19:15:58.496,1.01814,1.01828,6.00,1.73
2011.11.15 19:16:00.477,1.01818,1.0183,1.50,1.50
2011.11.15 19:16:00.608,1.01821,1.01833,3.00,2.25
2011.11.15 19:16:00.974,1.01824,1.01836,1.50,1.69
2011.11.15 19:16:01.340,1.01829,1.0184,1.50,1.50
2011.11.15 19:16:01.471,1.01827,1.01839,1.50,2.25
2011.11.15 19:16:02.390,1.01827,1.01839,3.00,1.88
2011.11.15 19:16:02.528,1.01827,1.01833,1.50,1.39
2011.11.15 19:16:02.775,1.01814,1.01826,2.25,1.13
2011.11.15 19:16:02.902,1.01812,1.0182,4.50,1.50
2011.11.15 19:16:03.034,1.0181,1.0182,2.82,1.50
2011.11.15 19:16:03.165,1.01805,1.01817,2.25,1.50
2011.11.15 19:16:03.412,1.01805,1.01817,3.75,1.50
2011.11.15 19:16:03.781,1.01806,1.01819,1.50,1.50
2011.11.15 19:16:05.431,1.01806,1.0182,2.25,2.25
2011.11.15 19:16:05.806,1.01816,1.01829,1.50,1.43
2011.11.15 19:16:06.412,1.01815,1.01827,1.50,2.25
2011.11.15 19:16:06.776,1.01817,1.01829,1.50,3.00
2011.11.15 19:16:08.214,1.01818,1.01829,2.25,1.50
2011.11.15 19:16:08.468,1.01825,1.01839,1.50,3.75
2011.11.15 19:16:08.592,1.01827,1.01839,1.50,1.50
2011.11.15 19:16:08.840,1.0183,1.01839,1.50,1.50
2011.11.15 19:16:09.210,1.01828,1.01837,1.50,1.50
2011.11.15 19:16:09.330,1.01823,1.01835,1.50,1.50
2011.11.15 19:16:09.458,1.01825,1.01835,1.50,1.50
2011.11.15 19:16:09.696,1.01827,1.01839,1.50,3.00
2011.11.15 19:16:10.686,1.01825,1.01837,1.50,1.50
2011.11.15 19:16:10.807,1.01823,1.01837,1.50,1.50
2011.11.15 19:16:11.480,1.01823,1.01837,1.50,2.25
2011.11.15 19:16:11.736,1.01826,1.01839,1.35,2.25
2011.11.15 19:16:11.859,1.01828,1.0184,1.50,1.50
2011.11.15 19:16:13.397,1.01829,1.01843,1.50,1.50
2011.11.15 19:16:13.638,1.01832,1.01844,1.50,1.88
2011.11.15 19:16:13.999,1.01838,1.01851,1.50,1.69
2011.11.15 19:16:14.120,1.01836,1.0185,1.50,3.19
2011.11.15 19:16:14.247,1.01834,1.01848,1.50,1.50
2011.11.15 19:16:14.848,1.01836,1.0185,1.50,3.19
2011.11.15 19:16:17.205,1.01836,1.01849,1.50,1.13
2011.11.15 19:16:17.448,1.01834,1.01846,1.50,2.63
2011.11.15 19:16:17.568,1.01829,1.01841,2.25,1.50
2011.11.15 19:16:17.918,1.01831,1.01843,1.50,1.50
2011.11.15 19:16:20.835,1.01833,1.01845,1.50,1.50
2011.11.15 19:16:22.497,1.01831,1.01844,1.50,1.50
2011.11.15 19:16:23.086,1.0183,1.01844,2.25,2.25
2011.11.15 19:16:27.021,1.01832,1.01846,2.10,3.75
2011.11.15 19:16:27.628,1.01832,1.01846,2.10,2.25
2011.11.15 19:16:28.198,1.01832,1.01846,1.50,3.00
2011.11.15 19:16:28.786,1.01832,1.01845,1.50,1.13
2011.11.15 19:16:29.895,1.01832,1.01845,1.50,1.13
2011.11.15 19:16:30.456,1.01832,1.01845,1.50,1.13
2011.11.15 19:16:31.679,1.01831,1.01843,1.50,1.50
2011.11.15 19:16:32.622,1.01831,1.01843,1.50,1.88
2011.11.15 19:16:32.757,1.01828,1.01842,3.60,2.04
2011.11.15 19:16:32.887,1.01826,1.01838,3.60,2.25
2011.11.15 19:16:33.248,1.01824,1.01837,1.50,2.10
2011.11.15 19:16:33.490,1.01818,1.01832,1.50,2.25
2011.11.15 19:16:33.848,1.01818,1.0183,1.50,1.50
2011.11.15 19:16:34.209,1.01816,1.0183,1.50,3.00
2011.11.15 19:16:40.034,1.01815,1.01827,1.50,3.38
2011.11.15 19:16:40.161,1.0181,1.01822,2.25,1.50
2011.11.15 19:16:40.806,1.01806,1.0182,3.00,1.50
2011.11.15 19:16:45.527,1.0181,1.01822,1.50,2.25
2011.11.15 19:16:46.952,1.01811,1.01822,1.50,1.50
2011.11.15 19:16:47.083,1.01815,1.01826,3.00,1.50
2011.11.15 19:16:47.447,1.01813,1.01825,3.00,2.25
2011.11.15 19:16:47.807,1.01814,1.01828,1.50,2.25
2011.11.15 19:16:48.528,1.01813,1.01825,1.50,1.50
2011.11.15 19:16:50.510,1.01815,1.01827,1.50,2.25
2011.11.15 19:16:53.838,1.01815,1.01822,1.50,1.50
2011.11.15 19:16:54.076,1.01808,1.0182,3.00,1.50
2011.11.15 19:16:56.806,1.0181,1.01822,2.25,1.50
2011.11.15 19:17:04.278,1.01812,1.01824,1.50,1.50
2011.11.15 19:17:05.001,1.0181,1.01823,1.35,1.50
2011.11.15 19:17:06.066,1.0181,1.0182,1.35,1.50
2011.11.15 19:17:06.740,1.01808,1.0182,1.50,1.88
2011.11.15 19:17:06.862,1.01807,1.01818,1.50,1.88
2011.11.15 19:17:06.995,1.01804,1.01818,3.00,4.13
2011.11.15 19:17:07.121,1.01804,1.01811,1.50,1.50
2011.11.15 19:17:07.252,1.01801,1.01811,1.50,1.50
2011.11.15 19:17:07.492,1.01798,1.01809,1.50,1.50
2011.11.15 19:17:07.620,1.01799,1.01811,1.50,1.50
2011.11.15 19:17:07.738,1.01799,1.01811,2.25,1.50
2011.11.15 19:17:08.921,1.018,1.01814,2.25,1.88
2011.11.15 19:17:09.292,1.01804,1.01816,1.50,2.63
2011.11.15 19:17:09.815,1.01806,1.01818,1.50,2.25
2011.11.15 19:17:10.887,1.01804,1.01816,2.25,1.88
2011.11.15 19:17:12.287,1.01804,1.01816,2.25,1.50
2011.11.15 19:17:16.655,1.01801,1.01815,1.50,1.88
2011.11.15 19:17:16.784,1.01801,1.01815,2.25,2.25
2011.11.15 19:17:16.918,1.018,1.01811,3.00,1.13
2011.11.15 19:17:17.044,1.01798,1.01809,1.50,1.88
2011.11.15 19:17:17.174,1.01795,1.01804,2.63,1.50
2011.11.15 19:17:17.543,1.01791,1.01803,2.25,1.50
2011.11.15 19:17:18.313,1.01789,1.01801,2.25,1.50
2011.11.15 19:17:18.682,1.01789,1.01801,3.08,2.25
2011.11.15 19:17:19.051,1.01793,1.01803,2.63,2.25
2011.11.15 19:17:19.297,1.01797,1.01811,1.50,1.69
2011.11.15 19:17:19.770,1.01797,1.01809,4.13,1.50
2011.11.15 19:17:20.195,1.01802,1.01811,2.25,1.50
2011.11.15 19:17:20.325,1.01805,1.01817,1.50,1.50
2011.11.15 19:17:25.744,1.01803,1.01815,1.50,1.50
2011.11.15 19:17:26.720,1.018,1.01814,3.98,1.50
2011.11.15 19:17:27.259,1.018,1.01812,1.50,1.50
2011.11.15 19:17:28.446,1.01803,1.01817,1.50,3.04
2011.11.15 19:17:29.039,1.01803,1.01817,1.50,1.50
2011.11.15 19:17:31.385,1.01806,1.01817,1.13,1.50
2011.11.15 19:17:32.276,1.01806,1.01816,1.13,1.50
2011.11.15 19:17:32.761,1.01806,1.01813,1.13,1.50
2011.11.15 19:17:41.058,1.01804,1.01811,4.50,2.25
2011.11.15 19:17:41.301,1.01799,1.01807,4.50,1.50
2011.11.15 19:17:47.660,1.01799,1.01809,4.50,2.25
2011.11.15 19:17:47.779,1.01802,1.01814,2.25,3.00
2011.11.15 19:17:47.895,1.01802,1.01814,2.25,3.00
2011.11.15 19:17:48.017,1.01805,1.01814,4.88,2.25
2011.11.15 19:17:50.077,1.01805,1.01812,4.50,1.50
2011.11.15 19:17:53.249,1.01803,1.01812,1.13,1.50
2011.11.15 19:17:53.769,1.018,1.01812,6.38,1.50
2011.11.15 19:17:53.898,1.018,1.0181,4.88,1.50
2011.11.15 19:17:55.907,1.018,1.01812,6.38,3.00
2011.11.15 19:17:57.067,1.01801,1.01811,1.13,1.50
2011.11.15 19:17:57.664,1.01801,1.0181,1.13,1.50
2011.11.15 19:17:59.945,1.01794,1.01806,2.07,3.00
2011.11.15 19:18:00.072,1.01792,1.01804,1.50,1.50
2011.11.15 19:18:00.200,1.01788,1.01802,4.50,1.50
2011.11.15 19:18:00.453,1.01788,1.01802,1.50,2.25
2011.11.15 19:18:01.045,1.01787,1.01799,1.50,1.50
2011.11.15 19:18:01.642,1.01786,1.018,1.50,3.00
2011.11.15 19:18:04.569,1.01789,1.018,1.50,1.50
2011.11.15 19:18:07.260,1.01789,1.01801,1.50,3.75
2011.11.15 19:18:07.753,1.01791,1.01803,1.50,1.50
2011.11.15 19:18:10.206,1.01792,1.01806,2.25,1.50
2011.11.15 19:18:10.329,1.01791,1.01804,1.50,1.50
2011.11.15 19:18:10.571,1.01789,1.018,2.25,1.50
2011.11.15 19:18:10.701,1.01786,1.018,2.25,2.25
2011.11.15 19:18:11.361,1.01789,1.01801,1.50,2.25
2011.11.15 19:18:13.147,1.01789,1.01801,2.25,2.25
2011.11.15 19:18:13.508,1.01797,1.01809,1.50,1.50
2011.11.15 19:18:13.628,1.01799,1.01811,1.50,1.50
2011.11.15 19:18:13.986,1.01797,1.01809,2.25,1.50
2011.11.15 19:18:15.525,1.01795,1.01808,1.50,1.50
2011.11.15 19:18:15.647,1.01795,1.01808,1.50,1.88
2011.11.15 19:18:16.299,1.01789,1.01801,2.10,1.50
2011.11.15 19:18:16.542,1.01787,1.01801,3.00,1.50
2011.11.15 19:18:16.793,1.01786,1.01798,3.00,1.50
2011.11.15 19:18:17.385,1.01787,1.01801,1.50,5.25
2011.11.15 19:18:23.058,1.01787,1.01801,2.10,3.75
2011.11.15 19:18:23.297,1.0179,1.01802,2.25,3.00
2011.11.15 19:18:23.866,1.0179,1.01802,1.50,2.25
2011.11.15 19:18:24.000,1.01787,1.01801,2.10,1.50
2011.11.15 19:18:24.243,1.0179,1.01802,2.25,1.50
2011.11.15 19:18:24.368,1.01791,1.01805,1.50,1.50
2011.11.15 19:18:24.728,1.01789,1.01803,3.00,1.50
2011.11.15 19:18:25.077,1.01786,1.018,3.60,1.50
2011.11.15 19:18:25.690,1.01789,1.01801,1.50,1.50
2011.11.15 19:18:26.791,1.0179,1.01804,2.25,1.50
2011.11.15 19:18:27.245,1.01788,1.01802,3.00,1.50
2011.11.15 19:18:27.818,1.01788,1.01802,1.50,2.25
2011.11.15 19:18:28.288,1.01791,1.01803,2.25,3.00
2011.11.15 19:18:28.748,1.01789,1.01801,2.25,1.50
2011.11.15 19:18:29.439,1.0179,1.01804,2.25,3.75
2011.11.15 19:18:29.558,1.01791,1.01804,1.88,1.50
2011.11.15 19:18:30.122,1.01795,1.01804,3.60,1.50
2011.11.15 19:18:30.259,1.01798,1.01812,1.50,1.50
2011.11.15 19:18:30.378,1.01798,1.0181,1.50,1.50
2011.11.15 19:18:30.619,1.01799,1.01813,1.50,1.50
2011.11.15 19:18:34.343,1.01799,1.01813,1.50,2.85
2011.11.15 19:18:34.468,1.01797,1.01803,1.50,1.40
2011.11.15 19:18:34.723,1.01786,1.01797,2.10,1.50
2011.11.15 19:18:34.855,1.01782,1.01794,1.50,2.85
2011.11.15 19:18:35.345,1.01779,1.01793,4.50,1.50
2011.11.15 19:18:35.709,1.01783,1.01797,1.50,3.04
2011.11.15 19:18:38.968,1.01786,1.01797,2.10,1.88
2011.11.15 19:18:39.327,1.01795,1.01809,1.50,2.25
2011.11.15 19:18:39.568,1.01794,1.01806,1.50,1.50
2011.11.15 19:18:44.385,1.01795,1.01809,1.50,1.50
2011.11.15 19:18:47.646,1.01797,1.0181,1.50,1.50
2011.11.15 19:18:48.008,1.018,1.01812,1.50,5.85
2011.11.15 19:18:49.190,1.018,1.01812,1.50,4.35
2011.11.15 19:18:50.684,1.01798,1.0181,1.50,2.25
2011.11.15 19:18:51.050,1.01794,1.01806,1.50,1.50
2011.11.15 19:18:51.418,1.0179,1.01804,1.50,1.50
2011.11.15 19:18:51.950,1.01795,1.01809,3.00,3.00
2011.11.15 19:18:52.317,1.01798,1.01809,1.50,1.50
2011.11.15 19:18:52.435,1.01795,1.01809,1.50,3.00
2011.11.15 19:18:55.466,1.01795,1.01809,1.50,3.00
2011.11.15 19:18:55.586,1.01793,1.01805,1.50,1.50
2011.11.15 19:18:55.939,1.01791,1.01802,1.50,1.50
2011.11.15 19:18:56.059,1.01791,1.01804,1.50,1.50
2011.11.15 19:18:56.745,1.01791,1.01804,1.58,1.50
2011.11.15 19:18:57.356,1.01791,1.01804,1.50,1.50
2011.11.15 19:18:57.940,1.01788,1.01802,2.33,1.50
2011.11.15 19:18:58.296,1.0179,1.01804,1.50,2.25
2011.11.15 19:18:59.417,1.0179,1.01804,1.50,3.94
2011.11.15 19:18:59.542,1.01789,1.01801,1.50,3.00
2011.11.15 19:18:59.792,1.01786,1.01798,2.25,1.50
2011.11.15 19:19:01.738,1.01792,1.018,1.50,1.50
2011.11.15 19:19:02.175,1.01794,1.01802,2.25,2.25
2011.11.15 19:19:02.308,1.01786,1.01799,2.25,1.50
2011.11.15 19:19:02.426,1.01785,1.01799,1.69,1.50
2011.11.15 19:19:02.551,1.01787,1.01801,2.25,1.50
2011.11.15 19:19:03.150,1.01785,1.01799,2.44,1.50
2011.11.15 19:19:03.496,1.01785,1.01799,2.25,1.50
2011.11.15 19:19:03.849,1.01785,1.01799,2.25,1.50
2011.11.15 19:19:04.088,1.01785,1.01799,1.50,1.50
2011.11.15 19:19:04.209,1.01785,1.01799,2.25,1.50
2011.11.15 19:19:05.677,1.01788,1.018,1.50,3.75
2011.11.15 19:19:06.074,1.01784,1.01798,2.25,1.50
2011.11.15 19:19:06.686,1.01784,1.01798,2.25,1.50
2011.11.15 19:19:07.965,1.01784,1.01798,2.25,1.50
2011.11.15 19:19:08.085,1.01787,1.01799,1.50,3.00
2011.11.15 19:19:11.846,1.01785,1.018,2.25,1.50
2011.11.15 19:19:13.003,1.01784,1.01797,1.50,2.25
2011.11.15 19:19:13.369,1.0178,1.01792,1.50,1.50
2011.11.15 19:19:13.738,1.01772,1.01785,2.25,1.50
2011.11.15 19:19:14.833,1.01772,1.01781,1.50,2.48
2011.11.15 19:19:14.971,1.01763,1.01778,1.50,2.82
2011.11.15 19:19:15.788,1.01765,1.01777,1.50,2.44
2011.11.15 19:19:16.468,1.01765,1.01777,1.50,1.88
2011.11.15 19:19:16.954,1.01767,1.0178,2.25,2.25
2011.11.15 19:19:18.011,1.01767,1.01777,1.50,1.50
2011.11.15 19:19:18.376,1.01767,1.01779,2.25,3.00
2011.11.15 19:19:19.198,1.01768,1.01778,1.50,1.50
2011.11.15 19:19:19.550,1.01766,1.01778,1.50,1.50
2011.11.15 19:19:19.670,1.01764,1.01778,1.50,1.50
2011.11.15 19:19:19.788,1.01766,1.01778,2.10,1.50
2011.11.15 19:19:20.366,1.01767,1.01779,3.00,1.50
2011.11.15 19:19:23.366,1.01767,1.01778,2.25,1.50
2011.11.15 19:19:23.499,1.01765,1.01775,3.75,1.50
2011.11.15 19:19:24.014,1.0176,1.01774,3.00,1.50
2011.11.15 19:19:24.254,1.01763,1.01776,2.85,2.25
2011.11.15 19:19:24.621,1.01763,1.01777,2.25,1.88
2011.11.15 19:19:24.857,1.0176,1.01774,2.25,1.50
2011.11.15 19:19:25.338,1.01758,1.01772,2.25,1.50
2011.11.15 19:19:25.695,1.01757,1.0177,3.00,1.50
2011.11.15 19:19:25.816,1.01758,1.01772,2.25,1.50
2011.11.15 19:19:26.055,1.01758,1.01772,3.00,1.50
2011.11.15 19:19:26.649,1.01761,1.0177,1.50,1.89
2011.11.15 19:19:26.771,1.01756,1.01765,3.75,2.10
2011.11.15 19:19:27.022,1.01751,1.01761,3.45,1.50
2011.11.15 19:19:27.150,1.01754,1.01766,1.50,1.89
2011.11.15 19:19:27.275,1.01751,1.01765,5.07,1.50
2011.11.15 19:19:27.600,1.01753,1.01766,1.50,1.14
2011.11.15 19:19:28.208,1.01753,1.01765,1.50,1.50
2011.11.15 19:19:29.258,1.01756,1.01765,1.50,1.50
2011.11.15 19:19:29.846,1.01757,1.01768,1.50,1.89
2011.11.15 19:19:30.433,1.01759,1.01771,2.25,1.50
2011.11.15 19:19:30.557,1.0176,1.01774,1.50,2.25
2011.11.15 19:19:31.016,1.01758,1.01772,2.25,1.50
2011.11.15 19:19:31.653,1.01767,1.01779,1.50,1.88
2011.11.15 19:19:32.137,1.01763,1.01777,4.13,1.50
2011.11.15 19:19:32.706,1.01766,1.01778,2.25,1.50
2011.11.15 19:19:35.557,1.01764,1.01776,3.75,1.50
2011.11.15 19:19:36.077,1.01762,1.01775,1.50,1.50
2011.11.15 19:19:36.448,1.0176,1.01772,2.85,1.50
2011.11.15 19:19:36.568,1.01761,1.01775,1.50,1.50
2011.11.15 19:19:36.917,1.01761,1.01775,3.00,1.50
2011.11.15 19:19:37.043,1.01763,1.01777,3.00,1.50
2011.11.15 19:19:37.287,1.01763,1.01777,1.50,1.88
2011.11.15 19:19:37.526,1.01762,1.01774,1.50,3.00
2011.11.15 19:19:37.887,1.01758,1.0177,2.25,1.50
2011.11.15 19:19:38.817,1.0176,1.01772,1.50,1.50
2011.11.15 19:19:42.014,1.0176,1.01772,1.50,2.25
2011.11.15 19:19:42.264,1.01757,1.01771,1.50,1.50
2011.11.15 19:19:42.629,1.0176,1.01772,1.50,1.50
2011.11.15 19:19:42.750,1.01761,1.01775,1.50,2.25
2011.11.15 19:19:44.613,1.01761,1.01774,1.50,1.50
2011.11.15 19:19:44.739,1.01759,1.01773,1.50,1.50
2011.11.15 19:19:44.980,1.01759,1.01773,1.50,2.25
2011.11.15 19:19:45.218,1.01759,1.01773,1.50,1.50
2011.11.15 19:19:45.336,1.01758,1.0177,1.50,1.50
2011.11.15 19:19:45.675,1.0176,1.01772,1.50,1.50
2011.11.15 19:19:46.696,1.01762,1.01774,1.50,2.25
2011.11.15 19:19:46.940,1.01759,1.01773,2.25,1.50
2011.11.15 19:19:49.270,1.01761,1.01775,1.50,2.25
2011.11.15 19:19:50.766,1.01759,1.01773,1.50,1.50
2011.11.15 19:19:52.667,1.01759,1.01772,1.50,1.50
2011.11.15 19:19:53.225,1.01759,1.01773,1.50,1.50
2011.11.15 19:19:53.579,1.01762,1.01774,1.50,1.50
2011.11.15 19:19:54.499,1.01764,1.01776,1.88,1.50
2011.11.15 19:19:55.098,1.01769,1.01781,1.50,3.75
2011.11.15 19:19:55.357,1.01766,1.01779,2.25,1.50
2011.11.15 19:19:59.866,1.01767,1.01781,2.25,1.50
2011.11.15 19:20:04.158,1.01769,1.01783,1.50,1.50
2011.11.15 19:20:04.837,1.01772,1.01784,1.50,2.25
2011.11.15 19:20:05.306,1.01769,1.01783,3.75,1.50
2011.11.15 19:20:05.885,1.01769,1.01783,3.00,1.50
2011.11.15 19:20:06.295,1.01776,1.01784,1.50,1.50
2011.11.15 19:20:06.433,1.01776,1.01788,2.25,1.50
2011.11.15 19:20:06.677,1.01772,1.01786,1.50,1.50
2011.11.15 19:20:06.802,1.01777,1.01789,1.50,1.50
2011.11.15 19:20:07.157,1.01771,1.01783,5.67,1.50
2011.11.15 19:20:07.737,1.01773,1.01786,2.25,1.50
2011.11.15 19:20:08.090,1.01777,1.01788,1.50,1.50
2011.11.15 19:20:08.656,1.01777,1.01789,1.50,2.25
2011.11.15 19:20:08.998,1.01774,1.01786,2.25,1.50
2011.11.15 19:20:11.718,1.01771,1.01785,5.67,1.50
2011.11.15 19:20:11.947,1.01776,1.01788,1.50,1.50
2011.11.15 19:20:12.296,1.01779,1.0179,1.50,1.50
2011.11.15 19:20:12.538,1.01777,1.01789,1.50,2.25
2011.11.15 19:20:13.921,1.01779,1.01791,1.50,3.00
2011.11.15 19:20:14.321,1.01779,1.01791,3.00,2.25
2011.11.15 19:20:14.448,1.01784,1.01796,1.50,3.83
2011.11.15 19:20:14.810,1.01782,1.01794,1.50,2.85
2011.11.15 19:20:15.065,1.01783,1.01796,2.63,1.99
2011.11.15 19:20:15.315,1.01788,1.018,1.50,2.25
2011.11.15 19:20:15.562,1.01789,1.01803,1.50,2.25
2011.11.15 19:20:15.686,1.01787,1.01801,1.50,1.50
2011.11.15 19:20:17.965,1.01787,1.01799,1.50,1.50
2011.11.15 19:20:18.331,1.01785,1.01797,2.25,1.50
2011.11.15 19:20:18.459,1.01785,1.01797,1.50,1.50
2011.11.15 19:20:18.685,1.01783,1.01795,2.25,1.50
2011.11.15 19:20:19.388,1.0178,1.01792,1.50,1.50
2011.11.15 19:20:19.873,1.0178,1.01794,2.25,1.50
2011.11.15 19:20:19.998,1.01778,1.01792,2.25,1.50
2011.11.15 19:20:20.116,1.01778,1.01792,1.50,1.50
2011.11.15 19:20:20.457,1.0178,1.01794,1.50,2.25
2011.11.15 19:20:20.816,1.01776,1.0179,2.25,2.25
2011.11.15 19:20:21.165,1.01773,1.01785,3.00,1.50
2011.11.15 19:20:21.396,1.01777,1.01789,1.50,1.50
2011.11.15 19:20:22.896,1.01777,1.01789,2.25,1.50
2011.11.15 19:20:23.022,1.0178,1.01791,1.50,3.75
2011.11.15 19:20:23.150,1.01785,1.01791,1.50,2.25
2011.11.15 19:20:23.266,1.01785,1.01797,1.50,1.88
2011.11.15 19:20:23.511,1.01787,1.01799,1.50,1.50
2011.11.15 19:20:23.637,1.01784,1.01798,2.25,1.50
2011.11.15 19:20:25.907,1.01791,1.01801,3.75,1.35
2011.11.15 19:20:26.030,1.01794,1.01802,2.25,1.50
2011.11.15 19:20:26.149,1.01794,1.01806,2.25,1.50
2011.11.15 19:20:26.270,1.01794,1.01806,1.50,2.29
2011.11.15 19:20:26.392,1.01792,1.01804,1.50,1.50
2011.11.15 19:20:26.518,1.0179,1.01802,3.00,3.00
2011.11.15 19:20:26.866,1.0179,1.018,1.50,1.50
2011.11.15 19:20:29.378,1.01788,1.01802,3.00,1.50
2011.11.15 19:20:31.946,1.01788,1.01802,2.25,1.50
2011.11.15 19:20:32.188,1.01787,1.01796,1.50,1.50
2011.11.15 19:20:32.307,1.01782,1.01796,2.25,1.50
2011.11.15 19:20:32.430,1.01781,1.01793,2.63,1.50
2011.11.15 19:20:32.672,1.01781,1.01793,2.25,1.50
2011.11.15 19:20:33.256,1.01783,1.01795,1.50,1.50
2011.11.15 19:20:34.557,1.01783,1.01795,2.25,1.50
2011.11.15 19:20:34.918,1.01787,1.01798,2.25,1.50
2011.11.15 19:20:35.510,1.01785,1.01795,3.75,1.50
2011.11.15 19:20:35.630,1.01781,1.01795,2.63,1.50
2011.11.15 19:20:36.245,1.01781,1.01795,2.63,1.50
2011.11.15 19:20:36.901,1.01788,1.01795,1.50,1.50
2011.11.15 19:20:37.147,1.01788,1.01799,1.50,1.50
2011.11.15 19:20:38.393,1.01786,1.01792,2.25,1.50
2011.11.15 19:20:38.523,1.01778,1.01792,1.69,1.50
2011.11.15 19:20:38.647,1.01778,1.0179,1.50,1.50
2011.11.15 19:20:38.998,1.01773,1.01787,2.85,1.50
2011.11.15 19:20:39.117,1.01776,1.0179,1.50,1.50
2011.11.15 19:20:39.468,1.01774,1.01786,2.25,1.50
2011.11.15 19:20:41.317,1.01775,1.01789,2.25,1.50
2011.11.15 19:20:42.509,1.01775,1.01789,2.25,1.50
2011.11.15 19:20:44.825,1.01778,1.0179,1.50,3.00
2011.11.15 19:20:46.196,1.01776,1.01788,3.75,1.50
2011.11.15 19:20:46.987,1.0178,1.01788,1.50,1.50
2011.11.15 19:20:47.107,1.01781,1.0179,1.50,1.50
2011.11.15 19:20:47.229,1.01781,1.01793,1.50,1.50
2011.11.15 19:20:47.349,1.01779,1.01791,3.00,1.50
2011.11.15 19:20:48.196,1.0178,1.01794,2.25,1.50
2011.11.15 19:20:48.318,1.01784,1.01796,1.50,1.50
2011.11.15 19:20:48.759,1.0179,1.01801,1.50,1.50
2011.11.15 19:20:49.336,1.01788,1.018,1.50,1.50
2011.11.15 19:20:51.281,1.01786,1.01797,3.00,1.50
2011.11.15 19:20:52.081,1.01785,1.01797,3.00,1.50
2011.11.15 19:20:52.330,1.01785,1.01797,2.25,1.50
2011.11.15 19:20:52.582,1.01783,1.01795,1.50,3.00
2011.11.15 19:20:52.945,1.01781,1.01793,1.50,1.50
2011.11.15 19:20:53.539,1.01779,1.01793,3.00,3.00
2011.11.15 19:20:53.898,1.01779,1.0179,1.50,1.50
2011.11.15 19:20:56.806,1.01779,1.01789,1.50,1.50
2011.11.15 19:20:57.520,1.01776,1.01788,3.75,1.50
2011.11.15 19:20:57.760,1.01777,1.01788,2.85,1.50
2011.11.15 19:21:01.662,1.01779,1.01787,1.35,1.50
2011.11.15 19:21:01.792,1.01776,1.01787,1.50,1.50
2011.11.15 19:21:02.375,1.01775,1.01787,1.50,1.50
2011.11.15 19:21:04.459,1.01773,1.01785,2.25,2.10
2011.11.15 19:21:04.699,1.01766,1.0178,2.25,1.50
2011.11.15 19:21:05.168,1.01766,1.0178,2.25,1.88
2011.11.15 19:21:05.528,1.01768,1.01782,3.75,1.50
2011.11.15 19:21:05.887,1.01768,1.01779,2.25,1.50
2011.11.15 19:21:06.937,1.01768,1.01779,1.50,2.25
2011.11.15 19:21:07.065,1.01767,1.01774,1.50,3.00
2011.11.15 19:21:07.310,1.01767,1.01772,1.50,1.50
2011.11.15 19:21:07.430,1.0176,1.01772,1.50,3.00
2011.11.15 19:21:07.554,1.01754,1.01768,1.50,1.50
2011.11.15 19:21:07.807,1.01757,1.01769,2.25,1.50
2011.11.15 19:21:07.935,1.01758,1.01772,2.25,3.75
2011.11.15 19:21:08.528,1.01758,1.01772,1.50,1.50
2011.11.15 19:21:09.928,1.01758,1.01772,3.00,1.50
2011.11.15 19:21:10.528,1.01761,1.01773,2.25,1.50
2011.11.15 19:21:11.324,1.01761,1.01772,2.29,1.50
2011.11.15 19:21:11.454,1.01765,1.01779,2.25,3.38
2011.11.15 19:21:11.582,1.01765,1.01779,1.50,5.25
2011.11.15 19:21:11.710,1.01761,1.01774,3.23,1.50
2011.11.15 19:21:12.355,1.01761,1.01772,2.10,1.69
2011.11.15 19:21:12.598,1.01758,1.01772,1.50,1.69
2011.11.15 19:21:12.720,1.01758,1.01771,2.25,1.50
2011.11.15 19:21:12.842,1.0176,1.01774,2.25,1.50
2011.11.15 19:21:12.969,1.01763,1.01775,1.50,2.25
2011.11.15 19:21:13.209,1.0176,1.01774,2.25,1.50
2011.11.15 19:21:13.447,1.01759,1.01772,1.50,1.50
2011.11.15 19:21:15.377,1.01761,1.01773,2.25,1.50
2011.11.15 19:21:21.084,1.01764,1.01776,1.50,2.44
2011.11.15 19:21:21.332,1.01766,1.0178,2.10,1.88
2011.11.15 19:21:21.580,1.01768,1.01782,1.50,2.63
2011.11.15 19:21:22.148,1.01767,1.01779,1.50,1.50
2011.11.15 19:21:22.958,1.01765,1.01777,3.60,1.50
2011.11.15 19:21:23.081,1.01766,1.0178,2.10,1.50
2011.11.15 19:21:29.057,1.01765,1.01776,2.25,1.50
2011.11.15 19:21:29.635,1.01762,1.01774,2.25,1.50
2011.11.15 19:21:30.051,1.01762,1.01776,2.25,1.50
2011.11.15 19:21:30.617,1.01765,1.01777,1.50,1.50
2011.11.15 19:21:35.555,1.01762,1.01776,2.25,1.50
2011.11.15 19:21:35.680,1.01761,1.0177,1.50,1.50
2011.11.15 19:21:37.010,1.01759,1.0177,1.50,1.50
2011.11.15 19:21:37.370,1.01756,1.01768,3.75,1.50
2011.11.15 19:21:37.729,1.01754,1.01761,1.50,1.50
2011.11.15 19:21:37.848,1.01749,1.01761,3.75,1.50
2011.11.15 19:21:38.089,1.01751,1.01763,3.00,1.50
2011.11.15 19:21:38.206,1.01752,1.01765,2.25,1.50
2011.11.15 19:21:38.795,1.01752,1.01766,2.25,1.50
2011.11.15 19:21:40.677,1.01748,1.0176,3.38,1.50
2011.11.15 19:21:40.814,1.01748,1.0176,1.50,3.00
2011.11.15 19:21:40.946,1.01746,1.01758,2.25,1.50
2011.11.15 19:21:41.071,1.01747,1.01761,2.25,1.50
2011.11.15 19:21:41.775,1.01747,1.01761,1.50,1.50
2011.11.15 19:21:42.138,1.01746,1.01758,1.50,1.50
2011.11.15 19:21:42.617,1.01748,1.01762,1.50,1.50
2011.11.15 19:21:42.857,1.01747,1.01759,1.50,1.50
2011.11.15 19:21:45.830,1.01744,1.01755,1.50,1.50
2011.11.15 19:21:45.964,1.0174,1.01754,2.25,2.25
2011.11.15 19:21:46.197,1.01742,1.01754,1.50,2.25
2011.11.15 19:21:46.549,1.01744,1.01756,1.50,4.88
2011.11.15 19:21:46.915,1.01742,1.01754,1.50,2.25
2011.11.15 19:21:47.283,1.01744,1.01756,2.25,3.75
2011.11.15 19:21:47.410,1.01745,1.01759,2.25,1.88
2011.11.15 19:21:47.856,1.01743,1.01757,3.75,1.50
2011.11.15 19:21:48.398,1.01741,1.01755,3.00,3.75
2011.11.15 19:21:48.988,1.0174,1.01753,1.50,1.50
2011.11.15 19:21:50.159,1.01742,1.01754,1.50,1.69
2011.11.15 19:21:51.396,1.01742,1.01754,1.50,1.50
2011.11.15 19:21:55.536,1.01743,1.01757,1.50,3.38
2011.11.15 19:21:55.657,1.01743,1.01757,2.25,2.25
2011.11.15 19:21:56.215,1.01743,1.01757,2.25,1.50
2011.11.15 19:21:56.786,1.01743,1.01757,2.25,1.50
2011.11.15 19:21:58.403,1.01745,1.01759,1.50,3.00
2011.11.15 19:22:00.646,1.01744,1.01756,1.50,1.50
2011.11.15 19:22:02.666,1.01742,1.01751,3.00,1.88
2011.11.15 19:22:03.270,1.01742,1.01746,1.50,1.50
2011.11.15 19:22:03.584,1.01742,1.01752,1.50,1.50
2011.11.15 19:22:03.718,1.0174,1.01752,1.50,1.50
2011.11.15 19:22:04.197,1.01739,1.0175,1.50,1.50
2011.11.15 19:22:05.206,1.01738,1.0175,2.25,1.50
2011.11.15 19:22:05.688,1.01736,1.01748,1.50,1.50
2011.11.15 19:22:06.052,1.01745,1.01753,1.50,1.50
2011.11.15 19:22:06.182,1.01745,1.01757,1.50,2.29
2011.11.15 19:22:06.309,1.01746,1.01758,1.50,1.50
2011.11.15 19:22:06.547,1.01744,1.01756,3.00,1.50
2011.11.15 19:22:09.451,1.01746,1.01756,1.35,1.50
2011.11.15 19:22:10.157,1.01745,1.01756,1.50,1.50
2011.11.15 19:22:10.725,1.01745,1.01756,1.50,1.50
2011.11.15 19:22:10.847,1.01744,1.01756,3.00,1.50
2011.11.15 19:22:12.350,1.01743,1.01754,1.50,1.50
2011.11.15 19:22:12.473,1.01737,1.01751,3.75,1.50
2011.11.15 19:22:12.898,1.01734,1.01747,3.00,1.50
2011.11.15 19:22:13.026,1.01737,1.01751,1.50,1.50
2011.11.15 19:22:13.270,1.0174,1.01752,1.50,1.50
2011.11.15 19:22:13.507,1.01738,1.01751,2.25,1.50
2011.11.15 19:22:14.095,1.01737,1.01751,2.25,1.50
2011.11.15 19:22:16.905,1.01736,1.01747,2.25,1.50
2011.11.15 19:22:22.364,1.01736,1.01749,2.25,1.50
2011.11.15 19:22:22.827,1.01739,1.01751,1.50,1.50
2011.11.15 19:22:23.285,1.01737,1.01749,2.25,1.50
2011.11.15 19:22:23.649,1.01739,1.01752,1.50,1.50
2011.11.15 19:22:25.646,1.01738,1.01752,2.10,1.50
2011.11.15 19:22:26.217,1.01738,1.0175,1.35,1.50
2011.11.15 19:22:27.638,1.01736,1.0175,2.25,1.50
2011.11.15 19:22:28.638,1.01736,1.0175,1.50,2.25
2011.11.15 19:22:28.988,1.01735,1.01747,1.50,2.25
2011.11.15 19:22:29.440,1.01736,1.0175,1.50,3.00
2011.11.15 19:22:30.207,1.01736,1.0175,1.50,2.25
2011.11.15 19:22:30.325,1.01736,1.0175,2.25,1.50
2011.11.15 19:22:30.797,1.01735,1.01747,2.25,1.50
2011.11.15 19:22:33.893,1.01735,1.01747,2.25,1.50
2011.11.15 19:22:34.132,1.01736,1.0175,2.63,1.50
2011.11.15 19:22:34.378,1.01739,1.01751,1.88,1.50
2011.11.15 19:22:34.620,1.01741,1.01755,1.50,2.25
2011.11.15 19:22:35.195,1.01739,1.01753,4.13,1.50
2011.11.15 19:22:35.767,1.01741,1.01753,1.13,1.50
2011.11.15 19:22:35.891,1.01744,1.01756,1.88,2.25
2011.11.15 19:22:36.542,1.01746,1.0176,5.63,1.50
2011.11.15 19:22:37.706,1.01746,1.0176,2.25,2.25
2011.11.15 19:22:38.067,1.01745,1.01757,1.50,1.50
2011.11.15 19:22:38.867,1.01745,1.01757,2.25,1.50
2011.11.15 19:22:39.232,1.01756,1.01767,1.50,1.88
2011.11.15 19:22:39.359,1.01756,1.01769,1.50,1.88
2011.11.15 19:22:39.958,1.01755,1.01767,2.25,1.50
2011.11.15 19:22:40.532,1.01755,1.01767,2.25,1.50
2011.11.15 19:22:42.657,1.01755,1.01767,2.25,1.50
2011.11.15 19:22:43.009,1.01755,1.01767,2.25,1.50
2011.11.15 19:22:43.250,1.01755,1.01767,1.50,1.50
2011.11.15 19:22:43.367,1.01757,1.01768,1.50,1.13
2011.11.15 19:22:43.493,1.01754,1.01766,1.50,1.50
2011.11.15 19:22:43.953,1.01754,1.01766,2.25,1.50
2011.11.15 19:22:44.201,1.0176,1.01772,1.50,1.50
2011.11.15 19:22:44.568,1.01757,1.01771,1.50,1.50
2011.11.15 19:22:46.346,1.01759,1.01773,1.50,2.25
2011.11.15 19:22:47.377,1.01761,1.01775,1.50,3.38
2011.11.15 19:22:48.177,1.01761,1.01775,1.50,2.25
2011.11.15 19:22:48.538,1.01761,1.01775,2.25,1.50
2011.11.15 19:22:49.576,1.01761,1.01775,2.25,2.25
2011.11.15 19:22:50.157,1.0176,1.01773,3.00,1.50
2011.11.15 19:22:50.517,1.01759,1.01773,2.25,2.67
2011.11.15 19:22:50.637,1.01761,1.01775,1.50,2.67
2011.11.15 19:22:50.756,1.01761,1.01775,1.50,2.67
2011.11.15 19:22:50.877,1.01761,1.01774,1.50,1.13
2011.11.15 19:22:51.456,1.01761,1.01775,2.25,3.04
2011.11.15 19:22:51.907,1.01765,1.01779,1.50,2.29
2011.11.15 19:22:52.391,1.01768,1.01778,1.50,1.17
2011.11.15 19:22:52.520,1.01765,1.01779,2.25,3.04
2011.11.15 19:22:52.870,1.01769,1.01781,1.50,3.38
2011.11.15 19:22:52.990,1.01769,1.01781,2.25,2.29
2011.11.15 19:22:53.232,1.01769,1.01781,5.85,1.50
2011.11.15 19:22:53.818,1.01772,1.01781,2.10,1.50
2011.11.15 19:22:54.179,1.01771,1.01779,2.48,1.50
2011.11.15 19:22:54.416,1.01767,1.01779,4.50,1.50
2011.11.15 19:22:54.540,1.01765,1.01779,4.73,1.50
2011.11.15 19:22:55.129,1.01767,1.01781,2.25,1.50
2011.11.15 19:22:55.476,1.01767,1.01781,2.25,2.63
2011.11.15 19:22:56.143,1.01768,1.0178,2.25,1.50
2011.11.15 19:22:56.509,1.0177,1.01783,1.50,2.67
2011.11.15 19:22:57.096,1.0177,1.01782,3.00,1.50
2011.11.15 19:22:58.116,1.0177,1.01781,1.50,1.50
2011.11.15 19:22:58.238,1.0177,1.01778,1.50,1.50
2011.11.15 19:22:58.722,1.01769,1.01781,1.50,3.04
2011.11.15 19:22:59.570,1.0177,1.01778,1.35,1.50
2011.11.15 19:22:59.805,1.01768,1.01778,3.00,1.50
2011.11.15 19:23:00.051,1.01768,1.01776,2.25,1.50
2011.11.15 19:23:00.297,1.01766,1.01778,1.50,1.50
2011.11.15 19:23:01.953,1.01763,1.01775,3.00,1.50
2011.11.15 19:23:02.215,1.01754,1.01766,2.25,1.50
2011.11.15 19:23:03.050,1.01756,1.01766,1.50,1.17
2011.11.15 19:23:03.169,1.01753,1.01765,2.25,1.50
2011.11.15 19:23:03.755,1.01753,1.01765,2.25,1.50
2011.11.15 19:23:04.325,1.01753,1.01765,2.25,1.50
2011.11.15 19:23:05.238,1.0175,1.01764,2.25,1.50
2011.11.15 19:23:05.356,1.01749,1.01762,1.50,1.50
2011.11.15 19:23:06.180,1.0175,1.01763,2.25,1.17
2011.11.15 19:23:06.700,1.0175,1.01764,3.00,2.63
2011.11.15 19:23:08.035,1.01751,1.01764,2.85,1.50
2011.11.15 19:23:08.398,1.01755,1.01767,1.50,1.50
2011.11.15 19:23:08.636,1.01752,1.01766,2.85,1.50
2011.11.15 19:23:09.928,1.01752,1.01766,2.25,1.50
2011.11.15 19:23:11.766,1.01755,1.01767,1.50,1.88
2011.11.15 19:23:12.336,1.01755,1.01767,1.50,1.50
2011.11.15 19:23:12.838,1.01754,1.01765,1.35,1.50
2011.11.15 19:23:13.517,1.01755,1.01767,1.50,3.00
2011.11.15 19:23:13.638,1.01753,1.01764,1.50,1.50
2011.11.15 19:23:13.759,1.01752,1.01764,3.00,1.50
2011.11.15 19:23:14.819,1.01752,1.01763,1.50,1.50
2011.11.15 19:23:15.300,1.01753,1.01765,1.50,1.50
2011.11.15 19:23:15.526,1.0175,1.01764,3.00,1.50
2011.11.15 19:23:16.732,1.01754,1.01764,1.35,1.88
2011.11.15 19:23:17.259,1.01755,1.01766,1.50,1.54
2011.11.15 19:23:17.388,1.01752,1.01764,1.50,1.50
2011.11.15 19:23:17.508,1.0175,1.01763,1.50,1.50
2011.11.15 19:23:17.846,1.01752,1.01764,1.50,1.50
2011.11.15 19:23:20.289,1.01749,1.01763,4.50,1.50
2011.11.15 19:23:20.527,1.01749,1.01761,1.50,1.50
2011.11.15 19:23:20.978,1.01748,1.01761,1.50,2.63
2011.11.15 19:23:21.567,1.01747,1.01761,1.50,2.44
2011.11.15 19:23:21.806,1.01747,1.0176,1.50,1.17
2011.11.15 19:23:22.389,1.01747,1.0176,1.50,1.17
2011.11.15 19:23:22.986,1.01747,1.0176,1.50,1.17
2011.11.15 19:23:23.337,1.0175,1.01762,3.00,3.04
2011.11.15 19:23:24.494,1.0175,1.01763,1.35,1.50
2011.11.15 19:23:24.619,1.01753,1.01765,1.50,2.25
2011.11.15 19:23:25.215,1.01753,1.01765,2.10,1.50
2011.11.15 19:23:25.576,1.01753,1.01765,2.25,1.50
2011.11.15 19:23:25.699,1.01757,1.01769,1.50,1.17
2011.11.15 19:23:25.938,1.01757,1.01771,1.50,2.63
2011.11.15 19:23:26.058,1.01755,1.01769,2.25,1.50
2011.11.15 19:23:27.080,1.01758,1.0177,1.50,2.67
2011.11.15 19:23:29.047,1.01755,1.01767,2.25,1.50
2011.11.15 19:23:31.295,1.01757,1.01769,1.50,1.17
2011.11.15 19:23:31.878,1.01756,1.01768,1.50,1.50
2011.11.15 19:23:32.236,1.01758,1.0177,1.50,1.50
2011.11.15 19:23:33.413,1.01758,1.0177,1.50,2.63
2011.11.15 19:23:33.539,1.01758,1.01768,1.50,1.17
2011.11.15 19:23:33.997,1.01754,1.01768,1.50,2.67
2011.11.15 19:23:34.557,1.01757,1.01768,1.50,1.17
2011.11.15 19:23:35.166,1.01757,1.01768,1.50,1.17
2011.11.15 19:23:35.955,1.01757,1.01768,1.50,1.17
2011.11.15 19:23:36.877,1.01757,1.01768,1.50,1.17
2011.11.15 19:23:37.648,1.01757,1.01768,1.50,1.17
2011.11.15 19:23:38.202,1.01757,1.01768,1.50,1.17
2011.11.15 19:23:38.798,1.01757,1.01769,1.50,3.42
2011.11.15 19:23:39.720,1.0176,1.01771,1.50,1.92
2011.11.15 19:23:40.656,1.01758,1.01771,2.10,3.42
2011.11.15 19:23:41.406,1.01756,1.01769,1.88,2.67
2011.11.15 19:23:42.527,1.01755,1.01769,3.00,1.88
2011.11.15 19:23:43.066,1.01755,1.01769,3.00,2.29
2011.11.15 19:23:43.188,1.01755,1.01769,3.00,2.67
2011.11.15 19:23:43.427,1.01755,1.01769,7.50,1.88
2011.11.15 19:23:43.776,1.01759,1.01771,1.50,2.67
2011.11.15 19:23:45.821,1.01758,1.01769,4.35,2.29
2011.11.15 19:23:46.197,1.01739,1.01752,2.07,3.23
2011.11.15 19:23:46.326,1.01738,1.0175,2.25,1.50
2011.11.15 19:23:46.457,1.0174,1.01752,1.50,1.50
2011.11.15 19:23:46.820,1.01742,1.01754,1.50,1.50
2011.11.15 19:23:47.304,1.01739,1.01753,1.50,2.25
2011.11.15 19:23:47.430,1.01737,1.01751,2.85,1.88
2011.11.15 19:23:48.016,1.01739,1.0175,1.50,1.17
2011.11.15 19:23:48.742,1.01739,1.0175,1.50,1.17
2011.11.15 19:23:49.457,1.01739,1.01749,1.50,1.17
2011.11.15 19:23:49.978,1.01739,1.01749,1.50,1.17
2011.11.15 19:23:50.447,1.01741,1.01751,1.50,1.54
2011.11.15 19:23:50.923,1.0174,1.01753,1.50,1.17
2011.11.15 19:23:51.506,1.0174,1.01754,1.50,1.50
2011.11.15 19:23:57.228,1.01743,1.01754,1.35,1.50
2011.11.15 19:23:57.468,1.01743,1.01756,1.50,1.17
2011.11.15 19:23:57.589,1.01742,1.01753,1.50,1.50
2011.11.15 19:23:57.706,1.01738,1.01752,4.13,1.50
2011.11.15 19:23:58.266,1.0174,1.01754,2.25,1.50
2011.11.15 19:23:58.736,1.01743,1.01755,1.50,1.50
2011.11.15 19:24:00.886,1.0174,1.01754,3.00,1.50
2011.11.15 19:24:01.557,1.0174,1.01753,3.00,1.50
2011.11.15 19:24:02.133,1.0174,1.01754,3.00,1.50
2011.11.15 19:24:02.659,1.0174,1.01752,1.50,1.50
2011.11.15 19:24:03.237,1.01741,1.01753,1.50,1.50
2011.11.15 19:24:06.597,1.01743,1.01755,1.50,1.50
2011.11.15 19:24:07.744,1.01741,1.01753,1.50,1.50
2011.11.15 19:24:08.582,1.01743,1.01755,1.50,1.50
2011.11.15 19:24:08.831,1.0174,1.01754,3.00,1.50
2011.11.15 19:24:08.963,1.01739,1.01751,3.00,1.50
2011.11.15 19:24:09.476,1.01743,1.01757,2.25,3.60
2011.11.15 19:24:09.844,1.01738,1.0175,1.50,1.50
2011.11.15 19:24:09.970,1.01738,1.0175,2.25,1.50
2011.11.15 19:24:10.328,1.01741,1.01755,1.50,1.50
2011.11.15 19:24:10.556,1.0174,1.01752,2.25,1.50
2011.11.15 19:24:14.422,1.01741,1.01755,1.50,2.25
2011.11.15 19:24:14.667,1.01744,1.01756,1.50,2.25
2011.11.15 19:24:16.384,1.01746,1.01758,1.50,3.00
2011.11.15 19:24:16.751,1.0175,1.01758,1.50,1.50
2011.11.15 19:24:17.198,1.01753,1.01761,1.50,2.25
2011.11.15 19:24:17.343,1.01755,1.01767,1.50,1.50
2011.11.15 19:24:17.476,1.01757,1.01769,1.50,1.69
2011.11.15 19:24:17.722,1.01755,1.01769,2.25,2.44
2011.11.15 19:24:17.848,1.01754,1.01766,2.25,1.50
2011.11.15 19:24:18.451,1.01754,1.01766,1.50,1.50
2011.11.15 19:24:24.323,1.01752,1.01764,3.75,1.50
2011.11.15 19:24:25.236,1.0175,1.01762,2.25,1.50
2011.11.15 19:24:25.816,1.0175,1.01762,1.50,1.50
2011.11.15 19:24:26.169,1.01748,1.0176,2.25,2.29
2011.11.15 19:24:26.525,1.01746,1.01756,1.35,1.88
2011.11.15 19:24:26.990,1.01748,1.01759,2.25,1.35
2011.11.15 19:24:27.673,1.01749,1.01762,1.50,1.54
2011.11.15 19:24:28.265,1.01749,1.0176,1.50,1.13
2011.11.15 19:24:30.255,1.01746,1.01758,2.25,1.50
2011.11.15 19:24:33.463,1.01748,1.0176,3.00,2.25
2011.11.15 19:24:33.717,1.01759,1.0177,1.50,1.28
2011.11.15 19:24:33.969,1.0176,1.01774,2.25,2.63
2011.11.15 19:24:34.096,1.0176,1.01774,2.25,2.63
2011.11.15 19:24:34.460,1.01759,1.01772,2.25,1.50
2011.11.15 19:24:35.039,1.0176,1.01774,2.25,1.88
2011.11.15 19:24:35.895,1.01768,1.01777,1.50,2.25
2011.11.15 19:24:36.028,1.01768,1.01781,2.10,2.40
2011.11.15 19:24:36.515,1.01769,1.01782,1.50,1.80
2011.11.15 19:24:36.884,1.01766,1.01776,2.25,4.50
2011.11.15 19:24:37.012,1.01765,1.01775,1.50,2.25
2011.11.15 19:24:37.260,1.01766,1.0178,4.88,1.50
2011.11.15 19:24:37.381,1.01769,1.01781,1.50,1.80
2011.11.15 19:24:37.830,1.01771,1.01783,1.50,1.99
2011.11.15 19:24:37.953,1.01767,1.01781,2.25,1.65
2011.11.15 19:24:40.277,1.01769,1.01783,1.50,2.55
2011.11.15 19:24:40.867,1.01768,1.0178,1.50,1.50
2011.11.15 19:24:42.690,1.01766,1.01778,5.25,1.50
2011.11.15 19:24:43.366,1.01767,1.01781,1.50,1.50
2011.11.15 19:24:43.487,1.01767,1.0178,1.50,2.07
2011.11.15 19:24:43.812,1.01765,1.01776,2.25,1.50
2011.11.15 19:24:44.177,1.01762,1.01774,2.25,1.50
2011.11.15 19:24:44.299,1.01763,1.01777,2.25,1.50
2011.11.15 19:24:45.097,1.01766,1.01777,1.50,1.50
2011.11.15 19:24:45.218,1.01767,1.01779,1.50,1.50
2011.11.15 19:24:45.671,1.01766,1.01777,1.50,1.50
2011.11.15 19:24:48.390,1.01766,1.01777,1.50,1.50
2011.11.15 19:24:48.748,1.01768,1.0178,1.50,1.50
2011.11.15 19:24:50.447,1.0177,1.0178,1.50,1.50
2011.11.15 19:24:51.046,1.0177,1.01782,2.25,1.80
2011.11.15 19:24:52.086,1.01768,1.0178,2.25,1.50
2011.11.15 19:24:55.784,1.01757,1.01771,4.35,1.50
2011.11.15 19:24:58.604,1.01757,1.01771,4.35,1.88
2011.11.15 19:24:58.970,1.01753,1.01762,1.50,1.50
2011.11.15 19:24:59.090,1.01751,1.01762,2.18,1.50
2011.11.15 19:24:59.490,1.01752,1.01764,1.50,1.50
2011.11.15 19:24:59.727,1.01754,1.01766,1.50,1.50
2011.11.15 19:25:00.200,1.01757,1.01769,1.50,1.50
2011.11.15 19:25:00.537,1.01753,1.01765,3.60,1.50
2011.11.15 19:25:01.579,1.01754,1.01768,1.50,1.50
2011.11.15 19:25:02.960,1.01754,1.01767,1.50,1.50
2011.11.15 19:25:03.316,1.01752,1.01766,1.50,1.50
2011.11.15 19:25:04.528,1.01754,1.01768,1.50,2.25
2011.11.15 19:25:07.407,1.01754,1.01768,2.25,1.50
2011.11.15 19:25:08.023,1.01754,1.01768,1.50,1.50
2011.11.15 19:25:08.587,1.01752,1.01764,4.13,1.50
2011.11.15 19:25:09.157,1.01758,1.01766,1.50,1.50
2011.11.15 19:25:09.517,1.01757,1.01764,1.50,1.50
2011.11.15 19:25:09.641,1.01754,1.01767,2.25,1.50
2011.11.15 19:25:09.766,1.01754,1.01766,1.50,1.50
2011.11.15 19:25:09.887,1.01752,1.01766,2.25,1.50
2011.11.15 19:25:10.585,1.01754,1.01768,1.50,1.50
2011.11.15 19:25:23.692,1.01758,1.01769,1.50,1.50
2011.11.15 19:25:23.827,1.01762,1.01776,1.50,2.25
2011.11.15 19:25:23.951,1.01764,1.01778,2.25,1.69
2011.11.15 19:25:24.081,1.01769,1.01781,1.50,3.00
2011.11.15 19:25:24.618,1.01767,1.01779,1.50,1.50
2011.11.15 19:25:27.980,1.01762,1.01776,2.25,1.50
2011.11.15 19:25:28.216,1.01762,1.01776,2.25,1.50
2011.11.15 19:25:28.797,1.01762,1.01776,2.25,1.50
2011.11.15 19:25:29.149,1.01764,1.01778,1.50,1.50
2011.11.15 19:25:36.260,1.01767,1.01779,1.50,3.00
2011.11.15 19:25:36.619,1.01767,1.01779,3.00,1.50
2011.11.15 19:25:36.862,1.01768,1.01782,3.00,1.80
2011.11.15 19:25:37.097,1.01768,1.01779,1.50,1.50
2011.11.15 19:25:38.245,1.01766,1.01776,4.50,1.50
2011.11.15 19:25:38.367,1.01765,1.01773,1.88,1.50
2011.11.15 19:25:38.799,1.01763,1.01777,1.50,4.88
2011.11.15 19:25:39.391,1.01765,1.01779,2.25,1.50
2011.11.15 19:25:39.758,1.01762,1.01776,1.50,1.50
2011.11.15 19:25:40.315,1.01765,1.01777,1.50,1.50
2011.11.15 19:25:40.665,1.01763,1.01775,2.25,1.50
2011.11.15 19:25:40.787,1.01764,1.01778,1.50,3.00
2011.11.15 19:25:40.908,1.01762,1.01776,3.75,1.50
2011.11.15 19:25:41.269,1.01764,1.01778,1.50,1.50
2011.11.15 19:25:41.388,1.01762,1.01776,2.25,1.50
2011.11.15 19:25:41.747,1.01757,1.01771,1.50,2.25
2011.11.15 19:25:42.349,1.01754,1.01768,1.50,2.25
2011.11.15 19:25:42.580,1.01757,1.01769,1.50,2.25
2011.11.15 19:25:46.518,1.01755,1.01767,1.50,1.50
2011.11.15 19:25:46.757,1.01749,1.01763,1.50,1.50
2011.11.15 19:25:47.001,1.01749,1.01761,1.50,3.00
2011.11.15 19:25:47.370,1.01752,1.01761,1.50,3.00
2011.11.15 19:25:47.607,1.01752,1.01764,1.50,2.25
2011.11.15 19:25:48.197,1.01752,1.01764,1.50,1.50
2011.11.15 19:25:53.963,1.01753,1.01767,1.50,2.25
2011.11.15 19:25:54.090,1.01753,1.01767,1.50,1.50
2011.11.15 19:25:55.517,1.01755,1.01769,1.50,3.00
2011.11.15 19:25:56.085,1.01753,1.01767,1.50,1.50
2011.11.15 19:25:56.600,1.01757,1.01769,1.50,3.00
2011.11.15 19:25:57.199,1.0176,1.01772,1.50,2.63
2011.11.15 19:25:57.646,1.01756,1.0177,2.25,1.69
2011.11.15 19:25:58.566,1.01755,1.01767,1.50,1.50
2011.11.15 19:25:59.236,1.01759,1.01771,1.50,1.50
2011.11.15 19:26:00.126,1.01757,1.01769,1.50,1.50
2011.11.15 19:26:00.486,1.01755,1.01767,1.50,1.50
2011.11.15 19:26:00.825,1.01757,1.01769,1.50,2.25
2011.11.15 19:26:01.960,1.01755,1.01767,1.50,1.50
2011.11.15 19:26:02.987,1.01756,1.0177,1.50,3.00
2011.11.15 19:26:03.326,1.01754,1.01768,1.50,1.50
2011.11.15 19:26:04.557,1.01755,1.01768,1.50,1.50
2011.11.15 19:26:05.177,1.01756,1.01769,1.50,1.50
2011.11.15 19:26:06.838,1.01759,1.01771,1.50,4.35
2011.11.15 19:26:07.186,1.01756,1.0177,3.00,1.50
2011.11.15 19:26:07.528,1.01755,1.01767,2.25,1.50
2011.11.15 19:26:16.356,1.01761,1.01767,1.50,1.50
2011.11.15 19:26:16.482,1.01763,1.01771,1.50,1.35
2011.11.15 19:26:16.610,1.01764,1.01778,1.50,5.25
2011.11.15 19:26:16.849,1.01766,1.01776,1.50,1.13
2011.11.15 19:26:16.971,1.01764,1.01776,1.50,1.13
2011.11.15 19:26:17.099,1.01758,1.01772,2.25,1.50
2011.11.15 19:26:17.523,1.01758,1.01772,1.50,2.25
2011.11.15 19:26:17.650,1.01756,1.0177,2.25,1.50
2011.11.15 19:26:17.782,1.0176,1.0177,1.50,1.50
2011.11.15 19:26:18.138,1.01758,1.01772,2.25,1.50
2011.11.15 19:26:18.948,1.01758,1.01772,1.50,1.50
2011.11.15 19:26:19.307,1.01757,1.01769,1.50,1.50
2011.11.15 19:26:20.818,1.01759,1.01771,1.50,1.50
2011.11.15 19:26:21.290,1.01761,1.01773,1.50,3.00
2011.11.15 19:26:21.981,1.01758,1.01772,3.75,1.50
2011.11.15 19:26:22.470,1.01758,1.01772,1.50,2.25
2011.11.15 19:26:23.131,1.01759,1.01771,1.50,1.50
2011.11.15 19:26:24.461,1.01757,1.01769,4.50,1.50
2011.11.15 19:26:24.592,1.01759,1.01771,2.25,1.69
2011.11.15 19:26:24.950,1.01761,1.01773,2.25,1.50
2011.11.15 19:26:26.990,1.01758,1.01772,2.25,1.50
2011.11.15 19:26:29.269,1.01757,1.01769,2.25,1.50
2011.11.15 19:26:29.389,1.01759,1.01771,1.50,1.50
2011.11.15 19:26:29.746,1.01759,1.01773,2.85,1.50
2011.11.15 19:26:31.616,1.01759,1.01773,2.85,2.25
2011.11.15 19:26:31.736,1.01759,1.01773,1.50,2.25
2011.11.15 19:26:31.857,1.01758,1.0177,1.50,1.50
2011.11.15 19:26:35.219,1.0175,1.01762,2.25,1.50
2011.11.15 19:26:35.807,1.01752,1.01764,1.50,2.25
2011.11.15 19:26:37.420,1.01749,1.01761,1.50,1.50
2011.11.15 19:26:37.778,1.01745,1.01759,1.50,1.88
2011.11.15 19:26:38.016,1.01744,1.01756,1.50,1.50
2011.11.15 19:26:38.610,1.01747,1.01759,1.50,1.50
2011.11.15 19:26:40.938,1.01749,1.0176,1.50,1.50
2011.11.15 19:26:41.176,1.01747,1.01759,1.50,2.25
2011.11.15 19:26:41.296,1.01745,1.01759,1.50,2.25
2011.11.15 19:26:46.194,1.01745,1.01759,1.50,3.00
2011.11.15 19:26:47.895,1.01745,1.01759,1.50,2.25
2011.11.15 19:26:49.336,1.01747,1.01759,1.50,1.50
2011.11.15 19:26:49.458,1.01748,1.01762,1.50,2.63
2011.11.15 19:26:50.016,1.01745,1.01759,1.50,1.50
2011.11.15 19:26:59.209,1.01745,1.01759,1.86,2.25
2011.11.15 19:27:00.431,1.01743,1.01757,1.50,2.25
2011.11.15 19:27:00.557,1.01741,1.01753,1.50,1.50
2011.11.15 19:27:01.268,1.01742,1.01754,1.50,2.25
2011.11.15 19:27:01.865,1.01742,1.01754,1.50,1.50
2011.11.15 19:27:03.624,1.01742,1.01754,1.50,2.25
2011.11.15 19:27:08.104,1.0174,1.01752,2.25,1.50
2011.11.15 19:27:11.120,1.01738,1.0175,1.50,1.50
2011.11.15 19:27:11.583,1.01736,1.01748,1.50,1.50
2011.11.15 19:27:12.186,1.01735,1.01749,1.86,2.25
2011.11.15 19:27:12.537,1.01737,1.01751,1.50,2.40
2011.11.15 19:27:15.341,1.01738,1.01751,1.50,1.50
2011.11.15 19:27:15.705,1.01747,1.01759,1.50,3.00
2011.11.15 19:27:15.935,1.01743,1.01757,1.50,2.25
2011.11.15 19:27:16.298,1.01741,1.01754,1.50,1.50
2011.11.15 19:27:16.658,1.01738,1.0175,4.50,1.50
2011.11.15 19:27:16.781,1.01738,1.0175,1.50,1.50
2011.11.15 19:27:17.375,1.01739,1.01753,1.50,3.00
2011.11.15 19:27:25.296,1.01741,1.01753,1.50,1.50
2011.11.15 19:27:25.422,1.01741,1.01755,1.50,3.00
2011.11.15 19:27:25.548,1.01744,1.01755,1.50,1.50
2011.11.15 19:27:25.668,1.01744,1.01756,1.50,2.63
2011.11.15 19:27:26.260,1.01742,1.01755,1.50,1.50
2011.11.15 19:27:26.837,1.01741,1.01755,1.50,1.50
2011.11.15 19:27:27.550,1.01741,1.01755,1.50,2.25
2011.11.15 19:27:27.665,1.01741,1.01755,1.50,2.25
2011.11.15 19:27:29.025,1.01741,1.01755,1.50,2.25
2011.11.15 19:27:29.584,1.01741,1.01755,1.50,2.25
2011.11.15 19:27:31.017,1.01735,1.0174,1.73,1.13
2011.11.15 19:27:31.504,1.01727,1.01739,1.50,1.50
2011.11.15 19:27:31.633,1.01724,1.01736,1.86,1.50
2011.11.15 19:27:32.170,1.01726,1.01738,1.50,2.63
2011.11.15 19:27:32.856,1.01728,1.01738,1.88,1.13
2011.11.15 19:27:33.210,1.01731,1.0174,1.86,1.80
2011.11.15 19:27:33.568,1.01731,1.01742,1.49,2.70
2011.11.15 19:27:33.799,1.01733,1.01742,1.13,2.33
2011.11.15 19:27:34.375,1.01734,1.01742,1.11,2.25
2011.11.15 19:27:34.956,1.01734,1.01743,1.49,1.50
2011.11.15 19:27:35.079,1.01734,1.01745,1.49,2.44
2011.11.15 19:27:35.322,1.01734,1.01743,1.11,1.50
2011.11.15 19:27:36.357,1.01734,1.01742,1.11,2.85
2011.11.15 19:27:36.484,1.01729,1.01741,1.50,1.16
2011.11.15 19:27:36.614,1.01728,1.01736,1.50,1.13
2011.11.15 19:27:36.743,1.01728,1.01736,1.50,2.25
2011.11.15 19:27:37.326,1.01726,1.01738,1.86,1.54
2011.11.15 19:27:38.598,1.01727,1.01739,1.11,1.50
2011.11.15 19:27:39.121,1.01728,1.0174,2.99,1.50
2011.11.15 19:27:39.488,1.01732,1.01741,1.11,4.80
2011.11.15 19:27:40.708,1.01732,1.01741,1.11,4.05
2011.11.15 19:27:40.837,1.01739,1.01744,3.38,2.55
2011.11.15 19:27:41.204,1.01756,1.01768,1.88,2.25
2011.11.15 19:27:41.334,1.0176,1.01773,1.49,2.63
2011.11.15 19:27:41.927,1.0176,1.01769,1.49,1.50
2011.11.15 19:27:43.138,1.0176,1.01769,1.11,2.25
2011.11.15 19:27:43.377,1.01758,1.01766,1.11,1.50
2011.11.15 19:27:43.500,1.01758,1.01765,1.11,1.50
2011.11.15 19:27:43.862,1.0177,1.01777,2.25,1.54
2011.11.15 19:27:43.989,1.01771,1.01782,1.49,2.44
2011.11.15 19:27:44.112,1.01771,1.0178,1.49,2.25
2011.11.15 19:27:44.929,1.01771,1.01778,1.49,1.50
2011.11.15 19:27:45.497,1.01771,1.01776,1.49,1.50
2011.11.15 19:27:46.456,1.01774,1.0178,1.32,1.50
2011.11.15 19:27:46.590,1.01781,1.01788,1.11,1.13
2011.11.15 19:27:46.711,1.01781,1.01788,1.11,2.25
2011.11.15 19:27:46.957,1.01785,1.01792,1.11,2.70
2011.11.15 19:27:47.550,1.01785,1.01791,1.11,1.50
2011.11.15 19:27:47.673,1.01787,1.01796,1.11,1.50
2011.11.15 19:27:48.028,1.01785,1.0179,1.11,1.50
2011.11.15 19:27:49.928,1.01784,1.0179,1.11,2.85
2011.11.15 19:27:50.287,1.01781,1.01788,1.11,1.50
2011.11.15 19:27:50.860,1.0178,1.01787,1.11,1.50
2011.11.15 19:27:51.586,1.01781,1.01789,1.49,1.50
2011.11.15 19:27:52.068,1.01781,1.01787,1.13,1.50
2011.11.15 19:27:52.188,1.01781,1.01789,1.49,1.50
2011.11.15 19:27:52.431,1.0178,1.01787,1.11,1.50
2011.11.15 19:27:52.687,1.01777,1.01784,1.11,1.50
2011.11.15 19:27:53.054,1.01776,1.01784,1.11,1.88
2011.11.15 19:27:53.176,1.01777,1.01784,1.11,1.50
2011.11.15 19:27:53.792,1.01776,1.01784,1.11,1.50
2011.11.15 19:27:54.374,1.01776,1.01782,1.49,1.88
2011.11.15 19:27:54.752,1.01778,1.0179,5.10,1.50
2011.11.15 19:27:54.880,1.01781,1.0179,1.11,1.50
2011.11.15 19:27:56.841,1.0178,1.01786,1.13,1.50
2011.11.15 19:27:57.188,1.01781,1.01786,1.11,1.50
2011.11.15 19:27:57.574,1.0178,1.01788,1.11,1.50
2011.11.15 19:27:58.292,1.0178,1.01787,1.11,1.50
2011.11.15 19:27:58.539,1.0178,1.01789,1.49,1.50
2011.11.15 19:27:58.775,1.01781,1.01789,1.49,1.50
2011.11.15 19:28:03.722,1.01781,1.01791,1.49,1.50
2011.11.15 19:28:03.847,1.01781,1.01793,2.24,1.50
2011.11.15 19:28:04.089,1.01784,1.01793,1.49,1.50
2011.11.15 19:28:04.655,1.01784,1.01792,1.49,1.50
2011.11.15 19:28:06.978,1.01784,1.0179,1.49,1.50
2011.11.15 19:28:07.557,1.01783,1.01789,1.13,1.50
2011.11.15 19:28:07.676,1.01784,1.01791,1.11,1.50
2011.11.15 19:28:08.828,1.01784,1.01793,1.11,1.50
2011.11.15 19:28:08.948,1.01784,1.0179,1.49,1.50
2011.11.15 19:28:09.514,1.01783,1.01789,1.13,1.50
2011.11.15 19:28:10.027,1.01784,1.01791,1.11,1.50
2011.11.15 19:28:12.586,1.01784,1.01792,1.11,1.50
2011.11.15 19:28:13.375,1.01784,1.0179,1.11,1.50
2011.11.15 19:28:15.568,1.01784,1.01792,1.11,1.50
2011.11.15 19:28:17.818,1.01784,1.0179,1.11,1.50
2011.11.15 19:28:18.166,1.01784,1.0179,1.13,1.50
2011.11.15 19:28:18.287,1.01784,1.0179,1.49,1.50
2011.11.15 19:28:20.914,1.01784,1.01791,1.11,1.50
2011.11.15 19:28:23.315,1.01784,1.0179,1.11,1.50
2011.11.15 19:28:23.441,1.01783,1.01788,1.11,1.50
2011.11.15 19:28:23.791,1.0178,1.0179,1.49,3.00
2011.11.15 19:28:24.377,1.0178,1.01791,1.49,1.50
2011.11.15 19:28:24.501,1.0178,1.0179,1.49,3.00
2011.11.15 19:28:28.538,1.0178,1.01787,1.49,1.50
2011.11.15 19:28:28.997,1.0178,1.01789,1.49,2.25
