2008.06.05 06:00:03.217,0.95407,0.95431,1.20,0.87
2008.06.05 06:00:06.065,0.95403,0.95422,1.00,1.00
2008.06.05 06:00:06.437,0.95402,0.95422,1.40,2.20
2008.06.05 06:00:06.608,0.95399,0.95422,0.86,2.10
2008.06.05 06:00:06.917,0.95397,0.95422,1.80,1.30
2008.06.05 06:00:07.348,0.95399,0.95422,2.20,0.93
2008.06.05 06:00:11.444,0.95397,0.95417,2.00,0.97
2008.06.05 06:00:18.096,0.95399,0.95419,0.81,1.60
2008.06.05 06:00:18.256,0.95397,0.95419,0.68,1.80
2008.06.05 06:00:18.365,0.95399,0.95419,1.60,2.10
2008.06.05 06:00:18.535,0.95397,0.95419,1.30,0.94
2008.06.05 06:00:18.689,0.95399,0.95419,1.20,0.90
2008.06.05 06:00:18.966,0.95397,0.95419,0.96,2.40
2008.06.05 06:00:19.128,0.95399,0.95419,2.20,1.60
2008.06.05 06:00:19.599,0.95401,0.95419,1.50,0.63
2008.06.05 06:00:20.222,0.95399,0.95421,0.40,1.40
2008.06.05 06:00:20.529,0.95407,0.95421,1.40,1.20
2008.06.05 06:00:21.089,0.95403,0.95425,0.82,0.80
2008.06.05 06:00:21.997,0.954,0.95425,1.50,1.00
2008.06.05 06:00:23.248,0.95399,0.95422,0.78,1.70
2008.06.05 06:00:24.203,0.95397,0.95421,1.00,1.60
2008.06.05 06:00:26.007,0.95402,0.95419,1.50,1.80
2008.06.05 06:00:26.506,0.95407,0.95419,1.40,1.10
2008.06.05 06:00:28.213,0.95399,0.95422,1.80,1.10
2008.06.05 06:00:28.619,0.95397,0.95422,1.70,1.30
2008.06.05 06:00:30.321,0.95398,0.95419,0.72,1.70
2008.06.05 06:00:30.426,0.95401,0.95419,0.74,1.00
2008.06.05 06:00:30.966,0.95407,0.95419,1.20,2.60
2008.06.05 06:00:43.165,0.954,0.95422,0.79,3.00
2008.06.05 06:00:43.881,0.95397,0.95422,1.80,2.20
2008.06.05 06:00:51.132,0.95392,0.95413,1.50,1.50
2008.06.05 06:00:51.971,0.95387,0.95413,1.50,0.81
2008.06.05 06:01:02.131,0.95391,0.95411,3.00,1.60
2008.06.05 06:01:02.854,0.95397,0.95411,1.30,1.20
2008.06.05 06:01:25.352,0.95392,0.95413,0.71,0.92
2008.06.05 06:01:25.817,0.95389,0.95411,0.61,0.94
2008.06.05 06:01:28.125,0.95387,0.95409,1.70,1.40
2008.06.05 06:01:41.242,0.95384,0.95403,1.60,1.50
2008.06.05 06:01:43.774,0.95379,0.95383,3.20,1.80
2008.06.05 06:01:44.380,0.95377,0.95393,1.40,1.20
2008.06.05 06:01:44.555,0.95373,0.95387,1.70,1.00
2008.06.05 06:01:45.096,0.95369,0.95378,1.70,1.30
2008.06.05 06:01:46.424,0.95359,0.95368,0.56,0.23
2008.06.05 06:01:46.654,0.95358,0.95368,0.97,0.90
2008.06.05 06:01:47.245,0.95356,0.95368,0.64,1.70
2008.06.05 06:01:47.508,0.95355,0.95368,0.80,0.78
2008.06.05 06:01:47.715,0.95353,0.95368,1.50,0.89
2008.06.05 06:01:49.564,0.95352,0.95368,0.64,1.30
2008.06.05 06:01:52.498,0.95349,0.95368,0.50,0.67
2008.06.05 06:01:52.590,0.95348,0.95368,1.30,4.00
2008.06.05 06:01:53.087,0.95349,0.95368,1.70,0.92
2008.06.05 06:01:53.790,0.95351,0.95368,4.00,3.40
2008.06.05 06:01:54.970,0.95349,0.95363,0.85,1.00
2008.06.05 06:01:58.073,0.95348,0.95363,0.56,1.10
2008.06.05 06:01:58.623,0.95347,0.95363,1.40,1.20
2008.06.05 06:01:58.795,0.95349,0.95363,1.50,1.00
2008.06.05 06:02:00.182,0.95346,0.95363,1.50,0.52
2008.06.05 06:02:00.617,0.95342,0.95353,3.90,0.74
2008.06.05 06:02:00.927,0.95339,0.95353,1.40,0.63
2008.06.05 06:02:01.222,0.95336,0.95353,1.60,1.90
2008.06.05 06:02:01.878,0.95335,0.95353,1.70,1.50
2008.06.05 06:02:04.959,0.95334,0.95353,2.60,1.30
2008.06.05 06:02:08.440,0.95337,0.95353,1.10,1.40
2008.06.05 06:02:08.792,0.95339,0.95353,0.90,1.60
2008.06.05 06:02:09.038,0.95342,0.95353,1.30,1.00
2008.06.05 06:02:09.985,0.95344,0.95363,2.40,0.76
2008.06.05 06:02:10.732,0.95349,0.95363,1.90,1.40
2008.06.05 06:02:11.019,0.95344,0.95363,1.30,1.10
2008.06.05 06:02:11.986,0.95347,0.95363,0.84,1.40
2008.06.05 06:02:12.664,0.95352,0.95363,1.00,1.10
2008.06.05 06:02:14.377,0.95349,0.95363,2.10,1.30
2008.06.05 06:02:14.679,0.95346,0.95363,0.81,0.73
2008.06.05 06:02:16.340,0.95345,0.95363,0.94,1.90
2008.06.05 06:02:20.664,0.95344,0.95363,1.60,1.40
2008.06.05 06:02:21.210,0.95343,0.95363,0.85,0.65
2008.06.05 06:02:27.163,0.95347,0.95368,1.60,2.60
2008.06.05 06:02:27.981,0.95348,0.95368,1.90,1.30
2008.06.05 06:02:28.057,0.95357,0.95368,1.50,0.39
2008.06.05 06:02:28.205,0.95358,0.95368,1.30,2.40
2008.06.05 06:02:28.492,0.95367,0.95368,1.30,0.83
2008.06.05 06:02:28.626,0.9536,0.95378,2.40,0.87
2008.06.05 06:02:28.722,0.95358,0.95378,1.40,1.20
2008.06.05 06:02:28.909,0.95354,0.95378,0.82,2.20
2008.06.05 06:02:29.298,0.95356,0.95377,1.80,3.40
2008.06.05 06:02:30.157,0.95357,0.95378,2.90,1.30
2008.06.05 06:02:31.369,0.95354,0.95377,0.70,1.70
2008.06.05 06:02:32.162,0.95352,0.95375,3.10,0.58
2008.06.05 06:02:32.508,0.95349,0.95374,0.95,0.97
2008.06.05 06:02:33.059,0.95352,0.95375,1.40,0.97
2008.06.05 06:02:35.592,0.95353,0.95374,3.30,2.10
2008.06.05 06:02:36.009,0.9535,0.95375,2.70,0.61
2008.06.05 06:02:37.347,0.95349,0.95374,1.70,0.72
2008.06.05 06:02:37.592,0.95347,0.95371,2.50,1.30
2008.06.05 06:02:38.152,0.95342,0.95367,1.30,2.10
2008.06.05 06:02:39.209,0.95341,0.95367,2.30,0.92
2008.06.05 06:02:39.506,0.95339,0.95364,1.80,3.60
2008.06.05 06:02:41.212,0.95342,0.95364,1.70,1.00
2008.06.05 06:02:41.578,0.95347,0.95364,0.80,2.00
2008.06.05 06:02:47.283,0.95338,0.95353,1.70,1.50
2008.06.05 06:02:47.742,0.95337,0.95353,0.73,1.80
2008.06.05 06:02:48.359,0.95333,0.95353,1.60,0.83
2008.06.05 06:02:48.564,0.95328,0.95349,0.65,2.60
2008.06.05 06:02:53.433,0.95327,0.95343,0.70,1.70
2008.06.05 06:02:54.175,0.9533,0.95343,1.20,0.88
2008.06.05 06:02:54.830,0.95337,0.95344,1.30,0.99
2008.06.05 06:02:55.226,0.9533,0.95343,2.10,0.76
2008.06.05 06:02:55.607,0.95328,0.95343,1.60,0.72
2008.06.05 06:02:55.895,0.95327,0.95343,0.73,1.30
2008.06.05 06:02:56.324,0.95318,0.95341,2.30,1.90
2008.06.05 06:02:56.748,0.95317,0.95341,1.30,1.20
2008.06.05 06:03:02.165,0.95318,0.95337,1.10,0.61
2008.06.05 06:03:02.740,0.95327,0.95337,3.50,1.10
2008.06.05 06:03:05.092,0.95319,0.95333,1.30,1.00
2008.06.05 06:03:05.370,0.95318,0.95333,1.00,4.00
2008.06.05 06:03:05.828,0.95317,0.95333,0.84,1.20
2008.06.05 06:03:11.110,0.95311,0.95333,0.67,3.00
2008.06.05 06:03:11.561,0.95313,0.95333,1.20,0.88
2008.06.05 06:03:11.914,0.95312,0.95333,0.82,1.10
2008.06.05 06:03:12.145,0.95309,0.95333,0.82,1.50
2008.06.05 06:03:12.616,0.95308,0.95333,1.10,0.69
2008.06.05 06:03:15.802,0.95307,0.95333,1.20,2.20
2008.06.05 06:03:18.280,0.95308,0.95332,1.40,1.90
2008.06.05 06:03:18.930,0.95317,0.95332,2.40,1.00
2008.06.05 06:03:24.479,0.9532,0.95341,1.20,0.97
2008.06.05 06:03:24.918,0.95327,0.95341,1.30,0.80
2008.06.05 06:03:32.004,0.95328,0.95351,0.65,0.65
2008.06.05 06:03:32.851,0.95337,0.95351,2.00,1.20
2008.06.05 06:03:34.095,0.95338,0.95353,1.20,1.10
2008.06.05 06:03:34.366,0.95342,0.95362,1.30,1.90
2008.06.05 06:03:34.499,0.95339,0.95362,2.00,1.70
2008.06.05 06:03:34.772,0.95343,0.95362,1.70,1.30
2008.06.05 06:03:34.953,0.95347,0.95362,1.50,2.10
2008.06.05 06:03:35.096,0.95349,0.95371,2.30,1.20
2008.06.05 06:03:35.700,0.95347,0.95371,2.20,1.10
2008.06.05 06:03:37.326,0.95342,0.95363,1.60,0.50
2008.06.05 06:03:37.884,0.9534,0.95362,1.10,2.30
2008.06.05 06:03:43.079,0.95339,0.95365,0.85,1.30
2008.06.05 06:03:43.358,0.9534,0.95365,0.45,0.67
2008.06.05 06:03:43.593,0.95341,0.95365,1.40,1.40
2008.06.05 06:03:43.629,0.95343,0.95365,1.20,2.10
2008.06.05 06:03:43.932,0.95347,0.95365,0.48,1.20
2008.06.05 06:04:09.090,0.95348,0.95363,1.40,1.40
2008.06.05 06:04:09.477,0.95353,0.9536,1.40,1.20
2008.06.05 06:04:09.855,0.95357,0.9536,0.68,0.90
2008.06.05 06:04:16.167,0.95352,0.95368,0.61,1.90
2008.06.05 06:04:16.612,0.95348,0.95368,1.10,1.70
2008.06.05 06:04:17.616,0.95351,0.95373,1.40,2.40
2008.06.05 06:04:18.256,0.95348,0.95373,0.59,1.20
2008.06.05 06:04:25.127,0.95346,0.95353,1.50,1.40
2008.06.05 06:04:25.319,0.95343,0.95353,1.80,1.60
2008.06.05 06:04:25.532,0.95339,0.95353,0.55,0.52
2008.06.05 06:04:25.944,0.95337,0.95353,1.20,1.90
2008.06.05 06:04:28.151,0.95332,0.95353,1.60,0.64
2008.06.05 06:04:28.573,0.95328,0.95353,0.80,1.30
2008.06.05 06:04:33.327,0.95327,0.95348,2.40,1.10
2008.06.05 06:04:33.352,0.95326,0.95346,0.54,1.60
2008.06.05 06:04:33.939,0.95324,0.95346,1.10,1.50
2008.06.05 06:04:34.578,0.95318,0.95337,1.10,2.10
2008.06.05 06:04:42.182,0.95307,0.95323,2.10,2.00
2008.06.05 06:04:42.646,0.9531,0.95327,1.90,2.60
2008.06.05 06:04:42.806,0.95311,0.9533,1.10,2.80
2008.06.05 06:04:44.523,0.95317,0.95334,2.20,0.95
2008.06.05 06:04:46.291,0.95318,0.95339,0.98,0.96
2008.06.05 06:04:46.721,0.95315,0.95338,1.00,0.78
2008.06.05 06:04:48.910,0.95314,0.95337,0.66,1.70
2008.06.05 06:04:49.283,0.95307,0.95323,2.20,1.10
2008.06.05 06:04:49.522,0.95308,0.95323,1.40,2.30
2008.06.05 06:04:49.718,0.95311,0.95323,0.57,0.71
2008.06.05 06:04:50.794,0.95313,0.95331,0.75,2.70
2008.06.05 06:04:53.118,0.95311,0.9533,2.10,1.50
2008.06.05 06:04:53.241,0.95309,0.95323,3.20,1.70
2008.06.05 06:04:53.415,0.95307,0.95323,1.10,1.30
2008.06.05 06:04:53.724,0.95309,0.95323,0.78,1.90
2008.06.05 06:04:53.839,0.95307,0.95323,1.10,0.98
2008.06.05 06:04:58.013,0.95303,0.95318,1.20,1.00
2008.06.05 06:04:58.421,0.95302,0.95318,1.90,2.70
2008.06.05 06:04:58.736,0.95297,0.95313,0.99,2.10
2008.06.05 06:05:02.245,0.95298,0.95322,2.20,1.10
2008.06.05 06:05:02.557,0.95307,0.95322,1.40,1.20
2008.06.05 06:05:04.252,0.95309,0.9533,1.20,0.87
2008.06.05 06:05:06.078,0.95307,0.95322,3.60,1.90
2008.06.05 06:05:06.792,0.95302,0.95318,2.60,0.80
2008.06.05 06:05:07.924,0.95299,0.95313,1.10,0.72
2008.06.05 06:05:09.134,0.95306,0.95313,1.70,0.72
2008.06.05 06:05:09.946,0.95307,0.95318,1.80,1.20
2008.06.05 06:05:14.160,0.95308,0.95331,1.40,3.10
2008.06.05 06:05:14.974,0.95317,0.95331,1.10,1.20
2008.06.05 06:05:15.240,0.95318,0.95333,0.74,1.80
2008.06.05 06:05:15.414,0.95322,0.95339,0.96,1.30
2008.06.05 06:05:15.969,0.95318,0.95339,1.00,1.10
2008.06.05 06:05:16.245,0.95319,0.95344,1.40,1.30
2008.06.05 06:05:16.665,0.9532,0.95345,0.71,0.98
2008.06.05 06:05:16.782,0.95322,0.95345,0.83,0.71
2008.06.05 06:05:17.071,0.95324,0.95346,2.90,2.60
2008.06.05 06:05:17.413,0.95321,0.95343,0.93,2.40
2008.06.05 06:05:17.977,0.9532,0.95343,1.50,1.50
2008.06.05 06:05:18.985,0.95327,0.95343,1.90,1.20
2008.06.05 06:05:20.015,0.95325,0.95341,0.74,3.60
2008.06.05 06:05:22.757,0.95319,0.95336,0.74,2.30
2008.06.05 06:05:23.402,0.95317,0.95331,0.81,1.40
2008.06.05 06:05:23.536,0.95312,0.95331,0.46,0.67
2008.06.05 06:05:25.413,0.95317,0.95331,1.80,1.30
2008.06.05 06:05:27.260,0.95312,0.95323,1.20,0.77
2008.06.05 06:05:27.528,0.95308,0.95323,1.80,1.20
2008.06.05 06:05:27.967,0.95307,0.95323,2.00,0.92
2008.06.05 06:05:40.672,0.95309,0.95329,2.40,2.70
2008.06.05 06:05:47.312,0.95312,0.95331,2.20,0.87
2008.06.05 06:05:47.616,0.95317,0.95331,1.60,1.60
2008.06.05 06:05:48.358,0.95318,0.95333,0.57,1.20
2008.06.05 06:05:48.851,0.95317,0.95333,0.93,1.00
2008.06.05 06:05:49.365,0.95319,0.95333,0.98,0.79
2008.06.05 06:05:49.580,0.9532,0.95343,0.96,1.20
2008.06.05 06:05:50.362,0.95325,0.95344,1.50,0.90
2008.06.05 06:05:50.865,0.95327,0.95344,0.67,1.40
2008.06.05 06:05:53.105,0.95325,0.95333,1.10,1.60
2008.06.05 06:05:53.885,0.95317,0.95333,1.20,2.00
2008.06.05 06:05:54.242,0.95318,0.95338,1.20,0.97
2008.06.05 06:05:54.765,0.95319,0.95338,1.30,1.40
2008.06.05 06:05:57.877,0.95321,0.95344,0.85,0.54
2008.06.05 06:05:58.158,0.95319,0.95344,2.30,1.20
2008.06.05 06:05:58.471,0.95324,0.95344,2.10,2.00
2008.06.05 06:05:58.808,0.95327,0.95345,1.50,1.40
2008.06.05 06:06:08.946,0.95328,0.9535,1.80,2.50
2008.06.05 06:06:42.158,0.95325,0.95343,0.99,0.96
2008.06.05 06:06:42.376,0.95323,0.95343,0.88,1.70
2008.06.05 06:06:42.802,0.95322,0.95339,1.40,1.20
2008.06.05 06:06:46.211,0.95321,0.95339,0.73,2.70
2008.06.05 06:06:46.747,0.95319,0.95339,1.80,1.40
2008.06.05 06:06:52.653,0.95318,0.95339,1.70,3.10
2008.06.05 06:06:57.025,0.95317,0.95339,2.10,1.20
2008.06.05 06:06:57.579,0.95315,0.95337,2.00,0.94
2008.06.05 06:06:58.314,0.95314,0.95336,0.50,0.78
2008.06.05 06:07:01.202,0.95312,0.95336,0.79,0.57
2008.06.05 06:07:09.417,0.95309,0.95331,1.00,0.84
2008.06.05 06:07:09.585,0.95308,0.95331,0.64,1.10
2008.06.05 06:07:10.554,0.95307,0.95323,1.50,0.54
2008.06.05 06:07:12.242,0.95305,0.95323,0.54,0.87
2008.06.05 06:07:12.351,0.95302,0.95323,3.40,3.50
2008.06.05 06:07:12.963,0.95301,0.95323,1.80,1.40
2008.06.05 06:07:15.656,0.95307,0.95321,0.90,0.88
2008.06.05 06:07:16.097,0.95306,0.95323,2.00,3.20
2008.06.05 06:07:16.295,0.95304,0.95323,1.00,2.40
2008.06.05 06:07:16.529,0.95302,0.95323,0.99,1.90
2008.06.05 06:07:16.846,0.953,0.95323,1.00,0.82
2008.06.05 06:07:26.074,0.95317,0.95323,3.60,1.90
2008.06.05 06:07:26.338,0.95309,0.95328,1.40,1.20
2008.06.05 06:07:26.576,0.95308,0.95328,1.00,1.40
2008.06.05 06:07:26.958,0.95301,0.95326,1.90,1.30
2008.06.05 06:07:27.207,0.953,0.95322,2.10,1.10
2008.06.05 06:07:27.372,0.95302,0.95324,2.30,1.20
2008.06.05 06:07:27.973,0.95307,0.95323,1.10,1.10
2008.06.05 06:07:32.396,0.95302,0.95313,2.60,0.71
2008.06.05 06:07:32.968,0.95297,0.95313,2.00,0.69
2008.06.05 06:07:49.486,0.95298,0.95318,1.60,0.84
2008.06.05 06:08:10.760,0.953,0.95321,2.50,1.30
2008.06.05 06:08:11.098,0.95301,0.95321,0.84,0.55
2008.06.05 06:08:11.542,0.95307,0.95321,1.10,1.90
2008.06.05 06:08:13.018,0.95303,0.95327,5.60,1.90
2008.06.05 06:08:13.528,0.95301,0.95327,2.40,0.75
2008.06.05 06:08:14.427,0.953,0.95322,1.50,1.80
2008.06.05 06:08:14.693,0.95301,0.95322,1.50,1.50
2008.06.05 06:08:20.110,0.95307,0.95323,0.68,1.70
2008.06.05 06:08:24.208,0.9531,0.95323,0.80,1.70
2008.06.05 06:08:24.843,0.95317,0.95327,0.77,1.80
2008.06.05 06:08:25.106,0.95311,0.95333,2.90,0.94
2008.06.05 06:08:25.343,0.95309,0.95333,1.60,3.10
2008.06.05 06:08:25.942,0.95311,0.95333,1.70,0.57
2008.06.05 06:08:26.215,0.95313,0.95334,2.40,0.87
2008.06.05 06:08:26.679,0.95317,0.95334,1.50,1.80
2008.06.05 06:08:27.282,0.95322,0.95339,0.91,0.85
2008.06.05 06:08:27.606,0.95318,0.95339,1.20,1.00
2008.06.05 06:08:27.845,0.95321,0.95339,0.95,1.20
2008.06.05 06:08:28.237,0.95318,0.95339,1.00,1.30
2008.06.05 06:08:28.552,0.95317,0.95339,1.60,2.20
2008.06.05 06:08:48.213,0.9532,0.95333,0.63,1.60
2008.06.05 06:08:48.764,0.95322,0.95337,2.30,2.30
2008.06.05 06:08:49.038,0.95327,0.95342,0.77,1.70
2008.06.05 06:08:52.491,0.95322,0.95342,1.20,1.60
2008.06.05 06:08:52.826,0.9532,0.95342,1.20,1.30
2008.06.05 06:08:53.331,0.95318,0.95342,4.20,1.40
2008.06.05 06:08:53.661,0.95317,0.95339,0.62,0.82
2008.06.05 06:08:53.969,0.95315,0.95334,1.60,0.95
2008.06.05 06:08:56.777,0.9531,0.95333,0.59,0.74
2008.06.05 06:08:57.125,0.95309,0.95333,1.50,1.40
2008.06.05 06:08:58.402,0.95311,0.95334,0.51,1.30
2008.06.05 06:08:59.175,0.9531,0.95334,0.83,1.20
2008.06.05 06:09:00.185,0.95311,0.95334,1.40,1.30
2008.06.05 06:09:08.086,0.95315,0.95334,2.00,1.80
2008.06.05 06:09:08.900,0.95317,0.95334,1.30,1.80
2008.06.05 06:09:09.455,0.95315,0.95333,1.60,2.00
2008.06.05 06:09:09.760,0.95317,0.95333,1.80,2.30
2008.06.05 06:09:12.179,0.95316,0.95333,1.40,1.50
2008.06.05 06:09:14.224,0.95317,0.95333,1.90,1.00
2008.06.05 06:09:16.737,0.95316,0.95333,2.70,2.10
2008.06.05 06:09:18.593,0.95317,0.95333,0.44,1.40
2008.06.05 06:09:21.492,0.95316,0.95333,1.20,1.50
2008.06.05 06:09:22.856,0.95317,0.9534,1.20,0.93
2008.06.05 06:09:24.467,0.95321,0.9534,7.60,1.80
2008.06.05 06:09:24.535,0.95327,0.9534,2.00,0.84
2008.06.05 06:09:25.205,0.95322,0.95343,1.10,0.91
2008.06.05 06:09:25.654,0.95318,0.95342,1.50,1.10
2008.06.05 06:09:25.993,0.95317,0.95341,1.90,2.20
2008.06.05 06:09:33.441,0.95315,0.95328,0.90,1.80
2008.06.05 06:09:33.931,0.95314,0.95328,1.10,1.00
2008.06.05 06:09:34.914,0.95312,0.95328,0.74,3.10
2008.06.05 06:09:36.354,0.95311,0.95328,1.00,1.30
2008.06.05 06:09:46.317,0.95313,0.95328,1.00,1.70
2008.06.05 06:09:46.754,0.95315,0.95328,1.20,3.00
2008.06.05 06:09:50.744,0.95317,0.95333,4.40,0.94
2008.06.05 06:09:52.265,0.95315,0.95333,0.87,2.70
2008.06.05 06:09:55.090,0.95317,0.95333,1.50,1.60
2008.06.05 06:10:14.374,0.95328,0.95333,0.52,1.60
2008.06.05 06:10:14.771,0.95318,0.95333,1.60,0.85
2008.06.05 06:10:16.368,0.9532,0.95333,1.60,1.60
2008.06.05 06:10:16.574,0.95322,0.95333,1.00,1.20
2008.06.05 06:10:17.108,0.95315,0.95323,1.40,1.30
2008.06.05 06:10:17.786,0.95312,0.95323,2.10,1.40
2008.06.05 06:10:18.036,0.95311,0.95313,0.56,0.44
2008.06.05 06:10:18.526,0.95307,0.95313,2.20,0.52
2008.06.05 06:10:18.844,0.9531,0.95313,1.20,1.30
2008.06.05 06:10:19.247,0.95308,0.95328,1.80,2.10
2008.06.05 06:10:19.471,0.95305,0.95313,2.40,1.70
2008.06.05 06:10:19.811,0.95307,0.95323,1.30,2.50
2008.06.05 06:10:20.147,0.9531,0.95323,2.30,0.92
2008.06.05 06:10:20.712,0.95311,0.95327,1.30,5.50
2008.06.05 06:10:21.326,0.9531,0.95331,1.20,1.20
2008.06.05 06:10:21.746,0.95307,0.95323,0.85,2.30
2008.06.05 06:10:22.032,0.95301,0.95313,0.98,2.80
2008.06.05 06:10:22.578,0.95298,0.95313,0.38,1.50
2008.06.05 06:10:23.430,0.953,0.95322,1.10,1.60
2008.06.05 06:10:23.808,0.95301,0.95323,1.30,2.00
2008.06.05 06:10:25.418,0.95298,0.95313,1.50,1.20
2008.06.05 06:10:26.297,0.95297,0.95313,1.60,1.50
2008.06.05 06:10:28.303,0.95293,0.95303,1.60,4.60
2008.06.05 06:10:28.542,0.95292,0.95303,0.94,1.10
2008.06.05 06:10:28.994,0.95287,0.95303,0.58,0.95
2008.06.05 06:10:29.315,0.95289,0.95303,0.73,0.81
2008.06.05 06:10:29.512,0.95287,0.9531,0.65,2.70
2008.06.05 06:10:33.329,0.95285,0.95293,1.10,1.90
2008.06.05 06:10:33.394,0.95283,0.95293,1.20,1.00
2008.06.05 06:10:33.913,0.95277,0.95293,1.00,3.60
2008.06.05 06:10:37.870,0.95278,0.95299,0.76,1.50
2008.06.05 06:10:41.421,0.95277,0.95293,1.10,2.10
2008.06.05 06:10:42.694,0.95279,0.953,1.20,1.00
2008.06.05 06:10:43.463,0.95278,0.95293,1.30,0.89
2008.06.05 06:10:43.567,0.95277,0.95293,1.10,0.40
2008.06.05 06:10:55.590,0.95279,0.953,0.95,0.98
2008.06.05 06:10:56.010,0.95277,0.95293,1.50,1.10
2008.06.05 06:10:56.689,0.95279,0.953,1.20,2.20
2008.06.05 06:10:57.908,0.95287,0.95303,0.66,2.50
2008.06.05 06:10:58.129,0.95288,0.95303,1.80,0.91
2008.06.05 06:10:58.403,0.95287,0.95303,1.40,1.20
2008.06.05 06:10:58.669,0.95284,0.95303,1.50,2.10
2008.06.05 06:10:58.853,0.95281,0.95303,2.00,2.60
2008.06.05 06:11:01.533,0.95277,0.95293,1.00,0.85
2008.06.05 06:11:02.745,0.95278,0.953,1.20,2.10
2008.06.05 06:11:08.826,0.95277,0.95293,0.95,2.70
2008.06.05 06:11:09.090,0.95279,0.95293,1.50,1.20
2008.06.05 06:11:09.292,0.95283,0.95293,2.30,2.30
2008.06.05 06:11:09.445,0.95287,0.953,2.30,1.60
2008.06.05 06:11:09.664,0.95284,0.95303,0.81,0.98
2008.06.05 06:11:09.802,0.95281,0.95303,0.49,1.10
2008.06.05 06:11:10.083,0.9528,0.95303,2.50,2.50
2008.06.05 06:11:10.427,0.95281,0.95303,0.80,1.60
2008.06.05 06:11:10.836,0.9528,0.95303,0.85,3.50
2008.06.05 06:11:13.270,0.95284,0.95303,1.20,1.70
2008.06.05 06:11:16.143,0.95287,0.95303,0.99,1.30
2008.06.05 06:11:16.607,0.95288,0.95303,1.30,3.20
2008.06.05 06:11:32.268,0.95291,0.95309,2.20,1.40
2008.06.05 06:11:36.528,0.95292,0.95312,2.70,1.10
2008.06.05 06:11:39.611,0.95294,0.95313,1.70,0.80
2008.06.05 06:11:41.758,0.95292,0.95313,0.61,1.30
2008.06.05 06:11:45.249,0.95295,0.95313,2.90,0.62
2008.06.05 06:11:46.518,0.95294,0.95313,1.20,1.60
2008.06.05 06:11:47.039,0.95297,0.95313,0.90,1.60
2008.06.05 06:11:47.395,0.953,0.95316,1.20,1.40
2008.06.05 06:11:47.540,0.95301,0.95316,2.90,3.00
2008.06.05 06:11:47.838,0.953,0.95319,0.67,0.93
2008.06.05 06:11:48.198,0.95301,0.95323,0.83,1.80
2008.06.05 06:11:48.514,0.95298,0.95313,2.60,1.50
2008.06.05 06:11:49.835,0.95295,0.95313,1.70,0.86
2008.06.05 06:11:52.120,0.95294,0.95313,1.10,2.20
2008.06.05 06:11:53.411,0.95292,0.95313,1.50,1.40
2008.06.05 06:11:55.800,0.95291,0.95313,1.40,0.87
2008.06.05 06:12:05.481,0.95287,0.95303,2.30,0.98
2008.06.05 06:12:06.758,0.95288,0.95309,0.66,2.30
2008.06.05 06:12:07.481,0.9529,0.95309,2.00,0.81
2008.06.05 06:12:07.644,0.95291,0.95309,1.90,1.50
2008.06.05 06:12:15.703,0.95288,0.95309,1.50,1.60
2008.06.05 06:12:16.134,0.9529,0.95309,0.55,2.10
2008.06.05 06:12:16.844,0.95291,0.95309,3.60,2.70
2008.06.05 06:12:17.082,0.95278,0.95293,0.77,2.50
2008.06.05 06:12:17.213,0.95277,0.95293,2.00,0.77
2008.06.05 06:12:17.558,0.95278,0.95293,1.50,1.40
2008.06.05 06:12:17.723,0.95279,0.95301,1.50,3.20
2008.06.05 06:12:17.843,0.95281,0.95303,1.90,2.60
2008.06.05 06:12:21.031,0.95284,0.95303,1.70,1.20
2008.06.05 06:12:21.562,0.95283,0.95303,0.63,0.68
2008.06.05 06:12:21.987,0.95281,0.95303,3.00,1.10
2008.06.05 06:12:22.148,0.95283,0.95303,2.20,0.85
2008.06.05 06:12:22.781,0.95281,0.95303,0.96,0.85
2008.06.05 06:12:23.375,0.95283,0.95303,1.30,1.00
2008.06.05 06:12:23.890,0.95281,0.95303,1.10,1.00
2008.06.05 06:12:24.260,0.95283,0.95303,3.50,1.30
2008.06.05 06:12:26.073,0.95281,0.95303,1.40,0.57
2008.06.05 06:12:29.769,0.95287,0.95303,0.64,1.50
2008.06.05 06:12:30.328,0.95284,0.95303,0.79,0.98
2008.06.05 06:12:31.447,0.95287,0.95303,1.50,2.40
2008.06.05 06:12:32.624,0.95284,0.95303,1.20,2.50
2008.06.05 06:12:33.018,0.95287,0.95303,0.48,1.40
2008.06.05 06:12:33.984,0.95285,0.95303,0.27,0.97
2008.06.05 06:12:34.694,0.95287,0.95305,0.99,2.80
2008.06.05 06:12:35.679,0.95288,0.95306,1.80,0.39
2008.06.05 06:12:38.544,0.95285,0.95303,2.20,0.54
2008.06.05 06:12:39.625,0.95284,0.95303,1.80,1.10
2008.06.05 06:12:41.258,0.95283,0.95303,1.70,0.83
2008.06.05 06:12:45.796,0.95285,0.95303,1.50,1.20
2008.06.05 06:12:46.643,0.95284,0.95303,0.76,0.68
2008.06.05 06:12:49.438,0.95285,0.95303,0.35,1.40
2008.06.05 06:12:51.590,0.95284,0.95303,0.55,1.50
2008.06.05 06:12:53.540,0.95283,0.95303,0.80,1.90
2008.06.05 06:12:54.790,0.95281,0.95303,2.50,2.00
2008.06.05 06:12:56.351,0.95287,0.95303,1.10,2.50
2008.06.05 06:12:57.122,0.95277,0.95293,1.50,2.20
2008.06.05 06:12:58.248,0.9528,0.95299,1.90,2.50
2008.06.05 06:12:59.580,0.95281,0.95303,0.89,3.00
2008.06.05 06:13:04.188,0.95277,0.95293,0.93,0.40
2008.06.05 06:13:04.897,0.95275,0.95293,1.20,1.40
2008.06.05 06:13:05.047,0.9527,0.95293,1.10,2.40
2008.06.05 06:13:07.279,0.95269,0.95293,1.90,2.80
2008.06.05 06:13:07.513,0.9527,0.95293,1.40,0.95
2008.06.05 06:13:07.895,0.95271,0.95293,2.70,1.30
2008.06.05 06:13:09.104,0.95267,0.95287,2.30,1.80
2008.06.05 06:13:09.754,0.95268,0.95292,0.61,1.00
2008.06.05 06:13:10.307,0.9527,0.95293,1.70,1.80
2008.06.05 06:13:10.802,0.95271,0.95293,1.40,2.50
2008.06.05 06:13:11.368,0.95272,0.95293,1.30,1.30
2008.06.05 06:13:11.954,0.95277,0.95293,0.92,1.50
2008.06.05 06:13:12.214,0.95275,0.95293,0.65,0.89
2008.06.05 06:13:12.744,0.95273,0.95293,0.72,1.50
2008.06.05 06:13:15.834,0.9527,0.95293,0.63,4.30
2008.06.05 06:13:16.631,0.95271,0.95293,0.73,2.10
2008.06.05 06:13:18.166,0.95272,0.95293,0.92,1.20
2008.06.05 06:13:18.203,0.95271,0.95293,1.90,0.55
2008.06.05 06:13:18.415,0.95275,0.95293,1.80,2.20
2008.06.05 06:13:18.687,0.95277,0.95293,1.30,1.00
2008.06.05 06:13:18.840,0.95275,0.95293,2.00,2.50
2008.06.05 06:13:19.206,0.95273,0.95291,1.10,2.80
2008.06.05 06:13:20.067,0.95271,0.95291,2.00,1.40
2008.06.05 06:13:24.985,0.95277,0.95291,1.50,1.30
2008.06.05 06:13:26.402,0.95274,0.95293,2.30,1.60
2008.06.05 06:13:26.978,0.95271,0.95292,1.60,0.67
2008.06.05 06:13:28.431,0.95277,0.95293,1.70,3.30
2008.06.05 06:13:31.406,0.95287,0.95299,0.85,1.60
2008.06.05 06:13:34.085,0.95284,0.95293,1.00,0.98
2008.06.05 06:13:34.559,0.95277,0.95293,1.80,2.30
2008.06.05 06:13:36.882,0.95287,0.95302,1.10,0.69
2008.06.05 06:13:38.274,0.95284,0.95303,0.79,0.70
2008.06.05 06:13:38.871,0.95281,0.95302,1.40,1.30
2008.06.05 06:13:39.033,0.95287,0.95303,2.60,1.50
2008.06.05 06:13:53.013,0.95284,0.95299,0.95,2.10
2008.06.05 06:13:53.501,0.95281,0.95299,0.55,2.40
2008.06.05 06:13:56.388,0.95283,0.95299,0.69,0.77
2008.06.05 06:13:57.942,0.95277,0.95293,2.30,2.40
2008.06.05 06:14:02.270,0.95274,0.95293,2.70,0.89
2008.06.05 06:14:03.018,0.95277,0.95293,1.00,1.10
2008.06.05 06:14:03.328,0.95276,0.95298,0.83,1.30
2008.06.05 06:14:03.557,0.95274,0.95298,2.40,1.30
2008.06.05 06:14:03.994,0.95278,0.95298,1.30,1.90
2008.06.05 06:14:06.377,0.95274,0.95293,1.60,0.97
2008.06.05 06:14:06.993,0.95277,0.95293,1.60,0.80
2008.06.05 06:14:07.006,0.95276,0.95293,1.40,0.93
2008.06.05 06:14:07.432,0.95274,0.95293,1.10,1.40
2008.06.05 06:14:07.891,0.95277,0.95293,2.00,0.92
2008.06.05 06:14:08.410,0.95274,0.95293,0.92,2.00
2008.06.05 06:14:08.587,0.95273,0.95293,1.30,0.80
2008.06.05 06:14:11.033,0.95277,0.95293,1.10,1.90
2008.06.05 06:14:16.159,0.95274,0.95293,0.61,1.10
2008.06.05 06:14:16.506,0.95271,0.95293,1.70,0.81
2008.06.05 06:14:19.327,0.95272,0.95293,1.20,2.10
2008.06.05 06:14:19.695,0.95277,0.95293,1.10,1.60
2008.06.05 06:14:24.293,0.95275,0.95293,0.81,1.80
2008.06.05 06:14:24.507,0.95273,0.95293,2.40,2.10
2008.06.05 06:14:25.616,0.95277,0.95293,1.20,1.20
2008.06.05 06:14:32.384,0.9528,0.95299,0.63,1.00
2008.06.05 06:14:34.591,0.9528,0.95299,2.00,1.10
2008.06.05 06:14:36.153,0.95278,0.95297,1.40,4.40
2008.06.05 06:14:36.512,0.95273,0.95293,1.50,1.60
2008.06.05 06:14:36.907,0.95274,0.95293,1.50,1.70
2008.06.05 06:14:38.929,0.95273,0.95293,1.20,0.98
2008.06.05 06:14:40.909,0.95271,0.95293,0.89,2.40
2008.06.05 06:14:44.304,0.95277,0.95293,2.60,1.50
2008.06.05 06:14:45.141,0.95267,0.95283,0.28,1.30
2008.06.05 06:14:46.156,0.95269,0.95283,1.10,1.50
2008.06.05 06:14:46.719,0.95271,0.95291,1.00,0.38
2008.06.05 06:14:48.312,0.95267,0.95283,0.81,1.20
2008.06.05 06:14:48.805,0.95269,0.95283,1.60,1.20
2008.06.05 06:14:49.021,0.9527,0.95293,1.70,1.40
2008.06.05 06:14:49.655,0.95271,0.95293,1.40,1.70
2008.06.05 06:14:50.444,0.95272,0.95293,1.90,2.30
2008.06.05 06:14:50.740,0.95277,0.95293,1.20,1.90
2008.06.05 06:14:55.085,0.95274,0.95293,1.50,2.10
2008.06.05 06:14:56.282,0.95273,0.95293,1.40,1.80
2008.06.05 06:14:56.598,0.95274,0.95293,1.00,1.60
2008.06.05 06:14:56.788,0.95277,0.95293,2.20,0.57
2008.06.05 06:14:57.958,0.95274,0.95293,1.60,0.68
2008.06.05 06:14:58.285,0.95277,0.95293,1.60,0.95
2008.06.05 06:15:01.115,0.95278,0.95298,1.40,0.90
2008.06.05 06:15:01.738,0.9528,0.953,1.40,1.70
2008.06.05 06:15:02.121,0.95287,0.953,0.89,2.10
2008.06.05 06:15:05.686,0.95277,0.95293,0.80,0.79
2008.06.05 06:15:06.342,0.9528,0.95293,0.74,1.20
2008.06.05 06:15:06.908,0.95287,0.95301,1.80,3.80
2008.06.05 06:15:10.919,0.95284,0.95303,1.60,1.80
2008.06.05 06:15:11.971,0.9529,0.95307,1.60,1.60
2008.06.05 06:15:13.428,0.95297,0.95313,1.20,1.60
2008.06.05 06:15:14.415,0.95292,0.95313,1.40,1.00
2008.06.05 06:15:14.635,0.95291,0.95311,2.30,1.70
2008.06.05 06:15:18.602,0.95287,0.95303,1.10,0.86
2008.06.05 06:15:28.819,0.95288,0.95303,0.75,1.80
2008.06.05 06:15:46.127,0.95297,0.95311,1.80,1.40
2008.06.05 06:15:46.820,0.95298,0.95313,1.30,0.67
2008.06.05 06:15:47.727,0.95295,0.95313,1.20,1.20
2008.06.05 06:15:48.930,0.95288,0.95303,0.75,3.90
2008.06.05 06:16:25.036,0.9529,0.95303,0.95,1.20
2008.06.05 06:16:25.512,0.95297,0.95311,1.10,2.60
2008.06.05 06:16:25.857,0.95298,0.95313,1.10,1.10
2008.06.05 06:16:26.173,0.95295,0.95313,1.70,0.41
2008.06.05 06:16:27.398,0.95294,0.95313,0.91,2.30
2008.06.05 06:16:28.133,0.95297,0.95313,2.10,1.50
2008.06.05 06:16:28.839,0.95298,0.95313,0.75,3.80
2008.06.05 06:16:31.126,0.953,0.95313,0.53,1.70
2008.06.05 06:16:31.263,0.95301,0.95313,1.40,0.70
2008.06.05 06:16:31.614,0.95307,0.95319,1.60,1.80
2008.06.05 06:16:31.784,0.95308,0.95319,5.00,3.00
2008.06.05 06:16:33.991,0.95298,0.95313,1.40,1.40
2008.06.05 06:16:34.296,0.95295,0.95313,0.65,0.83
2008.06.05 06:16:35.302,0.95297,0.95314,0.82,0.76
2008.06.05 06:16:36.247,0.953,0.95314,0.57,1.40
2008.06.05 06:16:36.534,0.95307,0.95314,1.80,0.51
2008.06.05 06:16:36.847,0.95308,0.95321,1.20,0.77
2008.06.05 06:16:37.835,0.95304,0.95318,0.87,2.60
2008.06.05 06:16:38.527,0.95295,0.95313,1.10,2.10
2008.06.05 06:16:39.250,0.95285,0.95303,0.85,2.00
2008.06.05 06:16:40.418,0.95288,0.95304,1.30,1.50
2008.06.05 06:16:43.402,0.9529,0.95308,1.30,1.30
2008.06.05 06:16:43.755,0.95292,0.9531,2.50,0.82
2008.06.05 06:16:44.328,0.95295,0.95318,1.00,3.20
2008.06.05 06:16:44.625,0.95297,0.95318,0.76,0.62
2008.06.05 06:16:44.853,0.953,0.95319,1.60,1.20
2008.06.05 06:16:45.971,0.95301,0.95324,0.73,1.20
2008.06.05 06:16:46.319,0.95298,0.95313,1.10,1.30
2008.06.05 06:16:53.744,0.95295,0.95313,0.72,1.40
2008.06.05 06:16:57.063,0.95297,0.95313,2.40,0.99
2008.06.05 06:16:57.442,0.95298,0.95313,1.10,1.10
2008.06.05 06:16:57.823,0.95295,0.95313,0.90,1.20
2008.06.05 06:17:00.181,0.95297,0.95313,1.00,1.00
2008.06.05 06:17:00.990,0.95298,0.95313,0.90,0.89
2008.06.05 06:17:02.538,0.95294,0.95313,2.60,1.10
2008.06.05 06:17:04.231,0.95292,0.95313,0.90,0.31
2008.06.05 06:17:07.398,0.95288,0.95303,2.10,0.62
2008.06.05 06:17:07.630,0.95285,0.95303,0.77,1.40
2008.06.05 06:17:08.063,0.95284,0.95303,1.90,1.40
2008.06.05 06:17:09.418,0.95285,0.95303,1.20,2.50
2008.06.05 06:17:09.563,0.95287,0.95303,2.00,1.40
2008.06.05 06:17:12.305,0.95284,0.95303,1.10,1.00
2008.06.05 06:17:13.049,0.95283,0.95303,2.30,1.50
2008.06.05 06:17:14.224,0.95278,0.95293,1.30,1.80
2008.06.05 06:17:14.363,0.95279,0.95293,1.80,1.80
2008.06.05 06:17:14.860,0.9528,0.95303,1.60,0.87
2008.06.05 06:17:15.306,0.95287,0.95303,1.50,1.10
2008.06.05 06:17:15.563,0.95288,0.95303,1.20,1.00
2008.06.05 06:17:56.020,0.95287,0.95302,1.70,1.30
2008.06.05 06:17:56.265,0.95285,0.95302,0.89,1.30
2008.06.05 06:17:56.697,0.95281,0.95302,3.10,1.40
2008.06.05 06:17:56.859,0.95284,0.95302,0.80,1.20
2008.06.05 06:17:57.948,0.95283,0.95299,0.43,1.00
2008.06.05 06:18:06.834,0.95278,0.95299,0.86,1.70
2008.06.05 06:18:07.870,0.95281,0.95299,4.60,0.89
2008.06.05 06:18:09.052,0.95283,0.95299,2.80,0.80
2008.06.05 06:18:09.419,0.95278,0.95299,2.00,2.90
2008.06.05 06:18:09.709,0.9528,0.95299,2.30,0.82
2008.06.05 06:18:12.287,0.95277,0.95293,0.79,4.60
2008.06.05 06:18:22.137,0.9528,0.95302,1.00,0.44
2008.06.05 06:19:00.840,0.95278,0.95293,1.10,1.20
2008.06.05 06:19:01.345,0.95277,0.95293,0.50,1.10
2008.06.05 06:19:09.130,0.95278,0.95302,0.60,2.60
2008.06.05 06:19:09.828,0.9528,0.95302,1.20,2.50
2008.06.05 06:19:12.339,0.95281,0.95303,1.40,1.50
2008.06.05 06:19:16.220,0.95277,0.95293,0.79,1.00
2008.06.05 06:19:23.033,0.95278,0.95299,2.40,2.00
2008.06.05 06:19:23.732,0.95281,0.95302,1.80,1.00
2008.06.05 06:19:33.369,0.95284,0.95303,1.30,0.87
2008.06.05 06:19:34.833,0.95281,0.95303,2.40,1.10
2008.06.05 06:19:43.890,0.95284,0.95303,2.00,0.83
2008.06.05 06:19:44.656,0.95281,0.95303,1.30,1.60
2008.06.05 06:19:53.177,0.95283,0.95303,1.50,0.97
2008.06.05 06:19:58.214,0.95281,0.95301,0.90,0.95
2008.06.05 06:20:03.546,0.95283,0.95301,2.20,0.50
2008.06.05 06:20:09.902,0.95281,0.95299,0.81,1.50
2008.06.05 06:20:12.180,0.95284,0.95301,1.20,2.10
2008.06.05 06:20:15.259,0.95281,0.95299,0.88,1.70
2008.06.05 06:20:15.631,0.95277,0.95293,0.72,2.00
2008.06.05 06:20:17.691,0.9528,0.95293,1.70,1.10
2008.06.05 06:20:18.126,0.95277,0.95293,3.20,0.47
2008.06.05 06:20:18.256,0.95275,0.95293,1.20,1.80
2008.06.05 06:20:18.559,0.95274,0.95293,1.60,0.89
2008.06.05 06:20:18.606,0.95272,0.95293,0.58,4.80
2008.06.05 06:20:18.886,0.95271,0.95293,0.41,2.10
2008.06.05 06:20:19.357,0.9527,0.95283,0.66,0.92
2008.06.05 06:20:19.884,0.95267,0.95283,0.79,1.10
2008.06.05 06:20:31.321,0.95264,0.95283,0.63,0.84
2008.06.05 06:20:31.611,0.95261,0.95283,1.60,2.00
2008.06.05 06:20:31.718,0.9526,0.95282,2.60,1.40
2008.06.05 06:20:33.095,0.95259,0.95282,3.10,1.40
2008.06.05 06:20:36.374,0.95261,0.95282,3.60,1.40
2008.06.05 06:20:36.923,0.95267,0.95282,0.47,1.40
2008.06.05 06:20:48.201,0.95264,0.95283,0.56,0.82
2008.06.05 06:20:48.515,0.95261,0.95283,1.20,1.20
2008.06.05 06:20:50.296,0.95267,0.95282,2.90,0.92
2008.06.05 06:21:40.189,0.95268,0.9529,0.86,2.90
2008.06.05 06:21:40.502,0.95271,0.95293,1.10,1.80
2008.06.05 06:21:56.088,0.95277,0.95293,0.92,1.00
2008.06.05 06:22:04.001,0.95274,0.95292,1.70,1.70
2008.06.05 06:22:04.368,0.95271,0.95292,1.30,0.91
2008.06.05 06:22:04.977,0.95268,0.95287,1.70,0.53
2008.06.05 06:22:41.147,0.95271,0.95287,2.10,1.30
2008.06.05 06:22:41.350,0.95277,0.95287,1.20,0.97
2008.06.05 06:22:41.529,0.95273,0.95293,1.70,3.20
2008.06.05 06:22:41.757,0.9527,0.95291,1.90,0.87
2008.06.05 06:22:44.699,0.95267,0.95287,1.20,4.70
2008.06.05 06:22:47.115,0.95268,0.9529,0.95,1.80
2008.06.05 06:22:47.367,0.95271,0.9529,1.20,3.60
2008.06.05 06:22:47.695,0.95277,0.9529,0.57,1.10
2008.06.05 06:22:58.080,0.95273,0.95292,1.20,0.80
2008.06.05 06:22:58.876,0.9527,0.95292,0.76,2.00
2008.06.05 06:23:04.077,0.95268,0.95292,2.20,1.50
2008.06.05 06:23:31.700,0.95267,0.95283,1.40,1.80
2008.06.05 06:24:10.231,0.95261,0.95283,0.60,1.20
2008.06.05 06:24:10.339,0.9526,0.95283,1.20,1.10
2008.06.05 06:24:10.830,0.95258,0.95283,0.75,0.95
2008.06.05 06:24:21.872,0.95257,0.95273,2.80,1.50
2008.06.05 06:24:22.290,0.95261,0.95273,1.10,0.92
2008.06.05 06:24:22.518,0.95267,0.95277,1.10,1.20
2008.06.05 06:24:51.260,0.95261,0.95263,1.60,1.10
2008.06.05 06:24:51.471,0.95247,0.95263,0.93,2.00
2008.06.05 06:24:51.981,0.95251,0.95267,1.50,0.99
2008.06.05 06:24:54.111,0.95248,0.95253,3.50,1.60
2008.06.05 06:24:54.271,0.95247,0.95252,0.75,0.87
2008.06.05 06:24:54.562,0.9524,0.95243,2.00,1.20
2008.06.05 06:24:54.835,0.95227,0.95243,1.30,2.20
2008.06.05 06:24:55.013,0.95221,0.95243,2.40,1.30
2008.06.05 06:24:55.453,0.95218,0.95241,1.80,0.51
2008.06.05 06:24:55.862,0.95217,0.95236,1.40,2.20
2008.06.05 06:24:59.147,0.95227,0.95236,0.59,3.00
2008.06.05 06:25:01.033,0.95218,0.95242,0.66,1.80
2008.06.05 06:25:01.503,0.95217,0.95242,1.70,2.20
2008.06.05 06:25:02.616,0.95227,0.95236,0.87,3.30
2008.06.05 06:25:06.030,0.95221,0.95242,1.20,0.72
2008.06.05 06:25:06.551,0.9522,0.95242,0.68,0.60
2008.06.05 06:25:06.846,0.95217,0.95242,1.80,1.60
2008.06.05 06:25:12.242,0.95212,0.95233,0.93,2.80
2008.06.05 06:25:12.733,0.9521,0.95232,2.50,0.79
2008.06.05 06:25:13.838,0.95209,0.95232,1.10,0.89
2008.06.05 06:25:14.860,0.95207,0.95223,0.44,1.30
2008.06.05 06:25:27.051,0.95211,0.95227,1.00,2.40
2008.06.05 06:25:27.880,0.95217,0.95227,1.60,2.60
2008.06.05 06:25:28.132,0.95212,0.95231,1.40,0.82
2008.06.05 06:25:28.602,0.95209,0.95229,1.10,1.50
2008.06.05 06:25:28.739,0.95207,0.95229,0.77,1.30
2008.06.05 06:25:30.129,0.95206,0.95223,0.89,2.10
2008.06.05 06:25:30.640,0.95203,0.95221,2.50,0.97
2008.06.05 06:25:30.802,0.95201,0.95221,1.50,0.84
2008.06.05 06:25:31.205,0.952,0.95222,1.30,1.70
2008.06.05 06:25:31.479,0.95199,0.95222,0.89,1.70
2008.06.05 06:25:31.980,0.95198,0.95222,0.99,2.60
2008.06.05 06:25:33.867,0.95197,0.95213,1.40,1.00
2008.06.05 06:25:37.196,0.95192,0.95208,1.30,1.60
2008.06.05 06:25:37.560,0.95189,0.95208,1.40,3.60
2008.06.05 06:25:37.701,0.95186,0.95208,0.95,1.00
2008.06.05 06:25:39.600,0.95187,0.95208,0.49,0.86
2008.06.05 06:25:44.296,0.95182,0.95203,0.82,1.30
2008.06.05 06:25:46.009,0.95178,0.95193,0.60,1.10
2008.06.05 06:25:46.622,0.95177,0.95201,1.40,0.68
2008.06.05 06:25:47.087,0.95182,0.95201,1.90,1.60
2008.06.05 06:25:47.633,0.95187,0.95201,3.80,1.80
2008.06.05 06:25:51.276,0.9519,0.95211,0.60,1.50
2008.06.05 06:25:51.573,0.95197,0.95211,1.80,0.90
2008.06.05 06:25:52.134,0.95192,0.95213,1.60,2.20
2008.06.05 06:25:52.944,0.9519,0.95213,1.30,2.10
2008.06.05 06:25:53.078,0.95189,0.95208,1.30,1.40
2008.06.05 06:25:53.565,0.95186,0.95208,2.10,2.00
2008.06.05 06:25:53.912,0.95181,0.95203,2.30,3.10
2008.06.05 06:25:54.224,0.95179,0.95194,1.30,2.40
2008.06.05 06:25:54.393,0.95174,0.95189,0.69,1.80
2008.06.05 06:25:54.915,0.95169,0.95189,1.10,1.20
2008.06.05 06:25:56.232,0.95162,0.95183,0.82,1.10
2008.06.05 06:25:56.359,0.95161,0.95183,0.76,0.85
2008.06.05 06:25:56.714,0.95159,0.95183,0.93,1.00
2008.06.05 06:25:56.943,0.95158,0.95178,0.70,1.00
2008.06.05 06:25:57.029,0.95156,0.95178,1.80,2.10
2008.06.05 06:25:57.245,0.95155,0.95177,0.52,0.75
2008.06.05 06:25:57.497,0.95157,0.95177,1.10,1.40
2008.06.05 06:25:57.724,0.95156,0.95173,2.40,1.20
2008.06.05 06:25:57.839,0.95149,0.95172,1.00,1.30
2008.06.05 06:25:58.204,0.95147,0.95167,1.80,1.10
2008.06.05 06:25:58.394,0.95146,0.95158,0.73,2.20
2008.06.05 06:25:58.666,0.95142,0.95158,2.40,2.70
2008.06.05 06:25:58.993,0.95132,0.95158,0.56,2.50
2008.06.05 06:25:59.866,0.9513,0.95153,1.20,1.00
2008.06.05 06:26:00.326,0.95129,0.95153,4.80,2.10
2008.06.05 06:26:00.955,0.95128,0.95153,2.00,1.10
2008.06.05 06:26:01.127,0.95125,0.95148,1.40,1.90
2008.06.05 06:26:01.357,0.95121,0.95147,1.20,0.79
2008.06.05 06:26:01.666,0.95118,0.95147,0.76,1.30
2008.06.05 06:26:01.775,0.95121,0.95142,1.00,3.70
2008.06.05 06:26:02.448,0.95118,0.95142,1.10,1.30
2008.06.05 06:26:02.975,0.95117,0.95133,0.93,1.80
2008.06.05 06:26:04.062,0.95119,0.9514,1.20,0.53
2008.06.05 06:26:04.267,0.95125,0.9514,1.60,1.20
2008.06.05 06:26:04.585,0.95127,0.9514,1.80,6.90
2008.06.05 06:26:04.990,0.95122,0.95143,1.50,0.75
2008.06.05 06:26:05.176,0.95119,0.95143,1.50,1.20
2008.06.05 06:26:05.664,0.95122,0.95143,1.10,1.80
2008.06.05 06:26:05.771,0.95127,0.95143,1.60,0.69
2008.06.05 06:26:06.122,0.95132,0.95143,1.90,4.00
2008.06.05 06:26:06.895,0.95137,0.95147,0.72,3.10
2008.06.05 06:26:07.528,0.95147,0.95159,1.50,0.62
2008.06.05 06:26:08.199,0.95146,0.95163,0.75,0.88
2008.06.05 06:26:08.313,0.95145,0.95163,0.92,2.70
2008.06.05 06:26:08.512,0.95142,0.95163,1.90,1.40
2008.06.05 06:26:08.996,0.95141,0.95163,1.90,2.10
2008.06.05 06:26:09.176,0.95148,0.95163,2.80,0.71
2008.06.05 06:26:09.891,0.95157,0.95167,1.10,1.20
2008.06.05 06:26:11.304,0.95152,0.95173,5.40,1.30
2008.06.05 06:26:11.503,0.9515,0.95173,0.63,0.78
2008.06.05 06:26:12.482,0.95149,0.95163,0.81,1.50
2008.06.05 06:26:12.516,0.95147,0.95163,1.40,0.99
2008.06.05 06:26:14.449,0.95157,0.95168,1.80,2.10
2008.06.05 06:26:18.275,0.95165,0.95181,0.68,1.20
2008.06.05 06:26:18.591,0.95167,0.95183,1.60,0.84
2008.06.05 06:26:21.264,0.95164,0.95184,0.70,0.58
2008.06.05 06:26:21.967,0.95162,0.95184,0.96,1.60
2008.06.05 06:26:22.437,0.95167,0.95183,0.87,1.50
2008.06.05 06:26:24.081,0.95162,0.95173,1.10,1.00
2008.06.05 06:26:24.296,0.95158,0.95173,1.10,0.77
2008.06.05 06:26:24.592,0.95157,0.95173,0.72,1.20
2008.06.05 06:26:24.793,0.95154,0.95177,1.00,1.40
2008.06.05 06:26:25.129,0.95152,0.95177,1.20,0.77
2008.06.05 06:26:25.494,0.95154,0.95178,1.60,0.39
2008.06.05 06:26:25.784,0.95167,0.95178,1.30,0.87
2008.06.05 06:26:26.307,0.95165,0.95183,1.30,1.90
2008.06.05 06:26:26.382,0.95163,0.95183,1.30,0.77
2008.06.05 06:26:26.945,0.95162,0.95183,1.30,1.80
2008.06.05 06:26:27.489,0.9516,0.95183,0.46,1.70
2008.06.05 06:26:27.983,0.95162,0.95183,1.40,1.00
2008.06.05 06:26:31.132,0.9516,0.95173,0.81,5.80
2008.06.05 06:26:31.220,0.95156,0.95173,1.00,2.00
2008.06.05 06:26:31.433,0.95154,0.95173,1.10,0.98
2008.06.05 06:26:31.616,0.95149,0.95163,1.40,1.20
2008.06.05 06:26:31.830,0.95147,0.95163,1.40,0.94
2008.06.05 06:26:32.089,0.95145,0.95158,2.40,2.40
2008.06.05 06:26:32.297,0.95142,0.95158,0.83,0.91
2008.06.05 06:26:32.511,0.95139,0.95158,1.70,1.30
2008.06.05 06:26:32.781,0.95145,0.95158,1.30,3.40
2008.06.05 06:26:32.880,0.95147,0.95163,1.10,0.63
2008.06.05 06:26:33.176,0.95151,0.95163,3.10,2.00
2008.06.05 06:26:33.550,0.95152,0.95163,1.00,0.59
2008.06.05 06:26:33.698,0.95157,0.95168,0.46,0.67
2008.06.05 06:26:37.347,0.95158,0.95173,0.96,0.81
2008.06.05 06:26:37.789,0.95167,0.95177,0.86,0.95
2008.06.05 06:26:38.182,0.95162,0.95183,1.50,1.40
2008.06.05 06:26:38.857,0.95159,0.95183,0.99,0.79
2008.06.05 06:26:41.139,0.95164,0.95183,1.70,3.00
2008.06.05 06:26:41.355,0.95167,0.95183,1.40,1.30
2008.06.05 06:26:41.713,0.95164,0.95182,0.97,1.50
2008.06.05 06:26:41.872,0.95177,0.95182,0.98,0.77
2008.06.05 06:26:42.408,0.95182,0.95193,0.66,2.20
2008.06.05 06:26:42.616,0.95178,0.95199,1.30,0.67
2008.06.05 06:26:43.397,0.95177,0.95199,1.20,0.49
2008.06.05 06:26:43.570,0.95179,0.95201,1.70,1.20
2008.06.05 06:26:44.328,0.95177,0.95202,1.20,1.50
2008.06.05 06:26:44.820,0.95179,0.95202,0.61,1.50
2008.06.05 06:26:46.022,0.95177,0.95202,2.10,3.50
2008.06.05 06:26:46.619,0.9518,0.95202,0.44,2.30
2008.06.05 06:26:47.079,0.95178,0.95202,0.92,0.73
2008.06.05 06:26:47.378,0.95177,0.95193,1.60,2.00
2008.06.05 06:26:47.698,0.95179,0.95193,1.40,1.20
2008.06.05 06:26:49.383,0.95182,0.95202,2.70,1.10
2008.06.05 06:26:49.600,0.95187,0.95202,0.95,3.60
2008.06.05 06:26:50.676,0.95192,0.95208,1.20,2.60
2008.06.05 06:26:51.063,0.95194,0.95213,1.50,0.48
2008.06.05 06:26:51.622,0.95197,0.95208,1.10,1.30
2008.06.05 06:26:51.761,0.95195,0.95213,1.10,1.50
2008.06.05 06:26:52.289,0.95189,0.95213,2.70,1.10
2008.06.05 06:26:52.446,0.95187,0.95203,0.74,1.80
2008.06.05 06:26:52.796,0.95182,0.95203,0.85,2.10
2008.06.05 06:26:57.993,0.9518,0.95203,1.20,1.20
2008.06.05 06:26:59.344,0.95177,0.95193,1.00,1.00
2008.06.05 06:27:00.014,0.95173,0.95193,1.00,2.00
2008.06.05 06:27:00.537,0.95172,0.95193,1.40,0.57
2008.06.05 06:27:00.791,0.95169,0.95193,1.10,1.70
2008.06.05 06:27:02.597,0.95171,0.95193,1.40,2.60
2008.06.05 06:27:04.049,0.95169,0.95183,1.80,2.00
2008.06.05 06:27:04.755,0.95167,0.95183,1.40,2.00
2008.06.05 06:27:06.211,0.95172,0.95183,2.20,1.60
2008.06.05 06:27:06.436,0.95177,0.95184,1.30,1.80
2008.06.05 06:27:06.524,0.95172,0.95183,1.10,1.90
2008.06.05 06:27:06.871,0.95168,0.95183,1.10,1.30
2008.06.05 06:27:07.139,0.95167,0.95183,0.83,1.00
2008.06.05 06:27:09.054,0.95172,0.95183,1.10,1.90
2008.06.05 06:27:09.338,0.95177,0.95188,0.70,1.60
2008.06.05 06:27:09.704,0.95172,0.95193,1.00,1.70
2008.06.05 06:27:09.874,0.95168,0.95193,0.74,1.60
2008.06.05 06:27:10.049,0.95169,0.95193,0.77,0.55
2008.06.05 06:27:10.715,0.9517,0.95193,1.70,0.85
2008.06.05 06:27:14.150,0.95168,0.95183,1.80,1.10
2008.06.05 06:27:16.992,0.95169,0.95189,0.76,2.00
2008.06.05 06:27:18.171,0.95171,0.95189,0.74,0.51
2008.06.05 06:27:18.360,0.95172,0.95189,1.10,2.00
2008.06.05 06:27:18.522,0.95175,0.95189,2.80,1.00
2008.06.05 06:27:18.952,0.95177,0.95193,0.83,1.60
2008.06.05 06:27:20.031,0.95178,0.95202,0.79,0.65
2008.06.05 06:27:20.265,0.95177,0.95202,0.70,1.90
2008.06.05 06:27:20.619,0.95179,0.95202,0.62,2.00
2008.06.05 06:27:20.853,0.95182,0.95202,1.60,0.86
2008.06.05 06:27:21.494,0.95187,0.95203,0.57,1.80
2008.06.05 06:27:31.698,0.95192,0.95208,1.50,0.98
2008.06.05 06:27:32.789,0.95194,0.95208,0.88,1.50
2008.06.05 06:27:33.195,0.95202,0.95208,3.80,2.10
2008.06.05 06:27:33.273,0.95207,0.95208,1.60,1.20
2008.06.05 06:27:33.440,0.95202,0.95218,0.81,0.78
2008.06.05 06:27:33.749,0.95197,0.95218,1.00,1.10
2008.06.05 06:27:33.826,0.95195,0.95218,0.95,1.50
2008.06.05 06:27:34.659,0.95197,0.95218,1.50,1.70
2008.06.05 06:27:35.061,0.95199,0.95221,1.00,2.10
2008.06.05 06:27:35.891,0.95197,0.95221,1.30,1.50
2008.06.05 06:27:36.307,0.95195,0.95218,1.60,2.60
2008.06.05 06:27:36.411,0.95193,0.95218,0.93,1.50
2008.06.05 06:27:36.843,0.95197,0.95218,0.85,1.10
2008.06.05 06:27:37.273,0.95207,0.95219,1.60,2.40
2008.06.05 06:27:37.607,0.95202,0.95213,1.60,1.30
2008.06.05 06:27:37.884,0.952,0.95213,0.85,1.50
2008.06.05 06:27:38.854,0.95202,0.95221,1.50,0.95
2008.06.05 06:27:42.293,0.95207,0.95224,1.90,2.70
2008.06.05 06:27:46.287,0.95203,0.95223,1.30,1.90
2008.06.05 06:27:46.345,0.95202,0.95223,0.79,1.10
2008.06.05 06:27:46.838,0.952,0.95223,0.30,0.57
2008.06.05 06:28:03.036,0.95197,0.95221,0.66,0.94
2008.06.05 06:28:08.124,0.95201,0.95222,1.50,2.40
2008.06.05 06:28:09.447,0.952,0.95223,1.60,1.50
2008.06.05 06:28:09.543,0.95197,0.95223,0.81,1.40
2008.06.05 06:28:10.248,0.95199,0.95222,1.50,0.99
2008.06.05 06:28:10.771,0.95197,0.95219,1.00,0.96
2008.06.05 06:28:12.328,0.95189,0.95203,0.59,2.10
2008.06.05 06:28:12.857,0.95188,0.95203,2.20,1.30
2008.06.05 06:28:13.957,0.95187,0.95203,1.30,1.80
2008.06.05 06:28:25.031,0.9518,0.95198,0.66,2.20
2008.06.05 06:28:25.351,0.95179,0.95198,1.50,1.10
2008.06.05 06:28:25.565,0.95174,0.95198,1.30,0.96
2008.06.05 06:28:25.740,0.95173,0.95198,1.30,0.76
2008.06.05 06:28:25.837,0.95172,0.95198,0.99,0.93
2008.06.05 06:28:29.320,0.95171,0.95193,1.30,3.10
2008.06.05 06:28:31.129,0.95169,0.95193,0.68,1.20
2008.06.05 06:28:32.796,0.95167,0.95192,0.77,1.60
2008.06.05 06:28:35.352,0.95168,0.95193,0.36,0.55
2008.06.05 06:28:35.694,0.95167,0.95192,1.40,4.20
2008.06.05 06:28:45.671,0.95169,0.95188,1.20,1.50
2008.06.05 06:28:48.812,0.95177,0.95189,1.40,1.20
2008.06.05 06:28:53.305,0.9517,0.95193,0.46,2.00
2008.06.05 06:28:53.871,0.95169,0.95193,2.10,1.20
2008.06.05 06:28:59.113,0.95175,0.95191,1.50,1.90
2008.06.05 06:28:59.657,0.95172,0.95193,1.40,4.40
2008.06.05 06:28:59.715,0.95177,0.95193,1.30,1.70
2008.06.05 06:29:02.162,0.95181,0.95193,0.87,1.70
2008.06.05 06:29:02.682,0.95187,0.95196,1.40,5.20
2008.06.05 06:29:12.102,0.95182,0.95193,1.20,1.30
2008.06.05 06:29:12.340,0.9518,0.95193,1.00,1.10
2008.06.05 06:29:12.572,0.95183,0.95193,0.53,0.65
2008.06.05 06:29:12.903,0.95178,0.95193,0.88,3.70
2008.06.05 06:29:13.821,0.95177,0.95193,1.10,2.00
2008.06.05 06:29:14.099,0.95182,0.95193,2.00,2.20
2008.06.05 06:29:14.952,0.95187,0.95196,0.88,2.50
2008.06.05 06:29:15.018,0.95183,0.95203,0.97,1.40
2008.06.05 06:29:15.370,0.9518,0.95203,1.80,0.83
2008.06.05 06:29:15.819,0.95179,0.95203,0.49,2.00
2008.06.05 06:29:16.724,0.95187,0.95203,0.69,0.53
2008.06.05 06:29:20.148,0.95192,0.95203,1.90,1.50
2008.06.05 06:29:20.724,0.95197,0.95207,1.80,0.63
2008.06.05 06:29:24.027,0.95192,0.95206,2.90,1.50
2008.06.05 06:29:24.867,0.95189,0.95206,2.90,3.30
2008.06.05 06:29:25.474,0.95187,0.95206,1.20,0.84
2008.06.05 06:29:25.971,0.95179,0.95199,3.20,1.40
2008.06.05 06:29:26.066,0.95178,0.95199,0.67,1.50
2008.06.05 06:29:26.372,0.95177,0.952,1.70,2.20
2008.06.05 06:29:26.802,0.95178,0.95202,1.30,1.80
2008.06.05 06:29:27.046,0.95181,0.95199,1.50,3.30
2008.06.05 06:29:27.922,0.95187,0.95199,0.73,1.20
2008.06.05 06:29:29.256,0.95186,0.95204,0.67,1.70
2008.06.05 06:29:29.452,0.95183,0.95204,1.10,0.85
2008.06.05 06:29:29.990,0.95181,0.95202,0.99,1.50
2008.06.05 06:29:31.295,0.95179,0.95199,2.10,0.86
2008.06.05 06:29:34.474,0.95178,0.95199,1.70,0.67
2008.06.05 06:29:44.757,0.95177,0.95199,0.63,1.80
2008.06.05 06:29:51.136,0.95176,0.95183,1.30,1.20
2008.06.05 06:29:51.600,0.95167,0.95183,1.00,0.64
2008.06.05 06:29:51.832,0.95168,0.95183,1.40,1.60
2008.06.05 06:29:53.184,0.95169,0.95191,0.94,2.40
2008.06.05 06:29:53.453,0.95168,0.95191,1.30,1.00
2008.06.05 06:29:53.834,0.95167,0.95183,1.00,1.10
2008.06.05 06:30:07.315,0.95171,0.95183,1.90,4.80
2008.06.05 06:30:07.738,0.95177,0.95188,1.30,0.97
2008.06.05 06:30:09.027,0.95179,0.95201,0.60,2.60
2008.06.05 06:30:09.644,0.95181,0.95202,1.20,2.10
2008.06.05 06:30:10.396,0.95179,0.95193,1.40,1.10
2008.06.05 06:30:10.515,0.95177,0.95193,1.50,1.70
2008.06.05 06:30:15.144,0.95167,0.95183,2.30,1.50
2008.06.05 06:30:17.232,0.95162,0.95183,0.89,1.90
2008.06.05 06:30:17.440,0.9516,0.95183,0.90,3.20
2008.06.05 06:30:17.785,0.95159,0.95183,1.40,0.70
2008.06.05 06:30:19.200,0.95158,0.95182,3.20,0.94
2008.06.05 06:30:21.243,0.95159,0.95183,0.61,1.90
2008.06.05 06:30:21.468,0.95157,0.95173,1.30,1.20
2008.06.05 06:30:21.854,0.95159,0.95178,1.40,1.50
2008.06.05 06:30:23.443,0.95162,0.95182,0.64,3.10
2008.06.05 06:30:23.953,0.95167,0.95182,1.10,1.10
2008.06.05 06:30:30.477,0.95172,0.95191,2.60,2.30
2008.06.05 06:30:31.237,0.95175,0.95191,0.86,1.40
2008.06.05 06:30:31.308,0.95177,0.95191,0.95,1.20
2008.06.05 06:30:31.567,0.95173,0.95193,1.70,0.69
2008.06.05 06:30:31.766,0.95169,0.95193,1.50,0.78
2008.06.05 06:30:32.413,0.95171,0.95193,1.40,1.50
2008.06.05 06:30:32.959,0.95172,0.95196,1.70,1.40
2008.06.05 06:30:37.012,0.95177,0.95196,1.30,1.90
2008.06.05 06:30:37.250,0.95182,0.95196,0.95,2.30
2008.06.05 06:30:37.445,0.95177,0.95196,3.40,1.80
2008.06.05 06:30:37.766,0.95178,0.95196,2.00,1.40
2008.06.05 06:30:37.996,0.95182,0.95201,1.30,0.85
2008.06.05 06:30:38.304,0.95178,0.95202,1.20,1.40
2008.06.05 06:30:38.654,0.95177,0.95202,1.30,1.40
2008.06.05 06:30:38.965,0.95178,0.95201,0.48,2.10
2008.06.05 06:30:39.817,0.95182,0.95202,0.95,0.81
2008.06.05 06:30:40.259,0.95178,0.95202,1.60,1.60
2008.06.05 06:30:40.514,0.95177,0.95202,1.90,0.63
2008.06.05 06:30:40.948,0.95182,0.95202,2.20,2.70
2008.06.05 06:30:41.062,0.95178,0.95202,2.90,1.30
2008.06.05 06:30:41.661,0.95179,0.95202,3.20,1.10
2008.06.05 06:30:41.941,0.95187,0.95203,1.10,1.30
2008.06.05 06:30:42.459,0.95189,0.95211,0.96,1.40
2008.06.05 06:30:42.838,0.95187,0.95211,0.89,1.60
2008.06.05 06:30:43.325,0.95192,0.95211,1.30,2.00
2008.06.05 06:30:43.775,0.95197,0.95211,1.80,0.96
2008.06.05 06:30:46.164,0.95199,0.95221,0.95,1.40
2008.06.05 06:30:46.207,0.95197,0.95218,0.72,1.20
2008.06.05 06:30:46.416,0.95196,0.95218,2.70,1.00
2008.06.05 06:30:46.550,0.95195,0.95218,1.20,1.10
2008.06.05 06:30:46.808,0.95193,0.95218,1.50,1.50
2008.06.05 06:30:46.958,0.95197,0.95219,0.72,1.70
2008.06.05 06:30:47.324,0.95207,0.95221,2.10,1.10
2008.06.05 06:30:52.808,0.95203,0.95223,0.96,2.70
2008.06.05 06:30:53.135,0.95201,0.95223,0.75,4.00
2008.06.05 06:30:53.346,0.95202,0.95223,1.10,0.95
2008.06.05 06:30:53.514,0.95203,0.95223,0.87,0.78
2008.06.05 06:30:53.647,0.95207,0.95223,1.20,1.40
2008.06.05 06:30:53.873,0.95203,0.95218,1.70,1.70
2008.06.05 06:30:54.116,0.952,0.95218,0.70,2.20
2008.06.05 06:30:54.296,0.95197,0.95217,1.90,1.80
2008.06.05 06:30:54.589,0.95199,0.95217,1.40,0.57
2008.06.05 06:30:54.887,0.95196,0.95214,1.90,1.10
2008.06.05 06:30:55.267,0.95195,0.95212,1.60,1.50
2008.06.05 06:30:55.558,0.95193,0.95212,1.20,0.82
2008.06.05 06:30:56.228,0.95189,0.95207,1.60,1.00
2008.06.05 06:30:56.619,0.95192,0.95207,1.20,2.10
2008.06.05 06:30:56.842,0.95197,0.95207,2.60,3.20
2008.06.05 06:30:59.623,0.95202,0.95213,1.50,2.30
2008.06.05 06:31:00.012,0.95203,0.95213,0.63,2.80
2008.06.05 06:31:00.912,0.95207,0.95223,0.44,1.20
2008.06.05 06:31:02.050,0.95213,0.95227,1.60,1.30
2008.06.05 06:31:02.346,0.95202,0.95227,0.55,2.90
2008.06.05 06:31:02.504,0.95212,0.95227,1.20,1.00
2008.06.05 06:31:02.998,0.95217,0.95227,1.30,2.90
2008.06.05 06:31:03.589,0.95223,0.95237,0.75,1.50
2008.06.05 06:31:04.137,0.95227,0.95242,2.50,2.80
2008.06.05 06:31:05.713,0.95226,0.95248,1.20,0.90
2008.06.05 06:31:06.141,0.95224,0.95248,2.40,1.20
2008.06.05 06:31:06.597,0.95217,0.95223,1.10,1.50
2008.06.05 06:31:06.746,0.95207,0.95223,2.20,0.80
2008.06.05 06:31:08.029,0.95203,0.95219,2.70,2.40
2008.06.05 06:31:08.257,0.95202,0.95219,0.58,0.90
2008.06.05 06:31:08.567,0.95199,0.95219,1.40,1.80
2008.06.05 06:31:08.906,0.95197,0.95213,0.81,0.75
2008.06.05 06:31:09.890,0.95189,0.95207,2.20,2.80
2008.06.05 06:31:10.128,0.95182,0.95202,1.00,1.00
2008.06.05 06:31:10.257,0.95179,0.95199,1.90,0.82
2008.06.05 06:31:10.652,0.9518,0.95197,0.69,1.50
2008.06.05 06:31:10.946,0.95182,0.95197,1.70,0.56
2008.06.05 06:31:11.330,0.95183,0.95197,3.10,1.00
2008.06.05 06:31:11.674,0.95173,0.95193,1.20,1.50
2008.06.05 06:31:12.813,0.95197,0.95193,1.60,0.37
2008.06.05 06:31:14.092,0.95202,0.95213,1.40,1.90
2008.06.05 06:31:15.194,0.95204,0.95225,1.90,0.65
2008.06.05 06:31:15.615,0.95214,0.95228,3.80,0.82
2008.06.05 06:31:17.168,0.9521,0.95233,1.00,1.20
2008.06.05 06:31:19.040,0.95212,0.95233,1.40,1.10
2008.06.05 06:31:19.461,0.95217,0.95233,5.10,1.70
2008.06.05 06:31:19.515,0.95214,0.95233,1.40,1.30
2008.06.05 06:31:19.767,0.95212,0.95233,0.97,1.30
2008.06.05 06:31:20.154,0.9521,0.95233,0.73,3.70
2008.06.05 06:31:20.315,0.95212,0.95233,0.77,1.50
2008.06.05 06:31:20.505,0.9521,0.95233,0.68,3.20
2008.06.05 06:31:20.699,0.95217,0.95233,1.20,1.40
2008.06.05 06:31:20.943,0.95213,0.95233,0.69,1.00
2008.06.05 06:31:21.318,0.95212,0.95233,1.50,1.40
2008.06.05 06:31:21.983,0.9521,0.95233,1.30,1.80
2008.06.05 06:31:23.105,0.95209,0.95233,1.30,2.20
2008.06.05 06:31:23.762,0.9521,0.95233,1.50,1.00
2008.06.05 06:31:24.300,0.95215,0.95233,1.50,0.70
2008.06.05 06:31:24.732,0.95217,0.95233,2.30,0.57
2008.06.05 06:31:28.982,0.95222,0.95239,1.10,1.60
2008.06.05 06:31:32.288,0.95227,0.95248,1.60,1.50
2008.06.05 06:31:32.476,0.95228,0.95248,2.50,0.97
2008.06.05 06:31:32.857,0.95227,0.95248,0.77,0.61
2008.06.05 06:31:34.110,0.95223,0.95243,2.10,0.98
2008.06.05 06:31:34.515,0.95222,0.95243,1.90,1.10
2008.06.05 06:31:35.916,0.95221,0.95243,3.20,0.77
2008.06.05 06:31:45.345,0.95222,0.95243,0.89,1.10
2008.06.05 06:31:45.761,0.95227,0.95243,0.84,2.20
2008.06.05 06:31:46.223,0.95223,0.95243,1.70,0.96
2008.06.05 06:31:46.936,0.95221,0.95243,1.60,1.40
2008.06.05 06:31:47.134,0.95227,0.95243,2.90,1.50
2008.06.05 06:31:47.398,0.95223,0.95243,2.10,1.40
2008.06.05 06:31:47.914,0.9522,0.95243,0.97,1.90
2008.06.05 06:31:48.234,0.95227,0.95243,0.60,2.70
2008.06.05 06:31:49.093,0.95223,0.95243,0.76,4.30
2008.06.05 06:31:49.396,0.95222,0.95243,1.50,1.10
2008.06.05 06:31:49.625,0.9522,0.95243,1.40,1.90
2008.06.05 06:31:49.993,0.95221,0.95243,1.70,2.30
2008.06.05 06:31:53.386,0.95222,0.95243,0.77,1.50
2008.06.05 06:31:53.816,0.95227,0.95243,1.80,1.20
2008.06.05 06:31:57.001,0.95226,0.95247,1.00,3.50
2008.06.05 06:31:57.715,0.95224,0.95247,4.90,2.70
2008.06.05 06:32:02.256,0.95227,0.95247,1.10,0.48
2008.06.05 06:32:02.591,0.95228,0.95247,2.30,2.40
2008.06.05 06:32:02.797,0.95227,0.95249,0.81,3.60
2008.06.05 06:32:14.196,0.95221,0.95242,1.30,1.30
2008.06.05 06:32:14.574,0.95217,0.95239,2.90,1.10
2008.06.05 06:32:15.095,0.95219,0.95242,1.20,1.30
2008.06.05 06:32:15.894,0.95217,0.95242,2.20,1.80
2008.06.05 06:32:16.102,0.95218,0.95243,1.50,1.40
2008.06.05 06:32:16.804,0.95227,0.95243,1.00,1.40
2008.06.05 06:32:17.508,0.95217,0.95233,0.31,0.40
2008.06.05 06:32:18.107,0.95227,0.95239,1.20,3.30
2008.06.05 06:32:18.528,0.95223,0.95233,3.30,1.90
2008.06.05 06:32:18.960,0.95217,0.95233,0.46,2.10
2008.06.05 06:32:25.457,0.95222,0.95233,1.20,2.40
2008.06.05 06:32:25.714,0.95227,0.95239,0.87,2.60
2008.06.05 06:32:26.181,0.95223,0.95242,1.20,0.90
2008.06.05 06:32:26.325,0.95219,0.95241,1.10,1.70
2008.06.05 06:32:26.616,0.95217,0.95241,2.20,1.20
2008.06.05 06:32:26.875,0.95219,0.95241,3.10,3.60
2008.06.05 06:32:30.394,0.95227,0.95243,1.70,0.70
2008.06.05 06:32:31.155,0.95223,0.95243,2.10,0.74
2008.06.05 06:32:31.247,0.95222,0.95243,2.30,1.10
2008.06.05 06:32:31.579,0.95221,0.95243,0.82,0.93
2008.06.05 06:32:31.777,0.95222,0.95243,1.30,0.42
2008.06.05 06:32:31.848,0.95227,0.95243,0.99,0.64
2008.06.05 06:32:35.499,0.95223,0.95243,0.78,1.00
2008.06.05 06:32:35.649,0.95221,0.95243,2.10,1.20
2008.06.05 06:32:37.106,0.95219,0.95242,2.80,0.71
2008.06.05 06:32:39.650,0.95217,0.95237,2.60,1.30
2008.06.05 06:32:42.360,0.95227,0.9524,1.40,2.00
2008.06.05 06:32:43.329,0.95223,0.95243,2.10,2.10
2008.06.05 06:32:43.512,0.95222,0.95239,0.95,1.60
2008.06.05 06:32:43.689,0.95227,0.9524,1.80,1.50
2008.06.05 06:32:45.083,0.95223,0.95239,0.78,0.79
2008.06.05 06:32:45.435,0.95222,0.95239,0.82,1.80
2008.06.05 06:32:45.690,0.9522,0.95239,0.93,2.00
2008.06.05 06:32:45.754,0.95227,0.95243,1.50,2.20
2008.06.05 06:32:47.396,0.9522,0.95239,1.20,0.80
2008.06.05 06:32:47.947,0.95219,0.95239,1.30,3.70
2008.06.05 06:32:50.002,0.95217,0.95233,0.77,1.20
2008.06.05 06:32:55.095,0.95223,0.95239,0.88,0.77
2008.06.05 06:32:55.570,0.9522,0.95239,1.50,1.90
2008.06.05 06:32:56.379,0.95217,0.95233,0.97,6.50
2008.06.05 06:33:02.445,0.95222,0.95239,1.60,1.40
2008.06.05 06:33:04.528,0.95217,0.95239,0.59,0.65
2008.06.05 06:33:07.175,0.95222,0.95233,0.68,1.50
2008.06.05 06:33:09.909,0.95217,0.95233,0.83,1.00
2008.06.05 06:33:13.468,0.95218,0.9524,1.40,2.10
2008.06.05 06:33:13.567,0.95227,0.9524,1.10,2.00
2008.06.05 06:33:27.047,0.95221,0.95243,1.10,1.00
2008.06.05 06:33:27.873,0.95218,0.95243,0.45,1.10
2008.06.05 06:33:28.139,0.95217,0.95233,0.63,1.50
2008.06.05 06:33:49.072,0.95221,0.95239,1.60,1.80
2008.06.05 06:33:49.943,0.95227,0.95239,0.91,1.20
2008.06.05 06:33:50.326,0.95221,0.95242,2.10,1.50
2008.06.05 06:33:50.699,0.95217,0.95239,1.20,0.78
2008.06.05 06:33:51.264,0.95216,0.95234,1.70,0.58
2008.06.05 06:33:51.653,0.95213,0.95234,0.84,0.87
2008.06.05 06:33:51.916,0.95211,0.95234,2.20,1.80
2008.06.05 06:33:54.268,0.9521,0.95228,1.00,1.90
2008.06.05 06:33:54.420,0.95209,0.95228,1.00,1.50
2008.06.05 06:33:54.793,0.95207,0.95228,1.00,0.88
2008.06.05 06:33:55.018,0.95206,0.95228,2.30,1.60
2008.06.05 06:33:55.292,0.95197,0.95217,0.74,1.30
2008.06.05 06:33:55.497,0.95201,0.95213,1.00,4.30
2008.06.05 06:33:55.656,0.95197,0.95213,1.50,0.82
2008.06.05 06:33:55.680,0.95195,0.95209,0.54,4.40
2008.06.05 06:33:55.927,0.95193,0.95209,1.60,1.40
2008.06.05 06:33:56.076,0.95191,0.95209,0.70,1.00
2008.06.05 06:33:56.476,0.95189,0.95209,1.70,2.50
2008.06.05 06:33:56.651,0.95187,0.95202,1.30,1.80
2008.06.05 06:33:56.848,0.95186,0.95202,1.90,1.20
2008.06.05 06:33:57.158,0.95185,0.95202,1.60,1.80
2008.06.05 06:33:57.891,0.95179,0.95203,1.60,1.10
2008.06.05 06:33:58.027,0.95178,0.95203,1.00,1.60
2008.06.05 06:33:58.354,0.95181,0.95203,4.20,1.00
2008.06.05 06:33:58.478,0.95182,0.95204,0.69,0.86
2008.06.05 06:33:58.649,0.9518,0.95205,0.67,1.70
2008.06.05 06:33:58.815,0.95179,0.95203,2.30,1.30
2008.06.05 06:33:59.248,0.9518,0.95205,1.60,2.10
2008.06.05 06:34:00.046,0.95179,0.95199,1.10,1.20
2008.06.05 06:34:00.658,0.95178,0.95199,1.20,1.50
2008.06.05 06:34:00.940,0.95182,0.95199,0.93,3.90
2008.06.05 06:34:06.220,0.95179,0.95199,0.72,0.73
2008.06.05 06:34:06.562,0.95178,0.95199,1.50,1.50
2008.06.05 06:34:07.576,0.95177,0.95199,1.10,1.30
2008.06.05 06:34:23.213,0.95173,0.95194,0.90,0.75
2008.06.05 06:34:23.687,0.95172,0.95194,0.97,4.00
2008.06.05 06:34:24.003,0.95169,0.95194,1.20,3.00
2008.06.05 06:34:24.343,0.95168,0.95183,3.60,1.40
2008.06.05 06:34:24.518,0.95167,0.95183,1.10,2.00
2008.06.05 06:34:24.798,0.95169,0.95183,1.40,1.70
2008.06.05 06:34:24.805,0.95167,0.95183,0.58,1.60
2008.06.05 06:34:27.000,0.95177,0.95183,1.10,2.40
2008.06.05 06:34:28.299,0.95174,0.95194,1.90,1.10
2008.06.05 06:34:28.386,0.95173,0.95189,2.70,1.10
2008.06.05 06:34:28.799,0.95172,0.95189,1.30,2.10
2008.06.05 06:34:29.186,0.95169,0.95189,1.00,2.40
2008.06.05 06:34:29.603,0.95168,0.95189,0.96,1.50
2008.06.05 06:34:30.163,0.95167,0.95189,2.10,3.10
2008.06.05 06:34:30.533,0.95168,0.95192,1.10,1.60
2008.06.05 06:34:30.859,0.95177,0.95192,2.30,4.60
2008.06.05 06:34:32.073,0.95173,0.95183,0.92,0.77
2008.06.05 06:34:32.480,0.95169,0.95183,1.50,1.40
2008.06.05 06:34:32.938,0.95167,0.95183,1.30,1.90
2008.06.05 06:34:35.035,0.95172,0.95183,0.38,1.10
2008.06.05 06:34:35.787,0.95177,0.95184,2.70,2.00
2008.06.05 06:34:36.000,0.95175,0.95193,0.71,2.00
2008.06.05 06:34:36.370,0.95169,0.95189,0.41,0.99
2008.06.05 06:34:36.541,0.95168,0.95189,1.70,0.87
2008.06.05 06:34:36.897,0.95169,0.95184,1.30,0.51
2008.06.05 06:34:37.223,0.95167,0.95184,0.91,1.80
2008.06.05 06:34:39.428,0.95165,0.95179,1.80,2.10
2008.06.05 06:34:39.690,0.95162,0.95179,1.60,0.53
2008.06.05 06:34:42.617,0.95159,0.95178,0.95,0.56
2008.06.05 06:34:43.128,0.95158,0.95178,0.49,1.10
2008.06.05 06:34:43.821,0.95159,0.95182,0.97,0.96
2008.06.05 06:34:44.305,0.95158,0.95178,1.20,2.20
2008.06.05 06:34:44.512,0.95152,0.95167,1.00,1.70
2008.06.05 06:34:45.040,0.95154,0.95162,1.00,0.67
2008.06.05 06:34:45.333,0.95155,0.95168,0.71,1.50
2008.06.05 06:34:45.603,0.95157,0.95173,0.85,1.30
2008.06.05 06:34:45.978,0.95152,0.95168,1.40,1.30
2008.06.05 06:34:46.006,0.95149,0.95168,1.50,0.72
2008.06.05 06:34:46.842,0.95147,0.95163,1.60,2.30
2008.06.05 06:34:48.165,0.95148,0.95171,1.40,0.81
2008.06.05 06:34:48.630,0.95152,0.95171,2.00,2.40
2008.06.05 06:34:48.975,0.95155,0.95173,0.68,1.80
2008.06.05 06:34:49.234,0.95157,0.95173,0.68,0.97
2008.06.05 06:34:49.593,0.95155,0.95176,1.50,4.00
2008.06.05 06:34:49.892,0.95152,0.95176,0.56,1.80
2008.06.05 06:34:50.362,0.95157,0.95177,1.30,2.00
2008.06.05 06:34:55.418,0.95158,0.95181,1.70,0.96
2008.06.05 06:34:59.648,0.95157,0.95173,0.89,1.40
2008.06.05 06:35:13.446,0.95167,0.95181,1.20,1.00
2008.06.05 06:35:14.004,0.9517,0.9519,1.30,1.10
2008.06.05 06:35:14.258,0.95177,0.95193,1.40,1.00
2008.06.05 06:35:14.483,0.95172,0.95193,0.96,2.20
2008.06.05 06:35:14.621,0.95177,0.95194,0.59,2.80
2008.06.05 06:35:14.823,0.95178,0.95194,1.70,0.73
2008.06.05 06:35:15.238,0.95177,0.95198,1.20,2.10
2008.06.05 06:35:15.370,0.95178,0.95199,2.10,1.70
2008.06.05 06:35:15.735,0.95182,0.95202,1.10,1.90
2008.06.05 06:35:17.857,0.95187,0.95208,1.60,1.10
2008.06.05 06:35:18.230,0.95182,0.95203,2.60,2.10
2008.06.05 06:35:19.370,0.95183,0.95203,1.00,1.60
2008.06.05 06:35:19.676,0.95182,0.95205,1.10,0.48
2008.06.05 06:35:21.292,0.95185,0.95206,1.50,1.50
2008.06.05 06:35:21.723,0.95197,0.95208,0.88,3.10
2008.06.05 06:35:23.242,0.95199,0.95219,0.51,1.20
2008.06.05 06:35:23.811,0.95202,0.95219,1.10,3.00
2008.06.05 06:35:24.054,0.95212,0.95225,1.50,0.71
2008.06.05 06:35:25.007,0.95208,0.95233,1.10,1.50
2008.06.05 06:35:25.620,0.95209,0.95233,1.90,1.30
2008.06.05 06:35:25.900,0.95211,0.95233,1.10,2.20
2008.06.05 06:35:26.738,0.95213,0.95233,1.70,2.60
2008.06.05 06:35:27.194,0.95211,0.95231,1.10,1.00
2008.06.05 06:35:27.621,0.9521,0.95231,2.10,0.55
2008.06.05 06:35:28.355,0.95208,0.95223,1.10,0.66
2008.06.05 06:35:28.910,0.95207,0.95223,0.78,1.20
2008.06.05 06:35:30.005,0.95208,0.95223,1.40,0.57
2008.06.05 06:35:31.263,0.95207,0.95223,0.97,1.20
2008.06.05 06:35:31.853,0.95203,0.95221,1.20,1.00
2008.06.05 06:35:32.431,0.95202,0.95221,1.60,1.50
2008.06.05 06:35:33.238,0.95193,0.95211,0.53,0.92
2008.06.05 06:35:33.897,0.95196,0.95212,0.88,1.60
2008.06.05 06:35:34.189,0.95193,0.95211,0.91,1.30
2008.06.05 06:35:34.816,0.95192,0.95206,1.50,1.00
2008.06.05 06:35:35.077,0.9519,0.95204,0.81,1.30
2008.06.05 06:35:35.554,0.95183,0.95204,0.79,0.94
2008.06.05 06:35:36.050,0.95179,0.95201,1.00,1.20
2008.06.05 06:35:36.791,0.95178,0.95192,1.20,0.95
2008.06.05 06:35:37.226,0.95179,0.952,0.98,1.40
2008.06.05 06:35:45.219,0.95181,0.952,0.83,2.20
2008.06.05 06:35:45.532,0.95183,0.95203,1.10,1.10
2008.06.05 06:35:48.896,0.95188,0.95205,1.20,1.50
2008.06.05 06:35:49.145,0.95187,0.95207,2.00,1.50
2008.06.05 06:35:50.349,0.95192,0.95203,0.52,1.20
2008.06.05 06:35:50.613,0.95197,0.95205,0.46,0.98
2008.06.05 06:35:54.606,0.95196,0.95216,1.40,1.70
2008.06.05 06:35:55.779,0.95195,0.95212,1.40,5.80
2008.06.05 06:35:56.172,0.95193,0.95212,1.90,2.10
2008.06.05 06:36:04.696,0.95192,0.95211,1.10,1.20
2008.06.05 06:36:06.029,0.95193,0.95211,1.00,1.10
2008.06.05 06:36:07.924,0.95192,0.95211,0.40,0.64
2008.06.05 06:36:11.898,0.95193,0.95212,1.20,1.10
2008.06.05 06:36:13.027,0.95179,0.95193,1.50,0.84
2008.06.05 06:36:13.737,0.95178,0.95193,1.50,2.80
2008.06.05 06:36:14.203,0.95182,0.95193,1.10,1.20
2008.06.05 06:36:14.502,0.95187,0.95199,1.00,0.83
2008.06.05 06:36:15.105,0.95186,0.95203,1.70,1.30
2008.06.05 06:36:15.468,0.95185,0.95203,0.87,2.00
2008.06.05 06:36:15.971,0.95179,0.95199,1.40,4.30
2008.06.05 06:36:19.008,0.95177,0.95199,0.70,0.56
2008.06.05 06:36:21.248,0.95178,0.95192,2.50,1.90
2008.06.05 06:36:21.546,0.95176,0.95192,1.10,3.60
2008.06.05 06:36:21.925,0.95173,0.95187,1.60,1.20
2008.06.05 06:36:27.191,0.95171,0.9519,0.76,2.20
2008.06.05 06:36:27.785,0.95169,0.95187,1.20,1.10
2008.06.05 06:36:37.791,0.95168,0.95187,0.95,2.60
2008.06.05 06:36:49.102,0.9517,0.95187,1.00,1.10
2008.06.05 06:36:49.363,0.95173,0.95192,0.71,1.30
2008.06.05 06:36:49.531,0.95177,0.95192,2.40,0.82
2008.06.05 06:36:49.710,0.95173,0.95187,1.70,0.51
2008.06.05 06:36:49.813,0.9517,0.95187,1.80,1.10
2008.06.05 06:36:51.985,0.95168,0.95187,1.70,0.84
2008.06.05 06:36:53.409,0.95169,0.95193,0.79,0.84
2008.06.05 06:36:53.873,0.95177,0.95193,0.71,0.69
2008.06.05 06:36:54.051,0.95173,0.95186,2.90,1.80
2008.06.05 06:36:54.631,0.9517,0.95186,0.98,0.61
2008.06.05 06:36:59.987,0.95177,0.95192,1.30,1.20
2008.06.05 06:37:06.494,0.95173,0.95187,1.50,1.00
2008.06.05 06:37:06.775,0.9517,0.95187,0.67,1.40
2008.06.05 06:37:28.856,0.95168,0.95187,1.70,1.50
2008.06.05 06:37:29.126,0.95167,0.95183,1.40,2.30
2008.06.05 06:37:32.505,0.95168,0.95187,1.80,0.85
2008.06.05 06:37:36.809,0.95169,0.95187,0.89,1.10
2008.06.05 06:37:41.106,0.95177,0.95192,0.86,3.20
2008.06.05 06:37:47.741,0.95178,0.95197,0.73,2.20
2008.06.05 06:37:48.651,0.95177,0.95193,2.20,0.62
2008.06.05 06:37:59.239,0.9518,0.95197,0.84,1.10
2008.06.05 06:37:59.534,0.95187,0.95197,1.20,2.20
2008.06.05 06:38:00.582,0.95179,0.95199,1.70,0.80
2008.06.05 06:38:04.560,0.95176,0.95198,0.69,1.40
2008.06.05 06:38:05.471,0.95171,0.95193,0.72,1.10
2008.06.05 06:38:06.397,0.95169,0.95183,1.40,1.00
2008.06.05 06:38:06.859,0.95167,0.95183,1.40,2.00
2008.06.05 06:38:07.096,0.95169,0.95188,1.20,1.10
2008.06.05 06:38:13.972,0.95171,0.95193,1.20,0.57
2008.06.05 06:38:14.787,0.95169,0.95191,2.30,2.60
2008.06.05 06:38:16.309,0.95171,0.95191,1.80,0.83
2008.06.05 06:38:17.336,0.95168,0.95187,0.79,0.96
2008.06.05 06:38:17.806,0.95167,0.95183,1.60,1.90
2008.06.05 06:38:21.304,0.95168,0.95191,2.30,0.56
2008.06.05 06:38:21.805,0.95177,0.95191,1.40,2.50
2008.06.05 06:38:25.047,0.95176,0.95192,2.10,2.30
2008.06.05 06:38:25.956,0.95175,0.95192,0.88,1.80
2008.06.05 06:38:26.531,0.95177,0.95193,0.84,0.75
2008.06.05 06:38:29.397,0.9518,0.95202,1.10,3.30
2008.06.05 06:38:29.801,0.95187,0.95202,1.50,1.20
2008.06.05 06:38:32.340,0.95183,0.95202,1.70,1.60
2008.06.05 06:38:32.651,0.95179,0.95197,1.10,0.70
2008.06.05 06:38:34.341,0.95177,0.95197,1.60,1.40
2008.06.05 06:38:34.506,0.95178,0.95197,2.30,3.00
2008.06.05 06:38:43.682,0.95176,0.95192,2.10,1.20
2008.06.05 06:38:45.123,0.95175,0.95192,0.67,0.44
2008.06.05 06:38:47.313,0.95173,0.95192,0.45,0.68
2008.06.05 06:38:47.543,0.95177,0.95197,1.60,1.30
2008.06.05 06:38:51.407,0.95178,0.95197,0.73,1.50
2008.06.05 06:38:53.891,0.95177,0.95193,2.00,1.20
2008.06.05 06:38:56.337,0.95178,0.95197,0.99,2.20
2008.06.05 06:38:57.899,0.95177,0.95193,2.40,1.70
2008.06.05 06:39:06.230,0.95178,0.95197,1.40,0.93
2008.06.05 06:39:08.917,0.95177,0.95197,1.50,1.10
2008.06.05 06:39:14.457,0.95178,0.95192,2.30,1.10
2008.06.05 06:39:15.059,0.95176,0.9519,0.48,1.00
2008.06.05 06:39:15.571,0.9517,0.95185,1.10,2.60
2008.06.05 06:39:15.955,0.95169,0.95182,0.95,2.30
2008.06.05 06:39:16.669,0.95162,0.95183,0.56,1.50
2008.06.05 06:39:17.083,0.95161,0.9518,2.10,1.20
2008.06.05 06:39:17.743,0.95159,0.9518,1.80,0.85
2008.06.05 06:39:18.455,0.95156,0.9517,0.69,1.60
2008.06.05 06:39:18.939,0.95155,0.95167,0.94,0.98
2008.06.05 06:39:19.524,0.95149,0.95165,1.80,0.94
2008.06.05 06:39:21.110,0.95146,0.95162,2.30,2.30
2008.06.05 06:39:21.458,0.95147,0.95167,2.00,1.60
2008.06.05 06:39:21.914,0.95148,0.95167,0.95,1.60
2008.06.05 06:39:22.092,0.95146,0.95164,1.40,2.20
2008.06.05 06:39:23.691,0.95145,0.95164,2.00,1.30
2008.06.05 06:39:24.566,0.9514,0.9516,1.20,2.80
2008.06.05 06:39:25.881,0.95139,0.95157,0.76,1.10
2008.06.05 06:39:29.554,0.95147,0.9516,0.60,1.50
2008.06.05 06:39:38.732,0.95148,0.95165,1.10,1.60
2008.06.05 06:39:39.859,0.95147,0.95163,0.60,0.88
2008.06.05 06:39:50.198,0.95144,0.95157,0.80,1.30
2008.06.05 06:39:50.782,0.95142,0.95157,1.40,1.10
2008.06.05 06:39:51.206,0.95141,0.95157,3.60,1.60
2008.06.05 06:39:51.364,0.95139,0.95157,1.50,3.00
2008.06.05 06:39:51.938,0.95137,0.95153,1.30,1.10
2008.06.05 06:39:52.058,0.95133,0.95153,1.20,1.50
2008.06.05 06:39:52.266,0.95132,0.95153,2.30,1.70
2008.06.05 06:39:52.652,0.9513,0.95153,3.30,0.29
2008.06.05 06:39:52.924,0.95137,0.9515,1.10,3.80
2008.06.05 06:39:53.416,0.95131,0.9515,1.70,1.80
2008.06.05 06:39:53.779,0.95132,0.9515,1.90,1.80
2008.06.05 06:39:54.088,0.95137,0.9515,1.00,0.68
2008.06.05 06:39:54.663,0.95134,0.95152,1.10,1.20
2008.06.05 06:39:55.072,0.95132,0.9515,1.20,0.92
2008.06.05 06:39:55.592,0.95131,0.9515,1.00,1.60
2008.06.05 06:39:55.746,0.95129,0.9515,0.36,1.80
2008.06.05 06:39:56.246,0.95128,0.95143,1.40,0.98
2008.06.05 06:39:56.570,0.95127,0.95143,1.70,0.92
2008.06.05 06:39:57.463,0.95128,0.9515,1.70,6.20
2008.06.05 06:39:58.604,0.95127,0.95143,0.46,0.80
2008.06.05 06:39:59.132,0.95129,0.95148,1.70,1.20
2008.06.05 06:40:00.622,0.95127,0.95143,1.10,2.30
2008.06.05 06:40:01.082,0.95137,0.95148,0.74,1.10
2008.06.05 06:40:02.188,0.95132,0.9515,0.95,1.50
2008.06.05 06:40:02.662,0.95129,0.9515,1.30,3.20
2008.06.05 06:40:03.704,0.95128,0.9515,2.00,1.30
2008.06.05 06:40:04.940,0.9513,0.9515,3.50,1.20
2008.06.05 06:40:05.114,0.95137,0.9515,2.80,1.90
2008.06.05 06:40:05.546,0.95135,0.95152,1.00,1.30
2008.06.05 06:40:05.992,0.95132,0.95152,4.10,0.42
2008.06.05 06:40:06.084,0.95129,0.9515,5.30,0.68
2008.06.05 06:40:06.350,0.9513,0.9515,0.77,2.30
2008.06.05 06:40:06.831,0.95131,0.95154,1.60,1.40
2008.06.05 06:40:07.439,0.95132,0.95155,0.90,1.50
2008.06.05 06:40:10.298,0.95135,0.95155,1.10,1.00
2008.06.05 06:40:12.121,0.95137,0.95155,1.20,1.20
2008.06.05 06:40:12.825,0.9514,0.95155,0.82,3.40
2008.06.05 06:40:13.279,0.95141,0.95157,2.70,3.30
2008.06.05 06:40:14.024,0.95145,0.95165,3.20,0.54
2008.06.05 06:40:14.834,0.95147,0.95165,2.20,1.80
2008.06.05 06:40:16.368,0.95153,0.95167,2.20,2.50
2008.06.05 06:40:17.835,0.95149,0.95167,2.50,0.93
2008.06.05 06:40:21.794,0.95147,0.95167,2.20,0.71
2008.06.05 06:40:23.384,0.95148,0.95167,1.20,2.50
2008.06.05 06:40:24.465,0.9515,0.95171,2.30,1.60
2008.06.05 06:40:24.878,0.95157,0.95173,1.30,0.64
2008.06.05 06:40:26.703,0.9516,0.95177,2.30,1.80
2008.06.05 06:40:28.768,0.95158,0.95177,2.20,0.74
2008.06.05 06:40:31.354,0.9516,0.95177,1.40,1.20
2008.06.05 06:40:31.668,0.95167,0.95177,0.64,0.95
2008.06.05 06:40:46.029,0.95168,0.95187,0.65,0.84
2008.06.05 06:40:47.069,0.95167,0.95183,0.62,5.10
2008.06.05 06:40:49.225,0.95172,0.9519,0.58,1.40
2008.06.05 06:40:49.580,0.95175,0.9519,2.40,1.40
2008.06.05 06:40:49.904,0.95177,0.9519,0.74,1.10
2008.06.05 06:40:55.381,0.95178,0.95202,1.90,1.00
2008.06.05 06:40:55.655,0.95177,0.95202,0.78,1.20
2008.06.05 06:40:56.724,0.95178,0.95202,1.40,1.70
2008.06.05 06:41:03.960,0.95179,0.95202,0.67,1.40
2008.06.05 06:41:07.932,0.95177,0.95202,2.20,1.00
2008.06.05 06:41:14.378,0.95178,0.95199,1.10,1.20
2008.06.05 06:41:17.439,0.95177,0.95199,2.00,2.00
2008.06.05 06:41:24.583,0.95178,0.95202,0.79,2.60
2008.06.05 06:41:27.769,0.95177,0.95202,2.30,1.80
2008.06.05 06:41:29.034,0.95178,0.95202,2.20,1.00
2008.06.05 06:41:29.613,0.95177,0.95193,1.60,1.90
2008.06.05 06:41:32.209,0.95179,0.95201,0.96,0.86
2008.06.05 06:41:32.535,0.95177,0.95199,2.40,1.20
2008.06.05 06:41:46.679,0.95178,0.95199,1.80,1.10
2008.06.05 06:41:47.109,0.9518,0.95199,0.95,1.40
2008.06.05 06:41:47.978,0.95187,0.95199,1.60,1.50
2008.06.05 06:41:48.110,0.95183,0.95199,1.30,1.30
2008.06.05 06:41:48.532,0.9518,0.95199,1.20,1.50
2008.06.05 06:41:48.711,0.95179,0.95199,0.67,4.60
2008.06.05 06:41:50.021,0.95187,0.95199,1.20,0.98
2008.06.05 06:41:50.513,0.95183,0.95202,1.30,0.68
2008.06.05 06:41:50.723,0.9518,0.95199,1.50,1.00
2008.06.05 06:41:51.561,0.95179,0.95199,1.20,2.30
2008.06.05 06:41:52.384,0.95183,0.95199,1.90,1.20
2008.06.05 06:41:53.185,0.95187,0.952,1.10,2.10
2008.06.05 06:41:54.933,0.95183,0.95203,1.20,4.30
2008.06.05 06:41:55.430,0.95187,0.95202,1.70,2.60
2008.06.05 06:41:55.686,0.95183,0.95199,0.44,2.10
2008.06.05 06:41:56.190,0.95179,0.95199,1.80,1.20
2008.06.05 06:42:02.970,0.95177,0.95193,2.20,1.30
2008.06.05 06:42:23.272,0.95173,0.95191,1.20,1.60
2008.06.05 06:42:23.749,0.9517,0.95191,0.86,1.70
2008.06.05 06:42:24.521,0.95169,0.95188,2.20,0.41
2008.06.05 06:42:27.251,0.95168,0.95188,2.30,2.30
2008.06.05 06:42:31.375,0.9518,0.9519,0.76,1.20
2008.06.05 06:42:31.880,0.95187,0.9519,1.20,2.10
2008.06.05 06:42:32.014,0.9518,0.95202,2.40,1.10
2008.06.05 06:42:32.266,0.95179,0.9519,1.80,1.80
2008.06.05 06:42:32.531,0.95172,0.9519,0.51,1.80
2008.06.05 06:42:32.859,0.95167,0.95183,1.00,0.49
2008.06.05 06:42:34.385,0.95163,0.95179,1.40,1.30
2008.06.05 06:42:34.695,0.95161,0.95179,3.00,2.10
2008.06.05 06:42:38.109,0.95177,0.95183,1.20,3.50
2008.06.05 06:42:38.306,0.95169,0.95192,1.20,1.80
2008.06.05 06:42:38.495,0.95168,0.95192,2.90,1.60
2008.06.05 06:42:38.545,0.95169,0.95192,0.94,1.30
2008.06.05 06:42:38.820,0.95167,0.95187,0.61,1.80
2008.06.05 06:42:38.891,0.95168,0.95192,1.60,2.30
2008.06.05 06:42:39.100,0.95166,0.95185,1.60,0.85
2008.06.05 06:42:40.520,0.95165,0.95185,0.93,1.10
2008.06.05 06:42:45.085,0.95167,0.95188,1.10,1.70
2008.06.05 06:42:45.979,0.95168,0.95188,1.30,0.60
2008.06.05 06:42:46.287,0.95165,0.95183,2.00,1.00
2008.06.05 06:42:46.641,0.95161,0.95183,0.57,1.90
2008.06.05 06:42:46.763,0.95167,0.95183,2.80,1.60
2008.06.05 06:42:49.418,0.95163,0.95173,2.30,2.10
2008.06.05 06:42:49.683,0.95157,0.95173,0.78,1.20
2008.06.05 06:42:50.025,0.9516,0.95173,2.20,1.50
2008.06.05 06:42:50.613,0.95167,0.95179,0.73,2.10
2008.06.05 06:42:55.218,0.95163,0.95173,1.40,1.60
2008.06.05 06:42:55.786,0.95158,0.95173,0.66,0.52
2008.06.05 06:43:06.293,0.95159,0.95181,0.68,1.00
2008.06.05 06:43:09.690,0.95158,0.95181,2.10,1.10
2008.06.05 06:43:18.923,0.95159,0.95181,1.40,1.20
2008.06.05 06:43:19.821,0.95158,0.95181,0.93,2.00
2008.06.05 06:43:20.174,0.9516,0.95181,2.80,2.10
2008.06.05 06:43:20.772,0.95167,0.95182,1.90,3.50
2008.06.05 06:43:45.175,0.95163,0.95173,1.30,2.30
2008.06.05 06:43:45.344,0.95158,0.95173,0.59,2.50
2008.06.05 06:43:45.416,0.95161,0.95173,2.30,1.50
2008.06.05 06:43:45.724,0.95158,0.95173,1.60,2.10
2008.06.05 06:43:45.964,0.95167,0.95179,1.70,1.40
2008.06.05 06:43:46.175,0.95165,0.9518,0.79,1.50
2008.06.05 06:43:46.313,0.95163,0.9518,0.38,1.80
2008.06.05 06:43:46.645,0.95161,0.9518,1.40,1.50
2008.06.05 06:43:46.806,0.9516,0.9518,1.10,1.60
2008.06.05 06:43:53.175,0.95158,0.9518,1.20,3.60
2008.06.05 06:43:53.998,0.95159,0.9518,0.61,1.50
2008.06.05 06:44:01.458,0.95157,0.9518,0.91,4.40
2008.06.05 06:44:01.916,0.95158,0.9518,1.40,2.80
2008.06.05 06:44:02.693,0.95159,0.9518,1.60,1.40
2008.06.05 06:44:11.053,0.95157,0.9518,0.96,2.40
2008.06.05 06:44:11.467,0.95158,0.9518,1.40,3.10
2008.06.05 06:44:11.991,0.95159,0.9518,3.00,0.61
2008.06.05 06:44:27.685,0.95167,0.9518,1.30,2.00
2008.06.05 06:44:32.345,0.95163,0.95184,3.10,1.30
2008.06.05 06:44:33.161,0.95162,0.95184,1.30,0.63
2008.06.05 06:44:34.550,0.95161,0.9518,2.00,1.40
2008.06.05 06:45:08.610,0.95167,0.95183,0.98,0.72
2008.06.05 06:45:09.160,0.95163,0.95183,1.60,1.70
2008.06.05 06:45:09.273,0.95162,0.9518,1.60,0.95
2008.06.05 06:45:09.659,0.95159,0.9518,0.73,2.10
2008.06.05 06:45:09.844,0.9516,0.9518,1.90,1.50
2008.06.05 06:45:38.164,0.95161,0.95183,2.10,1.60
2008.06.05 06:45:38.777,0.95167,0.95183,2.20,1.70
2008.06.05 06:45:39.115,0.95165,0.95183,1.90,1.70
2008.06.05 06:45:39.333,0.95163,0.95183,1.00,2.50
2008.06.05 06:45:39.889,0.95162,0.9518,0.95,1.70
2008.06.05 06:45:40.391,0.95161,0.9518,0.72,2.00
2008.06.05 06:45:41.833,0.95167,0.9518,2.70,1.80
2008.06.05 06:45:50.192,0.95163,0.95183,1.70,1.80
2008.06.05 06:45:50.551,0.95159,0.95179,2.50,1.20
2008.06.05 06:45:51.259,0.95158,0.95174,1.70,1.40
2008.06.05 06:45:53.196,0.95159,0.95179,2.90,4.70
2008.06.05 06:45:54.319,0.95158,0.95174,0.79,3.70
2008.06.05 06:46:01.827,0.95157,0.95173,5.90,1.60
2008.06.05 06:46:14.014,0.95161,0.95173,1.50,0.74
2008.06.05 06:46:14.541,0.95157,0.95173,0.97,1.30
2008.06.05 06:46:14.944,0.95167,0.95177,0.95,0.69
2008.06.05 06:46:58.191,0.95168,0.9519,1.50,2.00
2008.06.05 06:47:01.022,0.95167,0.95183,1.30,0.92
2008.06.05 06:47:02.325,0.95168,0.95192,0.63,1.20
2008.06.05 06:47:03.357,0.95177,0.95192,0.76,1.10
2008.06.05 06:47:04.142,0.95173,0.95192,1.20,1.80
2008.06.05 06:47:04.667,0.9517,0.95192,2.70,1.80
2008.06.05 06:47:05.279,0.95169,0.95192,1.20,1.50
2008.06.05 06:47:05.741,0.95172,0.95192,2.50,0.63
2008.06.05 06:47:12.177,0.95176,0.95194,1.80,0.78
2008.06.05 06:47:12.504,0.95177,0.95194,1.10,1.40
2008.06.05 06:47:12.909,0.95178,0.95198,0.60,2.80
2008.06.05 06:47:14.874,0.95185,0.95194,0.48,1.20
2008.06.05 06:47:15.213,0.95178,0.95193,0.86,1.90
2008.06.05 06:47:15.674,0.95185,0.95194,3.70,1.70
2008.06.05 06:47:16.346,0.95186,0.95194,3.00,0.83
2008.06.05 06:47:20.520,0.95187,0.95197,1.60,3.00
2008.06.05 06:47:21.189,0.95178,0.95193,1.10,1.30
2008.06.05 06:47:22.489,0.95185,0.95197,2.00,0.77
2008.06.05 06:47:23.588,0.95186,0.95197,0.87,1.50
2008.06.05 06:47:35.339,0.95179,0.95197,1.50,2.80
2008.06.05 06:47:43.321,0.95177,0.95202,0.58,1.10
2008.06.05 06:47:43.946,0.95178,0.95202,3.80,1.40
2008.06.05 06:47:45.670,0.95179,0.95202,0.64,0.91
2008.06.05 06:47:49.642,0.95177,0.95197,0.95,1.80
2008.06.05 06:48:08.087,0.95178,0.95201,1.10,0.81
2008.06.05 06:48:09.522,0.95179,0.95201,2.30,2.00
2008.06.05 06:48:13.904,0.95177,0.95201,1.00,2.40
2008.06.05 06:48:14.082,0.95178,0.95201,2.00,1.10
2008.06.05 06:48:22.097,0.95179,0.95197,1.70,0.69
2008.06.05 06:48:22.872,0.95177,0.95193,1.40,3.80
2008.06.05 06:48:26.615,0.95178,0.95197,1.20,1.90
2008.06.05 06:48:47.560,0.95179,0.95202,1.10,2.30
2008.06.05 06:48:53.161,0.95178,0.952,0.45,0.23
2008.06.05 06:48:56.049,0.9518,0.952,2.00,0.56
2008.06.05 06:48:56.418,0.95186,0.95203,1.00,1.50
2008.06.05 06:48:56.668,0.95187,0.95203,1.50,2.70
2008.06.05 06:48:56.901,0.95192,0.95207,0.68,0.76
2008.06.05 06:48:57.316,0.95197,0.95213,0.91,2.30
2008.06.05 06:48:57.869,0.95196,0.95213,1.60,0.81
2008.06.05 06:48:58.466,0.95203,0.95217,0.58,1.30
2008.06.05 06:48:58.536,0.95199,0.95217,1.70,2.80
2008.06.05 06:49:01.157,0.95197,0.95215,1.50,1.70
2008.06.05 06:49:03.108,0.95199,0.95215,1.20,1.60
2008.06.05 06:49:03.532,0.952,0.9522,1.90,1.20
2008.06.05 06:49:04.167,0.95202,0.95225,2.00,0.61
2008.06.05 06:49:05.224,0.95203,0.95225,2.40,1.90
2008.06.05 06:49:16.806,0.95207,0.95227,0.72,1.10
2008.06.05 06:49:18.145,0.95209,0.95227,2.00,1.50
2008.06.05 06:49:19.361,0.95207,0.95223,1.40,1.20
2008.06.05 06:49:22.149,0.95206,0.95222,2.30,3.00
2008.06.05 06:49:22.589,0.952,0.95222,2.60,1.80
2008.06.05 06:49:22.939,0.95207,0.95222,0.78,2.10
2008.06.05 06:49:32.301,0.95203,0.9522,1.30,1.40
2008.06.05 06:49:33.044,0.952,0.9522,1.30,1.80
2008.06.05 06:49:34.080,0.95197,0.9522,2.90,2.10
2008.06.05 06:49:38.008,0.952,0.9522,0.96,1.40
2008.06.05 06:49:38.710,0.95203,0.9522,1.70,1.30
2008.06.05 06:49:39.825,0.95202,0.9522,0.72,0.42
2008.06.05 06:49:42.487,0.952,0.95223,1.40,1.50
2008.06.05 06:49:42.724,0.95203,0.95222,1.20,1.70
2008.06.05 06:49:47.643,0.952,0.95222,0.89,1.10
2008.06.05 06:49:49.674,0.95207,0.95222,1.30,1.70
2008.06.05 06:49:50.223,0.95203,0.95223,1.70,1.00
2008.06.05 06:49:50.827,0.952,0.95222,1.60,1.20
2008.06.05 06:49:52.287,0.95199,0.95222,1.80,2.30
2008.06.05 06:49:52.925,0.95197,0.95222,0.40,1.60
2008.06.05 06:49:54.429,0.95201,0.95223,1.40,0.76
2008.06.05 06:49:54.998,0.95207,0.95223,4.30,1.80
2008.06.05 06:50:08.325,0.95203,0.95223,4.30,0.83
2008.06.05 06:50:08.972,0.952,0.95221,0.99,1.40
2008.06.05 06:50:10.095,0.95207,0.95221,0.62,1.90
2008.06.05 06:50:10.637,0.95203,0.95213,2.20,1.20
2008.06.05 06:50:10.671,0.95197,0.95213,2.60,0.61
2008.06.05 06:50:12.213,0.95201,0.95213,3.90,1.00
2008.06.05 06:50:12.497,0.95197,0.95213,2.10,2.00
2008.06.05 06:50:12.938,0.95207,0.95219,0.72,1.20
2008.06.05 06:50:13.293,0.95203,0.95223,1.30,1.80
2008.06.05 06:50:13.982,0.952,0.95223,0.86,5.30
2008.06.05 06:50:15.658,0.95199,0.95221,1.40,2.30
2008.06.05 06:50:16.622,0.952,0.95221,0.69,1.40
2008.06.05 06:50:20.511,0.95199,0.95221,1.50,2.70
2008.06.05 06:50:24.272,0.95201,0.95221,0.99,1.30
2008.06.05 06:50:24.814,0.95207,0.95221,0.42,3.50
2008.06.05 06:50:53.078,0.95209,0.95228,0.51,1.50
2008.06.05 06:50:53.927,0.95207,0.95228,0.54,1.70
2008.06.05 06:50:58.364,0.95209,0.95228,1.80,0.65
2008.06.05 06:51:17.467,0.95211,0.95228,0.60,1.40
2008.06.05 06:51:17.932,0.95217,0.9523,1.20,1.40
2008.06.05 06:51:40.434,0.95213,0.95223,1.60,1.30
2008.06.05 06:51:40.542,0.95207,0.95223,2.40,0.72
2008.06.05 06:51:43.128,0.95206,0.95223,1.20,1.80
2008.06.05 06:51:43.361,0.95203,0.95223,1.50,0.67
2008.06.05 06:51:43.919,0.95206,0.95221,0.89,1.20
2008.06.05 06:51:44.245,0.95203,0.95221,5.40,3.10
2008.06.05 06:51:45.243,0.95201,0.95221,0.99,2.30
2008.06.05 06:51:45.793,0.952,0.95221,1.10,1.50
2008.06.05 06:51:48.259,0.95199,0.95216,0.67,0.41
2008.06.05 06:51:51.694,0.95197,0.95216,1.40,1.30
2008.06.05 06:52:09.710,0.95207,0.95216,1.50,1.80
2008.06.05 06:52:10.408,0.95203,0.95221,1.10,0.58
2008.06.05 06:52:10.845,0.95199,0.95216,2.20,3.00
2008.06.05 06:52:11.348,0.95197,0.95213,1.50,1.20
2008.06.05 06:52:15.239,0.95193,0.95208,0.81,3.90
2008.06.05 06:52:15.643,0.9519,0.95208,1.00,1.80
2008.06.05 06:52:15.850,0.95189,0.95206,0.93,2.60
2008.06.05 06:52:16.484,0.9518,0.95201,4.70,0.73
2008.06.05 06:52:16.517,0.95187,0.95203,2.30,1.00
2008.06.05 06:52:19.062,0.95183,0.95201,0.52,1.20
2008.06.05 06:52:19.766,0.95182,0.95201,1.30,0.73
2008.06.05 06:52:20.165,0.95183,0.95201,1.10,1.80
2008.06.05 06:52:20.346,0.95179,0.95201,2.10,1.20
2008.06.05 06:52:20.733,0.95178,0.95201,2.30,1.00
2008.06.05 06:52:20.939,0.9518,0.95201,1.10,1.10
2008.06.05 06:52:24.155,0.95181,0.95203,1.90,1.80
2008.06.05 06:52:24.808,0.95187,0.95203,1.50,1.50
2008.06.05 06:52:35.125,0.95191,0.95203,1.50,1.60
2008.06.05 06:52:35.802,0.95197,0.95207,1.20,1.70
2008.06.05 06:52:42.172,0.95195,0.95213,2.40,1.70
2008.06.05 06:52:42.714,0.95191,0.95208,1.50,1.40
2008.06.05 06:52:43.111,0.9519,0.95208,0.98,0.66
2008.06.05 06:52:43.772,0.95189,0.95208,2.70,7.90
2008.06.05 06:52:48.862,0.95188,0.95208,0.75,1.50
2008.06.05 06:53:18.497,0.95187,0.95201,0.68,1.10
2008.06.05 06:53:19.315,0.95186,0.95201,0.91,1.20
2008.06.05 06:53:19.344,0.95185,0.95201,2.40,1.00
2008.06.05 06:53:19.997,0.95187,0.95201,0.87,0.77
2008.06.05 06:53:20.077,0.95189,0.95203,2.30,0.90
2008.06.05 06:53:20.542,0.95187,0.95203,1.20,1.60
2008.06.05 06:53:20.816,0.95186,0.95203,1.50,2.00
2008.06.05 06:53:21.257,0.95183,0.95201,0.84,0.52
2008.06.05 06:53:21.531,0.95187,0.95201,2.70,1.80
2008.06.05 06:53:21.768,0.95189,0.95203,1.30,2.10
2008.06.05 06:53:22.053,0.95187,0.95203,1.00,2.50
2008.06.05 06:53:23.053,0.95186,0.95201,1.80,1.20
2008.06.05 06:53:23.353,0.95191,0.95208,1.20,1.30
2008.06.05 06:53:23.865,0.95197,0.95211,1.90,0.94
2008.06.05 06:53:25.417,0.95193,0.95208,0.88,0.91
2008.06.05 06:53:25.526,0.95189,0.95205,1.30,4.90
2008.06.05 06:53:26.917,0.95186,0.95201,0.65,1.60
2008.06.05 06:53:30.667,0.95183,0.95201,0.64,0.73
2008.06.05 06:53:38.610,0.9518,0.95201,0.53,0.86
2008.06.05 06:53:55.008,0.95187,0.95201,0.87,0.78
2008.06.05 06:53:55.493,0.95184,0.95201,1.80,0.80
2008.06.05 06:53:55.731,0.95183,0.95201,0.76,0.97
2008.06.05 06:53:55.845,0.95179,0.95201,1.10,1.50
2008.06.05 06:53:56.744,0.95178,0.95201,1.30,3.00
2008.06.05 06:53:57.446,0.95181,0.95201,0.96,0.81
2008.06.05 06:54:11.580,0.95178,0.95198,1.10,0.75
2008.06.05 06:54:12.842,0.95181,0.95198,0.86,0.90
2008.06.05 06:54:18.558,0.9518,0.95198,2.10,0.78
2008.06.05 06:54:19.683,0.95197,0.95198,1.20,1.00
2008.06.05 06:54:25.173,0.95193,0.95213,0.56,0.93
2008.06.05 06:54:25.707,0.95189,0.95205,0.77,0.70
2008.06.05 06:54:26.025,0.95187,0.95203,2.20,1.20
2008.06.05 06:54:27.160,0.95186,0.95201,0.97,1.90
2008.06.05 06:54:27.673,0.95181,0.95201,0.89,1.40
2008.06.05 06:54:28.414,0.95179,0.95196,1.50,1.90
2008.06.05 06:54:38.846,0.95177,0.95193,2.10,0.83
2008.06.05 06:54:45.199,0.95173,0.95191,1.50,1.70
2008.06.05 06:54:45.400,0.9517,0.95191,1.30,0.89
2008.06.05 06:54:45.989,0.95169,0.95191,1.20,1.20
2008.06.05 06:54:47.856,0.9517,0.95191,0.96,1.70
2008.06.05 06:54:48.184,0.95177,0.95188,1.70,2.60
2008.06.05 06:54:50.467,0.95187,0.95202,0.67,2.20
2008.06.05 06:54:54.096,0.95183,0.95203,1.10,2.10
2008.06.05 06:54:54.722,0.95179,0.95198,1.40,0.92
2008.06.05 06:54:56.722,0.95181,0.95198,0.86,2.70
2008.06.05 06:55:01.252,0.95187,0.95201,0.74,2.00
2008.06.05 06:55:03.181,0.95184,0.95198,0.96,0.86
2008.06.05 06:55:03.627,0.95183,0.95198,1.10,1.90
2008.06.05 06:55:03.843,0.9518,0.95198,7.10,1.00
2008.06.05 06:55:05.583,0.95181,0.95198,1.70,1.70
2008.06.05 06:55:13.672,0.95182,0.95198,1.70,0.79
2008.06.05 06:55:14.175,0.95181,0.95198,1.70,1.00
2008.06.05 06:55:15.602,0.95182,0.95198,0.61,1.60
2008.06.05 06:55:16.583,0.95181,0.95198,1.10,1.20
2008.06.05 06:55:17.327,0.95182,0.95198,0.88,1.60
2008.06.05 06:55:18.173,0.9518,0.95198,1.70,1.70
2008.06.05 06:55:18.789,0.95179,0.95198,1.40,1.40
2008.06.05 06:55:19.783,0.95181,0.95198,0.77,1.40
2008.06.05 06:55:23.970,0.95187,0.95201,1.40,1.00
2008.06.05 06:55:24.189,0.95183,0.95201,1.00,0.85
2008.06.05 06:55:24.531,0.95182,0.95201,2.00,0.76
2008.06.05 06:55:27.834,0.95187,0.95203,1.40,0.93
2008.06.05 06:55:35.982,0.95197,0.95211,0.94,1.60
2008.06.05 06:55:42.298,0.95201,0.95213,0.90,0.79
2008.06.05 06:55:42.979,0.95207,0.95213,1.70,2.20
2008.06.05 06:55:57.026,0.95203,0.95223,2.10,1.30
2008.06.05 06:55:57.494,0.952,0.95218,0.66,1.20
2008.06.05 06:55:57.824,0.95199,0.95218,2.40,0.38
2008.06.05 06:55:58.088,0.95198,0.95218,1.50,2.10
2008.06.05 06:55:58.675,0.95197,0.95218,0.76,2.40
2008.06.05 06:55:59.111,0.95195,0.95212,0.87,1.90
2008.06.05 06:55:59.497,0.95189,0.95212,1.70,1.00
2008.06.05 06:55:59.742,0.95187,0.95203,1.10,2.80
2008.06.05 06:56:00.103,0.95182,0.95198,1.10,2.00
2008.06.05 06:56:00.483,0.9518,0.95198,3.70,1.30
2008.06.05 06:56:00.989,0.95179,0.95198,1.20,6.50
2008.06.05 06:56:01.473,0.95177,0.95193,0.72,1.60
2008.06.05 06:56:03.060,0.95171,0.95183,0.71,2.90
2008.06.05 06:56:03.662,0.9517,0.95183,2.80,0.77
2008.06.05 06:56:03.683,0.95167,0.95183,0.74,2.80
2008.06.05 06:56:41.124,0.95163,0.95183,0.64,2.40
2008.06.05 06:56:41.646,0.95161,0.95183,0.31,2.70
2008.06.05 06:56:42.013,0.95162,0.95181,0.66,0.67
2008.06.05 06:56:47.245,0.95171,0.95181,2.20,0.70
2008.06.05 06:56:47.907,0.95177,0.95185,3.80,1.60
2008.06.05 06:57:09.802,0.95187,0.95199,1.50,3.70
2008.06.05 06:57:15.380,0.95188,0.95209,2.10,0.64
2008.06.05 06:57:25.317,0.95191,0.95212,3.20,0.94
2008.06.05 06:57:25.968,0.95197,0.95212,0.51,1.40
2008.06.05 06:57:27.989,0.952,0.95219,1.10,1.70
2008.06.05 06:57:28.424,0.95197,0.95219,0.80,3.00
2008.06.05 06:57:29.936,0.95196,0.95219,1.20,0.93
2008.06.05 06:57:30.129,0.95195,0.95217,0.59,1.90
2008.06.05 06:57:30.520,0.95193,0.95217,1.90,1.80
2008.06.05 06:57:32.551,0.95197,0.95219,2.90,0.47
2008.06.05 06:57:33.722,0.95198,0.95219,1.10,0.55
2008.06.05 06:57:34.319,0.95201,0.95219,2.00,2.30
2008.06.05 06:57:34.702,0.95207,0.95219,1.10,1.60
2008.06.05 06:57:35.229,0.95199,0.95223,1.00,1.30
2008.06.05 06:57:35.397,0.95202,0.95223,0.94,1.30
2008.06.05 06:57:35.981,0.952,0.95223,0.71,1.20
2008.06.05 06:57:36.950,0.95207,0.95223,1.50,1.40
2008.06.05 06:57:37.169,0.95204,0.95223,0.96,1.90
2008.06.05 06:57:37.368,0.952,0.95223,2.90,3.90
2008.06.05 06:57:37.553,0.95199,0.95223,1.70,0.82
2008.06.05 06:57:37.931,0.95198,0.95222,0.78,2.70
2008.06.05 06:57:39.975,0.95199,0.95222,2.40,2.00
2008.06.05 06:57:40.185,0.95201,0.95222,1.10,1.50
2008.06.05 06:57:40.309,0.95207,0.95222,1.50,1.20
2008.06.05 06:57:40.609,0.95203,0.95223,1.10,1.40
2008.06.05 06:57:40.799,0.952,0.95222,1.00,0.86
2008.06.05 06:57:41.143,0.95199,0.95222,0.59,1.80
2008.06.05 06:57:41.237,0.95197,0.95222,1.40,1.20
2008.06.05 06:57:41.490,0.95196,0.95193,2.90,2.40
2008.06.05 06:57:41.599,0.95185,0.95193,0.85,0.70
2008.06.05 06:57:41.806,0.95179,0.95193,1.70,0.85
2008.06.05 06:57:41.834,0.95177,0.95193,0.51,1.60
2008.06.05 06:57:47.219,0.95178,0.95198,0.81,2.90
2008.06.05 06:57:47.582,0.95191,0.95199,0.95,1.70
2008.06.05 06:57:47.679,0.95192,0.95199,2.50,0.94
2008.06.05 06:57:49.843,0.95177,0.95192,1.70,1.50
2008.06.05 06:57:50.152,0.95175,0.95187,1.00,1.80
2008.06.05 06:57:51.216,0.95173,0.95187,1.40,1.10
2008.06.05 06:57:51.638,0.95169,0.95184,2.00,0.56
2008.06.05 06:57:52.438,0.95167,0.95183,0.90,1.30
2008.06.05 06:57:52.902,0.95166,0.95183,0.98,1.30
2008.06.05 06:57:53.704,0.95165,0.95181,1.50,1.20
2008.06.05 06:57:54.642,0.95163,0.95181,1.20,1.40
2008.06.05 06:57:55.889,0.95162,0.95186,3.20,1.10
2008.06.05 06:57:57.921,0.95167,0.95186,2.10,0.52
2008.06.05 06:57:58.315,0.95168,0.95186,1.40,0.90
2008.06.05 06:57:58.535,0.95167,0.95188,1.10,0.55
2008.06.05 06:58:04.051,0.95172,0.95188,1.30,0.99
2008.06.05 06:58:04.741,0.95177,0.95188,1.10,2.10
2008.06.05 06:58:06.061,0.95187,0.95193,0.72,1.30
2008.06.05 06:58:07.300,0.95179,0.95201,0.51,0.37
2008.06.05 06:58:07.599,0.95178,0.95188,0.77,1.80
2008.06.05 06:58:07.922,0.95176,0.95188,1.10,1.40
2008.06.05 06:58:08.370,0.95175,0.95188,2.30,1.80
2008.06.05 06:58:08.610,0.95168,0.95186,1.40,4.40
2008.06.05 06:58:09.631,0.95165,0.95186,0.82,2.40
2008.06.05 06:58:10.365,0.95163,0.95181,1.10,1.00
2008.06.05 06:58:10.502,0.95162,0.95186,1.80,1.60
2008.06.05 06:58:11.186,0.95167,0.95181,1.50,1.50
2008.06.05 06:58:11.588,0.95168,0.95183,0.99,1.20
2008.06.05 06:58:11.974,0.95167,0.95183,1.20,1.10
2008.06.05 06:58:14.832,0.95169,0.95191,1.70,1.20
2008.06.05 06:58:18.136,0.95171,0.95188,1.90,0.99
2008.06.05 06:58:18.837,0.95172,0.95189,0.63,2.70
2008.06.05 06:58:20.643,0.95177,0.95191,0.96,2.30
2008.06.05 06:58:22.484,0.95187,0.95195,2.40,0.58
2008.06.05 06:58:27.014,0.95188,0.95209,0.68,1.50
2008.06.05 06:58:27.720,0.95192,0.95211,0.79,2.20
2008.06.05 06:58:33.281,0.95196,0.95215,1.10,1.00
2008.06.05 06:58:33.635,0.95197,0.95215,1.70,1.00
2008.06.05 06:58:34.339,0.95198,0.95219,2.10,1.50
2008.06.05 06:58:34.657,0.95201,0.95219,1.60,2.30
2008.06.05 06:59:18.666,0.95207,0.95222,1.10,0.58
2008.06.05 06:59:20.057,0.95202,0.95223,1.60,1.80
2008.06.05 06:59:20.820,0.952,0.95223,0.59,1.40
2008.06.05 06:59:21.759,0.95197,0.95213,1.00,1.30
2008.06.05 06:59:23.041,0.95201,0.95213,1.70,1.40
2008.06.05 06:59:23.517,0.95207,0.95216,2.20,2.30
2008.06.05 06:59:37.118,0.95212,0.95223,1.10,2.20
2008.06.05 06:59:37.393,0.95217,0.95226,0.82,0.78
2008.06.05 06:59:37.494,0.95212,0.95232,1.90,1.10
2008.06.05 06:59:37.683,0.9521,0.95232,0.93,0.91
2008.06.05 06:59:37.828,0.95208,0.95232,1.00,1.60
2008.06.05 06:59:38.886,0.95207,0.95232,0.70,2.60
2008.06.05 06:59:39.048,0.95206,0.95223,0.75,2.90
2008.06.05 06:59:39.443,0.95203,0.95223,1.00,1.90
2008.06.05 06:59:39.623,0.95197,0.95221,0.84,1.40
2008.06.05 06:59:39.798,0.95201,0.95221,0.77,3.80
2008.06.05 06:59:49.365,0.95197,0.95213,0.65,1.40
2008.06.05 06:59:50.436,0.95199,0.95215,2.20,1.30
2008.06.05 06:59:54.037,0.95217,0.95219,1.30,1.70
2008.06.05 06:59:56.087,0.95214,0.95228,1.30,0.71
2008.06.05 06:59:56.403,0.95212,0.95228,0.70,1.70
2008.06.05 06:59:56.544,0.95207,0.95228,1.10,1.20
2008.06.05 06:59:56.961,0.95206,0.95228,1.60,0.96
2008.06.05 06:59:57.757,0.95203,0.95228,1.60,1.70
