2010.07.29 15:00:00.061,0.90184,0.90197,1.30,0.48
2010.07.29 15:00:00.245,0.90186,0.90197,1.20,0.47
2010.07.29 15:00:00.397,0.90187,0.90198,4.10,1.30
2010.07.29 15:00:00.645,0.90186,0.90198,0.35,0.51
2010.07.29 15:00:00.726,0.90187,0.90198,0.74,3.80
2010.07.29 15:00:00.850,0.90188,0.90202,1.10,0.45
2010.07.29 15:00:01.240,0.90189,0.90202,1.70,0.46
2010.07.29 15:00:01.394,0.90188,0.90202,0.78,0.94
2010.07.29 15:00:01.616,0.90187,0.90199,1.60,0.70
2010.07.29 15:00:01.803,0.90188,0.902,0.45,0.61
2010.07.29 15:00:02.293,0.90189,0.90202,0.90,0.98
2010.07.29 15:00:02.655,0.9019,0.90203,1.40,0.72
2010.07.29 15:00:03.386,0.90189,0.90203,1.10,0.90
2010.07.29 15:00:03.755,0.90188,0.90203,0.94,1.00
2010.07.29 15:00:04.065,0.90189,0.90203,2.60,0.67
2010.07.29 15:00:04.262,0.90187,0.90198,1.20,1.10
2010.07.29 15:00:04.636,0.90188,0.90199,1.60,1.30
2010.07.29 15:00:04.804,0.90189,0.90199,0.82,2.50
2010.07.29 15:00:05.066,0.9019,0.90202,1.40,4.20
2010.07.29 15:00:05.261,0.90189,0.90202,1.40,0.84
2010.07.29 15:00:05.416,0.90188,0.902,1.60,0.63
2010.07.29 15:00:05.527,0.90187,0.90199,0.93,2.00
2010.07.29 15:00:05.674,0.90188,0.90199,1.00,0.69
2010.07.29 15:00:05.735,0.90189,0.90199,0.34,0.85
2010.07.29 15:00:05.899,0.9019,0.90201,0.77,1.70
2010.07.29 15:00:06.206,0.90191,0.90203,1.00,2.20
2010.07.29 15:00:06.315,0.90192,0.90203,1.00,1.80
2010.07.29 15:00:06.516,0.90194,0.90203,0.56,0.52
2010.07.29 15:00:06.929,0.90195,0.90203,0.39,1.20
2010.07.29 15:00:07.369,0.90196,0.90203,0.73,1.80
2010.07.29 15:00:08.186,0.90195,0.90203,1.10,3.40
2010.07.29 15:00:08.476,0.90194,0.90203,1.50,0.79
2010.07.29 15:00:08.619,0.90195,0.90208,1.20,1.60
2010.07.29 15:00:08.826,0.90197,0.90208,2.00,1.40
2010.07.29 15:00:09.092,0.90196,0.90208,0.37,0.56
2010.07.29 15:00:09.378,0.90197,0.90208,0.60,0.76
2010.07.29 15:00:09.506,0.90198,0.90212,1.20,0.62
2010.07.29 15:00:09.908,0.90201,0.90211,0.68,1.40
2010.07.29 15:00:13.013,0.90202,0.90214,1.80,0.73
2010.07.29 15:00:13.207,0.90203,0.90214,0.99,1.30
2010.07.29 15:00:13.234,0.90206,0.90214,2.00,0.61
2010.07.29 15:00:13.352,0.90204,0.90214,1.80,1.40
2010.07.29 15:00:13.485,0.90203,0.90214,0.81,1.20
2010.07.29 15:00:13.570,0.90204,0.90214,1.50,0.50
2010.07.29 15:00:13.729,0.90205,0.90214,3.60,1.20
2010.07.29 15:00:13.854,0.90211,0.90214,0.81,0.55
2010.07.29 15:00:13.899,0.90208,0.90218,0.79,1.50
2010.07.29 15:00:14.163,0.90207,0.90218,1.40,2.60
2010.07.29 15:00:14.332,0.90206,0.90218,0.68,0.99
2010.07.29 15:00:14.401,0.90203,0.90217,1.60,1.10
2010.07.29 15:00:14.707,0.90202,0.90214,0.89,1.30
2010.07.29 15:00:14.920,0.90206,0.90216,1.30,0.72
2010.07.29 15:00:15.159,0.90205,0.90217,0.81,2.30
2010.07.29 15:00:15.273,0.90203,0.90217,1.20,0.51
2010.07.29 15:00:15.488,0.90202,0.90216,0.73,0.91
2010.07.29 15:00:15.524,0.90201,0.90214,1.40,2.40
2010.07.29 15:00:15.831,0.90206,0.90214,0.54,0.56
2010.07.29 15:00:15.862,0.90211,0.90214,0.76,0.95
2010.07.29 15:00:19.383,0.90207,0.90217,2.30,0.74
2010.07.29 15:00:19.978,0.90206,0.90215,1.40,1.40
2010.07.29 15:00:20.011,0.90211,0.90215,0.62,0.65
2010.07.29 15:00:20.358,0.90207,0.90217,1.10,1.30
2010.07.29 15:00:20.906,0.90206,0.90215,0.37,0.37
2010.07.29 15:00:21.162,0.90202,0.90212,1.40,1.60
2010.07.29 15:00:21.494,0.90206,0.90213,1.10,1.20
2010.07.29 15:00:21.979,0.90207,0.90218,0.94,0.66
2010.07.29 15:00:22.541,0.90211,0.90218,1.40,1.50
2010.07.29 15:00:23.208,0.90206,0.90213,0.63,0.75
2010.07.29 15:00:24.096,0.90207,0.90218,0.99,0.70
2010.07.29 15:00:24.314,0.90211,0.90218,1.40,0.52
2010.07.29 15:00:24.397,0.90207,0.90217,1.90,1.20
2010.07.29 15:00:24.555,0.90206,0.90216,1.00,0.47
2010.07.29 15:00:24.724,0.90207,0.90218,2.00,1.00
2010.07.29 15:00:24.957,0.90211,0.90218,0.81,2.10
2010.07.29 15:00:25.000,0.90208,0.90218,0.90,0.54
2010.07.29 15:00:25.151,0.90207,0.90217,1.60,0.25
2010.07.29 15:00:25.228,0.90206,0.90216,1.10,1.10
2010.07.29 15:00:25.324,0.90207,0.90218,0.90,0.54
2010.07.29 15:00:25.436,0.90208,0.9022,0.93,1.50
2010.07.29 15:00:25.543,0.90211,0.9022,0.82,0.32
2010.07.29 15:00:25.603,0.90206,0.90213,2.00,1.60
2010.07.29 15:00:25.663,0.90204,0.90213,2.10,0.83
2010.07.29 15:00:25.797,0.90203,0.90213,1.20,1.40
2010.07.29 15:00:25.881,0.90205,0.90213,0.61,1.60
2010.07.29 15:00:25.996,0.90207,0.90213,0.34,1.30
2010.07.29 15:00:26.054,0.90208,0.9022,1.30,5.20
2010.07.29 15:00:26.337,0.90211,0.90215,0.69,1.00
2010.07.29 15:00:26.571,0.9021,0.90222,2.20,2.10
2010.07.29 15:00:26.645,0.90208,0.90222,0.92,0.52
2010.07.29 15:00:26.956,0.90207,0.90218,2.60,0.99
2010.07.29 15:00:27.637,0.90211,0.9022,1.10,0.59
2010.07.29 15:00:28.349,0.90215,0.90222,2.30,0.53
2010.07.29 15:00:28.972,0.90221,0.90222,1.20,1.60
2010.07.29 15:00:29.023,0.90218,0.90227,1.20,0.76
2010.07.29 15:00:29.312,0.90217,0.90227,2.10,0.95
2010.07.29 15:00:29.480,0.90221,0.90227,1.40,1.50
2010.07.29 15:00:29.619,0.90214,0.90218,1.10,0.45
2010.07.29 15:00:29.811,0.90208,0.90218,0.86,0.62
2010.07.29 15:00:29.905,0.90206,0.90215,0.58,1.40
2010.07.29 15:00:30.214,0.90207,0.90218,2.40,1.70
2010.07.29 15:00:30.824,0.90211,0.90218,1.80,0.29
2010.07.29 15:00:34.253,0.90206,0.90214,0.64,1.50
2010.07.29 15:00:34.638,0.90203,0.90213,1.70,0.98
2010.07.29 15:00:34.845,0.90202,0.90212,0.94,2.20
2010.07.29 15:00:36.313,0.90203,0.90213,0.78,2.50
2010.07.29 15:00:36.405,0.90205,0.90213,0.57,1.20
2010.07.29 15:00:36.793,0.90211,0.90213,0.97,1.70
2010.07.29 15:00:38.143,0.90207,0.90217,1.40,1.50
2010.07.29 15:00:38.352,0.90206,0.90216,0.66,2.80
2010.07.29 15:00:38.569,0.90207,0.90218,0.60,0.72
2010.07.29 15:00:38.678,0.90208,0.90218,0.31,0.94
2010.07.29 15:00:38.938,0.90216,0.90218,0.87,2.50
2010.07.29 15:00:39.071,0.90213,0.90222,0.53,0.93
2010.07.29 15:00:39.268,0.90212,0.9022,0.62,1.30
2010.07.29 15:00:39.327,0.90207,0.90218,0.85,1.30
2010.07.29 15:00:39.451,0.90208,0.90218,1.30,1.30
2010.07.29 15:00:39.642,0.9021,0.90218,0.81,0.83
2010.07.29 15:00:39.777,0.90211,0.90218,1.60,0.96
2010.07.29 15:00:39.865,0.90216,0.90218,1.50,2.10
2010.07.29 15:00:40.099,0.90212,0.90222,0.72,1.10
2010.07.29 15:00:40.540,0.90211,0.9022,1.30,2.40
2010.07.29 15:00:41.024,0.90212,0.90223,0.64,0.46
2010.07.29 15:00:41.157,0.90216,0.9022,1.40,0.52
2010.07.29 15:00:41.265,0.90209,0.90218,0.92,0.44
2010.07.29 15:00:41.318,0.90208,0.90216,1.00,0.80
2010.07.29 15:00:41.436,0.90206,0.90216,0.41,0.77
2010.07.29 15:00:41.595,0.90207,0.90217,1.50,1.20
2010.07.29 15:00:41.647,0.9021,0.90217,0.43,0.88
2010.07.29 15:00:41.719,0.90212,0.90218,0.66,0.85
2010.07.29 15:00:41.880,0.90217,0.9022,0.75,0.88
2010.07.29 15:00:41.970,0.90221,0.9022,0.48,0.45
2010.07.29 15:00:42.001,0.90214,0.90223,1.20,0.84
2010.07.29 15:00:42.168,0.90211,0.90218,0.46,1.40
2010.07.29 15:00:42.360,0.90206,0.90215,0.53,0.24
2010.07.29 15:00:42.485,0.90221,0.90218,0.67,1.70
2010.07.29 15:00:42.580,0.90217,0.90216,0.67,0.81
2010.07.29 15:00:42.804,0.90202,0.9021,2.10,0.46
2010.07.29 15:00:42.947,0.90207,0.9021,2.30,0.99
2010.07.29 15:00:43.077,0.90202,0.90207,1.00,2.30
2010.07.29 15:00:43.331,0.90199,0.90205,1.30,0.61
2010.07.29 15:00:43.553,0.90197,0.90204,0.79,0.76
2010.07.29 15:00:43.892,0.90192,0.902,0.88,1.70
2010.07.29 15:00:44.050,0.90188,0.90199,0.93,0.42
2010.07.29 15:00:44.529,0.90187,0.90197,2.20,1.80
2010.07.29 15:00:46.076,0.90188,0.90196,2.60,3.40
2010.07.29 15:00:46.220,0.90192,0.90196,1.20,2.40
2010.07.29 15:00:46.565,0.90189,0.90199,1.00,2.20
2010.07.29 15:00:46.672,0.90188,0.90198,1.60,1.10
2010.07.29 15:00:46.931,0.90192,0.90198,1.00,0.82
2010.07.29 15:00:47.002,0.90191,0.902,4.90,0.50
2010.07.29 15:00:47.643,0.9019,0.902,0.78,1.10
2010.07.29 15:00:47.907,0.90192,0.902,0.84,0.87
2010.07.29 15:00:49.043,0.9019,0.902,0.92,1.00
2010.07.29 15:00:49.209,0.90189,0.902,1.10,2.80
2010.07.29 15:00:49.336,0.9019,0.902,3.50,0.85
2010.07.29 15:00:49.467,0.90191,0.902,0.95,2.80
2010.07.29 15:00:49.559,0.90192,0.90202,0.69,1.10
2010.07.29 15:00:49.694,0.90193,0.90203,1.50,1.30
2010.07.29 15:00:49.805,0.90195,0.90208,2.80,0.56
2010.07.29 15:00:49.934,0.90196,0.90208,1.20,0.45
2010.07.29 15:00:51.103,0.90195,0.90208,0.49,0.55
2010.07.29 15:00:51.391,0.90194,0.90208,1.00,0.67
2010.07.29 15:00:51.555,0.90197,0.90208,1.60,0.78
2010.07.29 15:00:51.873,0.90198,0.90209,0.53,0.51
2010.07.29 15:00:52.344,0.90197,0.90208,2.70,0.69
2010.07.29 15:00:52.899,0.90196,0.90208,2.00,0.70
2010.07.29 15:00:54.118,0.90194,0.90204,0.82,0.80
2010.07.29 15:00:54.559,0.90192,0.90202,0.56,0.65
2010.07.29 15:00:55.034,0.90191,0.90202,0.59,0.41
2010.07.29 15:00:55.929,0.9019,0.90202,0.91,0.79
2010.07.29 15:00:57.167,0.90188,0.90198,1.30,0.97
2010.07.29 15:00:57.356,0.90187,0.90193,1.30,2.80
2010.07.29 15:00:57.701,0.90177,0.90187,2.00,0.80
2010.07.29 15:00:58.292,0.90174,0.90183,0.54,1.30
2010.07.29 15:00:58.955,0.90172,0.9018,0.67,0.72
2010.07.29 15:01:01.082,0.9017,0.9018,1.40,0.78
2010.07.29 15:01:01.434,0.90169,0.9018,1.60,2.50
2010.07.29 15:01:01.586,0.90171,0.9018,0.89,1.50
2010.07.29 15:01:01.768,0.90172,0.9018,0.48,0.57
2010.07.29 15:01:03.117,0.90166,0.90173,1.60,2.00
2010.07.29 15:01:03.245,0.90164,0.90173,1.30,0.65
2010.07.29 15:01:03.354,0.90165,0.90173,1.50,0.89
2010.07.29 15:01:03.542,0.90164,0.90173,1.00,2.00
2010.07.29 15:01:03.707,0.90163,0.90173,1.10,0.78
2010.07.29 15:01:03.735,0.90161,0.90173,0.35,2.00
2010.07.29 15:01:03.982,0.9016,0.90173,2.40,0.85
2010.07.29 15:01:05.071,0.90162,0.90172,2.50,1.30
2010.07.29 15:01:05.203,0.90167,0.90172,0.62,2.60
2010.07.29 15:01:05.512,0.90166,0.90176,1.20,1.70
2010.07.29 15:01:05.780,0.90164,0.90176,0.39,1.70
2010.07.29 15:01:05.858,0.90163,0.90174,3.50,0.56
2010.07.29 15:01:06.067,0.90164,0.90174,0.39,0.55
2010.07.29 15:01:06.106,0.90163,0.90174,1.20,0.70
2010.07.29 15:01:06.254,0.90162,0.90173,1.20,0.64
2010.07.29 15:01:06.314,0.90163,0.90173,1.20,0.69
2010.07.29 15:01:06.451,0.90162,0.90173,0.60,0.38
2010.07.29 15:01:06.538,0.90161,0.90172,1.20,0.25
2010.07.29 15:01:06.583,0.90162,0.90172,1.80,0.97
2010.07.29 15:01:06.666,0.90163,0.90173,1.50,0.52
2010.07.29 15:01:06.787,0.90162,0.90173,1.50,2.10
2010.07.29 15:01:06.829,0.90167,0.90173,0.96,0.44
2010.07.29 15:01:06.997,0.90171,0.90177,0.75,0.92
2010.07.29 15:01:07.120,0.90169,0.90175,1.20,2.20
2010.07.29 15:01:07.301,0.90164,0.90173,1.80,3.50
2010.07.29 15:01:07.473,0.90162,0.90172,2.50,1.40
2010.07.29 15:01:07.614,0.90161,0.90171,1.50,1.70
2010.07.29 15:01:07.775,0.90162,0.90171,2.70,1.90
2010.07.29 15:01:07.964,0.90166,0.90171,1.10,0.84
2010.07.29 15:01:08.068,0.90167,0.90178,1.80,1.20
2010.07.29 15:01:08.144,0.90171,0.90178,0.80,0.27
2010.07.29 15:01:08.353,0.90169,0.90175,1.00,0.57
2010.07.29 15:01:08.491,0.90166,0.90174,0.28,2.40
2010.07.29 15:01:08.620,0.90163,0.90173,0.49,0.70
2010.07.29 15:01:08.828,0.90162,0.90171,2.20,0.56
2010.07.29 15:01:08.982,0.90161,0.90171,2.50,1.20
2010.07.29 15:01:11.083,0.90163,0.90173,1.40,2.20
2010.07.29 15:01:11.329,0.90167,0.90173,0.45,0.54
2010.07.29 15:01:11.423,0.90168,0.90178,0.42,0.64
2010.07.29 15:01:11.789,0.90171,0.90178,0.94,3.70
2010.07.29 15:01:11.875,0.90168,0.90178,0.60,1.40
2010.07.29 15:01:12.479,0.90167,0.90178,1.50,1.30
2010.07.29 15:01:12.794,0.90169,0.90178,0.63,0.68
2010.07.29 15:01:13.088,0.9017,0.90178,0.73,1.20
2010.07.29 15:01:18.130,0.90168,0.90177,1.80,1.50
2010.07.29 15:01:18.304,0.90166,0.90176,0.58,0.68
2010.07.29 15:01:18.731,0.90164,0.90173,0.73,0.52
2010.07.29 15:01:18.762,0.90161,0.90172,1.40,0.40
2010.07.29 15:01:19.057,0.9016,0.90168,3.10,1.80
2010.07.29 15:01:19.273,0.90159,0.90168,0.80,0.79
2010.07.29 15:01:19.340,0.90161,0.90168,1.20,0.49
2010.07.29 15:01:19.619,0.9016,0.9017,1.00,1.10
2010.07.29 15:01:19.679,0.90158,0.90168,0.49,0.81
2010.07.29 15:01:19.985,0.90157,0.90168,0.70,0.91
2010.07.29 15:01:20.121,0.90156,0.90168,0.47,0.52
2010.07.29 15:01:20.379,0.90161,0.90168,0.78,0.45
2010.07.29 15:01:20.528,0.9016,0.90172,0.93,1.40
2010.07.29 15:01:20.709,0.90158,0.90168,0.45,0.53
2010.07.29 15:01:20.855,0.90157,0.90168,0.57,0.86
2010.07.29 15:01:21.110,0.90161,0.90168,1.80,0.57
2010.07.29 15:01:21.140,0.9016,0.90169,0.54,0.87
2010.07.29 15:01:21.235,0.90159,0.90169,1.20,0.58
2010.07.29 15:01:21.418,0.90157,0.90168,0.75,0.64
2010.07.29 15:01:21.551,0.9016,0.90168,1.40,3.90
2010.07.29 15:01:21.605,0.90161,0.90168,1.50,1.30
2010.07.29 15:01:21.763,0.9016,0.9017,0.40,4.00
2010.07.29 15:01:21.850,0.90159,0.90169,1.00,0.34
2010.07.29 15:01:21.989,0.90157,0.90168,0.60,0.96
2010.07.29 15:01:22.054,0.90156,0.90168,1.30,1.30
2010.07.29 15:01:22.171,0.90157,0.90168,0.57,0.43
2010.07.29 15:01:22.184,0.9016,0.90168,1.60,1.70
2010.07.29 15:01:22.273,0.90161,0.90168,1.50,2.50
2010.07.29 15:01:22.442,0.90163,0.90173,0.56,0.67
2010.07.29 15:01:22.526,0.90161,0.90172,0.86,1.20
2010.07.29 15:01:22.562,0.90163,0.90173,0.86,2.80
2010.07.29 15:01:22.666,0.90161,0.90172,0.53,1.10
2010.07.29 15:01:22.812,0.90163,0.90173,0.70,1.20
2010.07.29 15:01:22.879,0.90168,0.90173,1.70,0.83
2010.07.29 15:01:22.953,0.90171,0.90179,0.40,0.95
2010.07.29 15:01:23.109,0.90168,0.90178,0.34,0.26
2010.07.29 15:01:23.381,0.90171,0.90177,0.78,0.53
2010.07.29 15:01:23.546,0.9017,0.90179,2.60,2.50
2010.07.29 15:01:23.689,0.90171,0.90178,2.10,1.20
2010.07.29 15:01:23.924,0.9017,0.90178,0.74,1.40
2010.07.29 15:01:24.002,0.90171,0.90178,1.60,1.10
2010.07.29 15:01:24.453,0.9017,0.90178,0.70,4.20
2010.07.29 15:01:24.527,0.90171,0.90179,0.53,0.71
2010.07.29 15:01:24.771,0.9017,0.90178,2.30,0.84
2010.07.29 15:01:25.235,0.90171,0.90178,0.52,0.61
2010.07.29 15:01:25.720,0.9017,0.90178,2.20,1.30
2010.07.29 15:01:26.057,0.90169,0.90176,0.40,1.10
2010.07.29 15:01:26.362,0.90168,0.90176,0.65,1.10
2010.07.29 15:01:26.981,0.90166,0.90176,2.20,1.90
2010.07.29 15:01:28.017,0.90163,0.90168,1.80,1.10
2010.07.29 15:01:28.416,0.90158,0.90168,1.50,0.86
2010.07.29 15:01:28.883,0.90157,0.90168,1.10,1.40
2010.07.29 15:01:29.009,0.90161,0.9017,2.50,2.60
2010.07.29 15:01:29.122,0.9016,0.90168,0.46,1.50
2010.07.29 15:01:29.273,0.90159,0.90168,0.92,0.49
2010.07.29 15:01:29.341,0.90158,0.90168,2.30,3.20
2010.07.29 15:01:29.473,0.90157,0.90168,3.70,1.00
2010.07.29 15:01:29.646,0.90159,0.90168,0.44,1.00
2010.07.29 15:01:29.739,0.90161,0.90171,2.20,2.00
2010.07.29 15:01:29.822,0.90166,0.90172,1.20,0.99
2010.07.29 15:01:29.999,0.90167,0.90175,0.70,1.20
2010.07.29 15:01:30.124,0.90168,0.90175,0.58,1.50
2010.07.29 15:01:30.149,0.90169,0.90178,0.90,0.84
2010.07.29 15:01:30.356,0.90168,0.90178,2.40,0.44
2010.07.29 15:01:30.406,0.90169,0.90178,0.55,0.89
2010.07.29 15:01:30.546,0.90171,0.90178,0.65,0.91
2010.07.29 15:01:30.733,0.9017,0.90178,3.30,1.80
2010.07.29 15:01:30.832,0.90169,0.90178,1.50,0.97
2010.07.29 15:01:30.995,0.90167,0.90178,1.00,1.30
2010.07.29 15:01:32.035,0.90166,0.90178,0.74,2.20
2010.07.29 15:01:33.084,0.90168,0.90178,0.58,0.76
2010.07.29 15:01:33.652,0.90169,0.90178,1.00,0.37
2010.07.29 15:01:33.948,0.90171,0.90178,1.30,0.54
2010.07.29 15:01:34.081,0.90172,0.90183,0.63,1.00
2010.07.29 15:01:34.176,0.90173,0.90183,0.93,1.80
2010.07.29 15:01:34.338,0.90172,0.90183,0.83,1.20
2010.07.29 15:01:34.517,0.90171,0.90183,1.70,1.50
2010.07.29 15:01:34.791,0.90173,0.90183,1.00,0.67
2010.07.29 15:01:34.983,0.90176,0.90183,1.90,0.58
2010.07.29 15:01:35.126,0.90175,0.90183,1.30,1.40
2010.07.29 15:01:35.447,0.90171,0.90183,2.30,0.85
2010.07.29 15:01:35.739,0.9017,0.90177,1.80,0.85
2010.07.29 15:01:35.850,0.90166,0.90177,0.60,0.91
2010.07.29 15:01:36.064,0.90165,0.90173,1.00,0.40
2010.07.29 15:01:36.165,0.90162,0.90173,1.00,2.40
2010.07.29 15:01:36.229,0.90161,0.90173,1.00,0.84
2010.07.29 15:01:36.331,0.90162,0.90173,0.57,2.20
2010.07.29 15:01:36.454,0.90163,0.90176,0.91,1.20
2010.07.29 15:01:36.576,0.90166,0.90175,1.40,0.73
2010.07.29 15:01:36.627,0.90165,0.90173,0.98,2.40
2010.07.29 15:01:36.734,0.90163,0.90173,1.30,2.70
2010.07.29 15:01:36.817,0.90161,0.90173,1.20,1.70
2010.07.29 15:01:36.906,0.90166,0.90173,0.84,0.94
2010.07.29 15:01:37.011,0.90163,0.90172,0.74,1.40
2010.07.29 15:01:37.311,0.90162,0.90172,0.50,1.50
2010.07.29 15:01:37.528,0.90161,0.90168,0.78,1.20
2010.07.29 15:01:37.646,0.90159,0.90168,1.50,0.69
2010.07.29 15:01:37.992,0.90161,0.90168,0.87,0.50
2010.07.29 15:01:38.007,0.90163,0.90172,1.80,2.80
2010.07.29 15:01:38.162,0.90166,0.90173,2.70,0.49
2010.07.29 15:01:38.238,0.90165,0.90173,2.90,1.70
2010.07.29 15:01:38.415,0.90163,0.90173,0.95,1.80
2010.07.29 15:01:38.476,0.90161,0.90173,1.70,0.41
2010.07.29 15:01:38.624,0.90157,0.90163,0.75,2.50
2010.07.29 15:01:38.671,0.90156,0.90163,0.46,0.93
2010.07.29 15:01:38.875,0.90159,0.90163,0.69,0.95
2010.07.29 15:01:38.993,0.90161,0.90163,1.00,0.40
2010.07.29 15:01:39.006,0.9016,0.90168,0.76,0.59
2010.07.29 15:01:39.297,0.90158,0.90168,1.50,0.84
2010.07.29 15:01:39.741,0.90159,0.90168,0.94,1.80
2010.07.29 15:01:39.843,0.90158,0.90168,2.60,0.83
2010.07.29 15:01:40.477,0.90157,0.90168,0.68,1.60
2010.07.29 15:01:41.827,0.90156,0.90168,0.47,0.63
2010.07.29 15:01:46.299,0.90157,0.90168,1.10,0.78
2010.07.29 15:01:46.432,0.90158,0.9017,1.20,1.10
2010.07.29 15:01:46.702,0.90161,0.90171,2.10,1.10
2010.07.29 15:01:47.266,0.90159,0.90168,1.20,0.37
2010.07.29 15:01:47.412,0.90157,0.90168,3.00,1.00
2010.07.29 15:01:47.907,0.90156,0.90168,1.60,0.87
2010.07.29 15:01:48.338,0.90157,0.90168,0.38,2.30
2010.07.29 15:01:48.694,0.90161,0.90169,1.80,0.97
2010.07.29 15:01:52.112,0.90159,0.90168,1.10,2.80
2010.07.29 15:01:52.719,0.90156,0.90168,0.65,1.20
2010.07.29 15:01:54.214,0.90157,0.90168,1.10,0.86
2010.07.29 15:01:54.415,0.90161,0.90169,0.94,0.88
2010.07.29 15:01:54.697,0.90158,0.90169,1.30,0.69
2010.07.29 15:01:54.818,0.90156,0.90168,1.20,1.10
2010.07.29 15:01:55.161,0.90157,0.90168,0.62,0.57
2010.07.29 15:01:55.190,0.90158,0.90168,1.00,1.00
2010.07.29 15:01:55.351,0.9016,0.90169,1.20,0.66
2010.07.29 15:01:55.586,0.90161,0.90169,0.24,0.65
2010.07.29 15:01:55.820,0.9016,0.90168,1.10,0.57
2010.07.29 15:01:55.881,0.90161,0.9017,0.91,1.20
2010.07.29 15:01:56.570,0.90158,0.90169,1.80,1.20
2010.07.29 15:01:57.133,0.90161,0.90168,2.80,1.90
2010.07.29 15:01:57.264,0.90163,0.90173,2.10,1.50
2010.07.29 15:01:57.345,0.90164,0.90174,0.58,0.42
2010.07.29 15:01:57.512,0.90166,0.90174,0.65,0.98
2010.07.29 15:01:57.702,0.90164,0.90174,1.40,1.40
2010.07.29 15:01:57.729,0.90163,0.90173,1.10,2.40
2010.07.29 15:01:57.996,0.90164,0.90173,0.86,1.60
2010.07.29 15:01:58.281,0.90166,0.90173,1.50,0.73
2010.07.29 15:01:59.032,0.90168,0.90178,1.00,0.96
2010.07.29 15:01:59.164,0.90169,0.90178,0.78,0.63
2010.07.29 15:01:59.204,0.9017,0.90178,0.58,0.89
2010.07.29 15:01:59.313,0.90171,0.90178,0.45,1.10
2010.07.29 15:01:59.404,0.90172,0.90178,4.60,0.28
2010.07.29 15:01:59.486,0.90168,0.90178,0.58,0.54
2010.07.29 15:01:59.547,0.9017,0.90179,1.30,0.45
2010.07.29 15:01:59.722,0.90171,0.90182,0.51,0.27
2010.07.29 15:01:59.765,0.90176,0.90183,1.90,0.58
2010.07.29 15:01:59.894,0.90177,0.90184,1.50,1.10
2010.07.29 15:01:59.963,0.90176,0.90184,0.79,0.67
2010.07.29 15:02:00.012,0.90175,0.90183,1.10,0.40
2010.07.29 15:02:00.373,0.90174,0.90183,0.34,1.40
2010.07.29 15:02:00.979,0.90176,0.90184,2.10,0.43
2010.07.29 15:02:01.136,0.90175,0.90184,0.62,1.10
2010.07.29 15:02:01.342,0.90174,0.90184,1.70,0.73
2010.07.29 15:02:01.786,0.90176,0.90183,1.40,0.99
2010.07.29 15:02:02.218,0.90174,0.90184,2.60,1.10
2010.07.29 15:02:02.576,0.90175,0.90184,0.99,0.66
2010.07.29 15:02:02.816,0.90176,0.90184,0.66,0.71
2010.07.29 15:02:04.133,0.90173,0.90178,1.30,2.80
2010.07.29 15:02:04.229,0.90169,0.90178,3.70,0.33
2010.07.29 15:02:04.409,0.90166,0.90178,1.90,0.59
2010.07.29 15:02:04.490,0.90165,0.90173,0.59,1.80
2010.07.29 15:02:04.621,0.90163,0.90173,0.24,1.60
2010.07.29 15:02:04.781,0.90164,0.90173,4.60,1.10
2010.07.29 15:02:04.922,0.90166,0.90175,1.30,0.81
2010.07.29 15:02:05.235,0.90167,0.90178,1.30,0.74
2010.07.29 15:02:05.451,0.90168,0.90178,0.85,0.27
2010.07.29 15:02:05.711,0.90169,0.90178,0.57,1.40
2010.07.29 15:02:06.198,0.9017,0.90178,0.65,3.30
2010.07.29 15:02:06.393,0.90171,0.9018,0.81,0.68
2010.07.29 15:02:06.634,0.9017,0.9018,0.23,0.30
2010.07.29 15:02:06.786,0.90171,0.9018,0.34,0.80
2010.07.29 15:02:07.407,0.90176,0.90184,0.45,1.00
2010.07.29 15:02:11.227,0.90171,0.90178,0.91,1.50
2010.07.29 15:02:11.349,0.90168,0.90178,1.60,1.00
2010.07.29 15:02:11.515,0.90169,0.90179,1.10,2.00
2010.07.29 15:02:11.895,0.9017,0.90182,2.00,1.10
2010.07.29 15:02:12.355,0.90169,0.90181,1.30,1.50
2010.07.29 15:02:12.781,0.90168,0.90178,3.90,0.60
2010.07.29 15:02:13.041,0.90169,0.90181,2.80,0.41
2010.07.29 15:02:13.109,0.90172,0.90181,0.51,1.00
2010.07.29 15:02:13.205,0.90176,0.90181,1.00,0.58
2010.07.29 15:02:13.357,0.90177,0.90181,0.78,1.30
2010.07.29 15:02:13.431,0.90181,0.90181,1.00,0.87
2010.07.29 15:02:13.483,0.90178,0.90182,0.81,1.50
2010.07.29 15:02:13.615,0.90177,0.90182,1.20,2.30
2010.07.29 15:02:13.638,0.90173,0.90178,2.50,3.40
2010.07.29 15:02:13.799,0.90171,0.90178,0.34,2.60
2010.07.29 15:02:13.823,0.9017,0.90178,1.10,1.00
2010.07.29 15:02:13.937,0.90169,0.90178,1.90,0.99
2010.07.29 15:02:14.161,0.90171,0.90178,1.50,0.65
2010.07.29 15:02:14.571,0.90172,0.90183,1.10,0.74
2010.07.29 15:02:14.834,0.9017,0.90181,1.20,1.50
2010.07.29 15:02:15.169,0.90171,0.90181,1.10,1.90
2010.07.29 15:02:15.792,0.90176,0.90181,1.20,0.91
2010.07.29 15:02:17.057,0.90174,0.90184,1.10,1.20
2010.07.29 15:02:17.136,0.90172,0.90184,0.76,2.00
2010.07.29 15:02:17.267,0.90171,0.90183,1.40,1.90
2010.07.29 15:02:17.455,0.90176,0.90183,1.00,0.54
2010.07.29 15:02:17.533,0.90177,0.90183,3.50,0.84
2010.07.29 15:02:17.662,0.90181,0.90185,3.40,1.30
2010.07.29 15:02:17.776,0.90178,0.90187,0.51,0.50
2010.07.29 15:02:17.935,0.90176,0.90187,2.70,0.45
2010.07.29 15:02:20.216,0.90179,0.90184,1.10,1.50
2010.07.29 15:02:20.508,0.90181,0.90187,1.10,1.10
2010.07.29 15:02:21.453,0.90176,0.90183,2.90,2.10
2010.07.29 15:02:21.599,0.90174,0.90183,0.49,0.77
2010.07.29 15:02:22.215,0.90172,0.90183,2.50,1.70
2010.07.29 15:02:22.284,0.90173,0.90183,2.10,0.68
2010.07.29 15:02:22.736,0.90174,0.90183,1.20,2.30
2010.07.29 15:02:22.915,0.90176,0.90183,3.20,0.59
2010.07.29 15:02:23.863,0.90177,0.90188,0.63,1.50
2010.07.29 15:02:24.497,0.90176,0.90188,1.70,0.49
2010.07.29 15:02:28.061,0.90178,0.90187,1.20,1.10
2010.07.29 15:02:28.152,0.90179,0.90188,1.80,1.00
2010.07.29 15:02:28.197,0.9018,0.90188,1.70,1.10
2010.07.29 15:02:28.300,0.90181,0.90188,2.00,0.82
2010.07.29 15:02:28.375,0.90186,0.90188,1.40,1.10
2010.07.29 15:02:28.531,0.90187,0.90198,0.60,0.53
2010.07.29 15:02:28.619,0.90186,0.90198,1.10,2.60
2010.07.29 15:02:28.652,0.90187,0.90198,0.67,1.20
2010.07.29 15:02:28.737,0.90186,0.90198,5.50,1.10
2010.07.29 15:02:28.829,0.90189,0.90198,0.83,4.40
2010.07.29 15:02:28.928,0.90191,0.902,0.65,1.10
2010.07.29 15:02:29.043,0.9019,0.902,1.20,2.00
2010.07.29 15:02:29.575,0.90188,0.902,1.00,0.49
2010.07.29 15:02:30.128,0.90187,0.90198,1.10,0.70
2010.07.29 15:02:30.406,0.90186,0.90198,1.10,1.90
2010.07.29 15:02:30.634,0.90185,0.90198,0.69,1.20
2010.07.29 15:02:30.765,0.90186,0.90198,0.78,0.89
2010.07.29 15:02:31.538,0.90185,0.90198,0.95,3.30
2010.07.29 15:02:32.095,0.90188,0.90198,1.70,1.30
2010.07.29 15:02:32.473,0.90192,0.90198,2.00,0.98
2010.07.29 15:02:32.884,0.90197,0.90198,0.63,0.50
2010.07.29 15:02:33.018,0.90196,0.90207,2.90,1.90
2010.07.29 15:02:33.159,0.90194,0.90207,2.40,1.10
2010.07.29 15:02:33.346,0.90193,0.90207,0.59,1.10
2010.07.29 15:02:33.536,0.90192,0.90207,2.40,0.39
2010.07.29 15:02:33.666,0.90188,0.90198,1.90,1.00
2010.07.29 15:02:33.716,0.90187,0.90198,0.95,1.40
2010.07.29 15:02:33.929,0.90184,0.90197,0.79,0.83
2010.07.29 15:02:35.082,0.90183,0.90197,0.66,0.86
2010.07.29 15:02:35.657,0.90182,0.90194,1.80,0.56
2010.07.29 15:02:37.293,0.90183,0.90195,0.78,1.20
2010.07.29 15:02:38.885,0.90182,0.90197,1.50,0.97
2010.07.29 15:02:40.367,0.90183,0.90197,1.00,2.00
2010.07.29 15:02:41.613,0.90186,0.90195,2.50,1.50
2010.07.29 15:02:42.113,0.90187,0.90197,1.60,2.20
2010.07.29 15:02:42.345,0.90186,0.90197,1.10,0.80
2010.07.29 15:02:42.582,0.90187,0.90198,1.10,0.74
2010.07.29 15:02:42.690,0.90192,0.90198,0.44,2.20
2010.07.29 15:02:42.966,0.90196,0.90202,0.45,0.70
2010.07.29 15:02:43.077,0.90194,0.90204,0.91,1.30
2010.07.29 15:02:43.211,0.90192,0.90204,0.56,1.50
2010.07.29 15:02:43.428,0.9019,0.90203,1.10,1.20
2010.07.29 15:02:43.626,0.90189,0.90203,0.71,0.39
2010.07.29 15:02:43.795,0.90187,0.90198,2.00,1.20
2010.07.29 15:02:43.973,0.90186,0.90198,1.10,0.52
2010.07.29 15:02:46.280,0.90188,0.90198,1.10,0.67
2010.07.29 15:02:46.701,0.9019,0.90198,1.10,0.84
2010.07.29 15:02:47.099,0.90191,0.90202,1.80,1.00
2010.07.29 15:02:47.231,0.90192,0.90203,1.30,1.90
2010.07.29 15:02:47.298,0.90197,0.90203,0.85,0.72
2010.07.29 15:02:47.438,0.90201,0.90204,0.80,1.50
2010.07.29 15:02:47.694,0.90199,0.90209,0.58,1.50
2010.07.29 15:02:47.714,0.90197,0.90209,0.74,1.20
2010.07.29 15:02:47.903,0.90196,0.90208,1.90,0.72
2010.07.29 15:02:48.187,0.90191,0.90198,1.20,0.61
2010.07.29 15:02:48.657,0.90188,0.90198,6.30,0.90
2010.07.29 15:02:48.928,0.90186,0.90198,0.67,1.80
2010.07.29 15:03:02.103,0.90187,0.90198,1.50,0.55
2010.07.29 15:03:02.896,0.90191,0.90198,1.50,0.26
2010.07.29 15:03:06.397,0.90187,0.90198,2.50,0.40
2010.07.29 15:03:06.793,0.90186,0.90196,1.60,0.86
2010.07.29 15:03:10.173,0.90183,0.90193,1.50,2.40
2010.07.29 15:03:10.686,0.90181,0.90192,0.22,1.10
2010.07.29 15:03:11.200,0.90175,0.90183,0.80,1.80
2010.07.29 15:03:11.639,0.90172,0.90182,1.10,0.69
2010.07.29 15:03:11.932,0.90171,0.90182,1.70,0.49
2010.07.29 15:03:12.011,0.90172,0.90182,0.72,0.64
2010.07.29 15:03:12.606,0.90171,0.90179,1.50,0.66
2010.07.29 15:03:12.851,0.90166,0.90177,2.80,1.60
2010.07.29 15:03:14.305,0.90167,0.90174,1.10,1.90
2010.07.29 15:03:14.984,0.90171,0.90174,0.93,2.30
2010.07.29 15:03:15.087,0.90172,0.9018,0.84,1.60
2010.07.29 15:03:15.174,0.90171,0.9018,0.41,0.79
2010.07.29 15:03:15.269,0.90172,0.9018,1.50,0.75
2010.07.29 15:03:15.407,0.90171,0.9018,2.90,1.30
2010.07.29 15:03:15.509,0.90172,0.9018,0.79,1.30
2010.07.29 15:03:15.673,0.90174,0.90182,1.10,1.80
2010.07.29 15:03:15.750,0.90177,0.90184,1.30,0.99
2010.07.29 15:03:15.898,0.90181,0.90184,1.10,0.99
2010.07.29 15:03:16.032,0.90178,0.90188,0.48,0.89
2010.07.29 15:03:16.651,0.90177,0.90188,0.53,2.40
2010.07.29 15:03:16.854,0.90176,0.90187,1.50,3.90
2010.07.29 15:03:17.208,0.90173,0.90183,1.70,0.33
2010.07.29 15:03:17.501,0.90171,0.90182,0.54,1.50
2010.07.29 15:03:18.189,0.90172,0.90182,1.20,0.35
2010.07.29 15:03:18.513,0.90176,0.90183,0.50,1.40
2010.07.29 15:03:20.142,0.90173,0.90183,0.81,0.27
2010.07.29 15:03:20.627,0.90172,0.90183,2.80,0.72
2010.07.29 15:03:20.676,0.90174,0.90187,1.10,1.60
2010.07.29 15:03:22.612,0.90173,0.90187,1.20,1.60
2010.07.29 15:03:23.791,0.90174,0.90187,0.91,1.50
2010.07.29 15:03:24.269,0.90173,0.90185,0.90,1.40
2010.07.29 15:03:24.623,0.90172,0.90183,0.48,2.20
2010.07.29 15:03:24.865,0.90171,0.90182,1.10,0.41
2010.07.29 15:03:25.176,0.90172,0.90182,1.10,5.20
2010.07.29 15:03:25.847,0.90171,0.90182,1.20,0.49
2010.07.29 15:03:26.330,0.90172,0.90182,1.10,0.89
2010.07.29 15:03:26.633,0.90171,0.90182,1.30,0.74
2010.07.29 15:03:26.851,0.90172,0.90182,0.62,0.79
2010.07.29 15:03:27.009,0.90171,0.90182,0.76,0.49
2010.07.29 15:03:27.474,0.90169,0.90182,0.56,0.32
2010.07.29 15:03:27.601,0.90168,0.90182,0.64,0.56
2010.07.29 15:03:27.996,0.90167,0.90176,0.91,0.71
2010.07.29 15:03:28.018,0.90165,0.90176,0.65,1.30
2010.07.29 15:03:28.165,0.90164,0.90176,0.71,0.73
2010.07.29 15:03:28.315,0.90163,0.90174,2.20,0.78
2010.07.29 15:03:28.420,0.90162,0.90173,1.30,2.30
2010.07.29 15:03:28.600,0.90161,0.90172,1.50,0.90
2010.07.29 15:03:28.690,0.90162,0.90172,1.30,0.51
2010.07.29 15:03:28.821,0.90163,0.90174,1.20,0.86
2010.07.29 15:03:28.978,0.90164,0.90176,1.60,1.20
2010.07.29 15:03:29.638,0.90165,0.90176,0.61,0.71
2010.07.29 15:03:30.166,0.90166,0.90176,1.40,0.92
2010.07.29 15:03:30.341,0.90167,0.90176,1.30,2.20
2010.07.29 15:03:30.409,0.90168,0.90178,0.25,0.76
2010.07.29 15:03:30.635,0.9017,0.90182,0.54,0.43
2010.07.29 15:03:30.923,0.90168,0.90178,1.00,1.20
2010.07.29 15:03:31.748,0.9017,0.90182,0.90,0.60
2010.07.29 15:03:32.126,0.90169,0.9018,0.96,1.50
2010.07.29 15:03:32.173,0.90168,0.90178,2.40,1.00
2010.07.29 15:03:32.443,0.90166,0.90178,0.54,1.40
2010.07.29 15:03:32.627,0.90164,0.90176,0.56,1.10
2010.07.29 15:03:32.774,0.90162,0.90172,3.00,1.10
2010.07.29 15:03:32.977,0.90163,0.90174,0.70,0.69
2010.07.29 15:03:33.140,0.90162,0.90174,1.00,1.00
2010.07.29 15:03:33.295,0.90163,0.90174,0.52,1.30
2010.07.29 15:03:33.406,0.90162,0.90173,2.50,0.74
2010.07.29 15:03:33.600,0.90161,0.90172,0.52,0.98
2010.07.29 15:03:33.759,0.90162,0.90172,0.96,0.72
2010.07.29 15:03:33.877,0.90163,0.90173,0.73,0.89
2010.07.29 15:03:34.183,0.90164,0.90173,4.60,0.71
2010.07.29 15:03:34.364,0.90166,0.90177,1.60,0.79
2010.07.29 15:03:34.465,0.90167,0.90177,0.49,2.70
2010.07.29 15:03:34.733,0.90168,0.90178,0.95,0.63
2010.07.29 15:03:34.827,0.90169,0.90181,0.82,0.54
2010.07.29 15:03:35.103,0.90168,0.90179,0.89,0.83
2010.07.29 15:03:35.411,0.90169,0.90181,0.85,1.60
2010.07.29 15:03:35.644,0.90168,0.90181,2.70,0.89
2010.07.29 15:03:35.963,0.90167,0.90179,2.50,0.72
2010.07.29 15:03:36.044,0.90166,0.90177,0.73,0.42
2010.07.29 15:03:36.271,0.90165,0.90177,1.80,1.20
2010.07.29 15:03:36.320,0.90164,0.90176,0.60,0.65
2010.07.29 15:03:36.560,0.90163,0.90176,1.70,1.20
2010.07.29 15:03:36.649,0.90162,0.90175,1.00,2.40
2010.07.29 15:03:36.767,0.90161,0.90172,1.60,0.76
2010.07.29 15:03:36.882,0.9016,0.90172,0.74,2.10
2010.07.29 15:03:38.301,0.90161,0.90172,1.80,0.54
2010.07.29 15:03:38.977,0.90162,0.90172,1.90,1.20
2010.07.29 15:03:39.111,0.90163,0.90174,3.00,0.70
2010.07.29 15:03:39.433,0.90162,0.90172,1.10,0.75
2010.07.29 15:03:39.743,0.90161,0.90172,1.30,0.42
2010.07.29 15:03:40.178,0.9016,0.90172,0.43,2.40
2010.07.29 15:03:40.356,0.90159,0.90168,0.50,1.30
2010.07.29 15:03:40.596,0.90158,0.90168,1.30,0.48
2010.07.29 15:03:40.692,0.90159,0.90168,1.10,0.31
2010.07.29 15:03:40.979,0.9016,0.90172,3.00,2.70
2010.07.29 15:03:41.388,0.90159,0.9017,0.25,0.65
2010.07.29 15:03:41.806,0.90157,0.90168,1.10,1.20
2010.07.29 15:03:42.015,0.90155,0.90168,0.94,0.76
2010.07.29 15:03:42.114,0.90154,0.90168,0.67,3.10
2010.07.29 15:03:42.247,0.90155,0.90168,2.60,0.99
2010.07.29 15:03:42.286,0.90154,0.90163,1.80,1.10
2010.07.29 15:03:42.365,0.90152,0.90162,0.85,0.57
2010.07.29 15:03:42.495,0.9015,0.90162,4.70,1.10
2010.07.29 15:03:42.582,0.90149,0.90162,0.47,1.10
2010.07.29 15:03:42.650,0.9015,0.90162,1.80,0.97
2010.07.29 15:03:42.803,0.90148,0.90159,0.76,1.90
2010.07.29 15:03:42.863,0.90149,0.90159,1.80,1.20
2010.07.29 15:03:42.953,0.90148,0.90158,0.79,0.86
2010.07.29 15:03:43.054,0.9015,0.90158,1.00,0.88
2010.07.29 15:03:43.127,0.90151,0.90161,1.30,2.30
2010.07.29 15:03:43.205,0.90152,0.90161,1.20,1.50
2010.07.29 15:03:43.252,0.90153,0.90163,1.20,3.40
2010.07.29 15:03:43.340,0.90154,0.90164,2.00,2.40
2010.07.29 15:03:43.457,0.90155,0.90164,1.20,2.10
2010.07.29 15:03:43.509,0.90154,0.90164,0.55,0.67
2010.07.29 15:03:43.635,0.90153,0.90164,1.70,0.51
2010.07.29 15:03:43.673,0.90155,0.90167,0.55,1.30
2010.07.29 15:03:43.788,0.90156,0.90167,0.46,1.20
2010.07.29 15:03:43.905,0.90157,0.90167,2.00,0.43
2010.07.29 15:03:43.978,0.90158,0.90167,0.93,1.10
2010.07.29 15:03:44.023,0.90155,0.90163,0.86,1.70
2010.07.29 15:03:44.269,0.9015,0.90163,1.70,0.47
2010.07.29 15:03:44.368,0.90154,0.90163,0.25,0.45
2010.07.29 15:03:44.466,0.90156,0.90163,0.68,0.87
2010.07.29 15:03:44.646,0.90157,0.90164,0.52,0.65
2010.07.29 15:03:44.767,0.90158,0.90164,0.62,0.95
2010.07.29 15:03:44.991,0.90157,0.90168,1.50,2.50
2010.07.29 15:03:45.131,0.90153,0.90168,0.58,1.20
2010.07.29 15:03:45.261,0.90156,0.90168,1.40,0.59
2010.07.29 15:03:45.372,0.90158,0.90168,0.46,1.10
2010.07.29 15:03:45.456,0.90157,0.90168,1.80,0.84
2010.07.29 15:03:45.644,0.90154,0.90168,1.20,1.90
2010.07.29 15:03:45.757,0.90153,0.90168,1.00,1.10
2010.07.29 15:03:45.872,0.90157,0.90168,1.10,0.77
2010.07.29 15:03:46.100,0.90154,0.90168,0.60,0.90
2010.07.29 15:03:46.255,0.90155,0.90168,1.00,0.78
2010.07.29 15:03:46.335,0.90156,0.90168,1.70,1.80
2010.07.29 15:03:46.495,0.90158,0.90168,1.20,1.30
2010.07.29 15:03:46.578,0.90159,0.90171,1.60,0.87
2010.07.29 15:03:46.786,0.90166,0.90171,0.87,0.66
2010.07.29 15:03:46.862,0.90168,0.90173,0.87,5.00
2010.07.29 15:03:47.141,0.90166,0.90173,1.30,1.10
2010.07.29 15:03:47.266,0.90165,0.90173,3.80,2.10
2010.07.29 15:03:47.472,0.90167,0.90176,1.00,0.69
2010.07.29 15:03:47.645,0.90168,0.90178,1.30,0.42
2010.07.29 15:03:47.788,0.90169,0.90179,0.65,0.90
2010.07.29 15:03:47.877,0.90168,0.90179,0.76,0.42
2010.07.29 15:03:48.260,0.90167,0.90177,2.30,1.50
2010.07.29 15:03:48.600,0.90168,0.90178,0.70,2.00
2010.07.29 15:03:49.212,0.90169,0.90179,3.10,1.30
2010.07.29 15:03:50.087,0.9017,0.90181,1.70,0.24
2010.07.29 15:03:50.210,0.90169,0.90179,0.60,0.90
2010.07.29 15:03:50.415,0.9017,0.90181,1.90,0.80
2010.07.29 15:03:50.542,0.90169,0.90179,0.31,0.97
2010.07.29 15:03:50.788,0.90171,0.90182,1.80,1.50
2010.07.29 15:03:50.978,0.90172,0.90182,0.73,0.23
2010.07.29 15:03:51.104,0.9017,0.90182,0.62,0.80
2010.07.29 15:03:51.213,0.90176,0.90182,0.77,0.67
2010.07.29 15:03:51.404,0.90177,0.90184,0.49,0.86
2010.07.29 15:03:51.443,0.90178,0.90186,0.96,0.91
2010.07.29 15:03:51.576,0.90179,0.9019,2.60,0.41
2010.07.29 15:03:51.833,0.90178,0.90189,1.60,0.82
2010.07.29 15:03:51.991,0.90177,0.90187,0.67,0.26
2010.07.29 15:03:52.003,0.90178,0.90187,2.50,0.75
2010.07.29 15:03:52.206,0.90177,0.90188,0.99,0.80
2010.07.29 15:03:52.433,0.90176,0.90188,1.90,0.89
2010.07.29 15:03:52.549,0.90175,0.90188,0.80,1.50
2010.07.29 15:03:52.792,0.90174,0.90187,1.00,1.50
2010.07.29 15:03:52.861,0.90173,0.90187,1.20,2.70
2010.07.29 15:03:53.125,0.90175,0.90187,0.84,1.80
2010.07.29 15:03:53.662,0.90176,0.90187,0.95,0.36
2010.07.29 15:03:54.077,0.90175,0.90187,2.30,2.30
2010.07.29 15:03:55.003,0.90176,0.90187,1.80,1.10
2010.07.29 15:03:55.543,0.90174,0.90184,1.30,0.74
2010.07.29 15:03:56.130,0.90173,0.90184,0.92,1.80
2010.07.29 15:03:56.238,0.90174,0.90184,1.00,0.36
2010.07.29 15:03:56.463,0.90175,0.90187,1.20,1.40
2010.07.29 15:03:56.763,0.90176,0.90187,1.50,0.40
2010.07.29 15:03:56.971,0.90177,0.90187,1.00,0.67
2010.07.29 15:03:57.736,0.90176,0.90187,1.60,1.00
2010.07.29 15:03:59.688,0.90177,0.90187,2.80,0.59
2010.07.29 15:04:01.095,0.90178,0.90188,0.51,0.71
2010.07.29 15:04:01.238,0.90179,0.90188,1.30,0.66
2010.07.29 15:04:01.458,0.90181,0.90191,0.71,0.71
2010.07.29 15:04:01.706,0.90182,0.90193,0.52,1.40
2010.07.29 15:04:01.891,0.9018,0.90192,2.30,0.46
2010.07.29 15:04:02.094,0.90181,0.90192,2.00,0.74
2010.07.29 15:04:02.102,0.90184,0.90192,1.20,0.78
2010.07.29 15:04:02.203,0.90185,0.90193,0.74,0.83
2010.07.29 15:04:02.352,0.90188,0.90193,1.20,1.90
2010.07.29 15:04:02.430,0.90189,0.902,1.40,0.78
2010.07.29 15:04:02.553,0.90188,0.90199,0.58,2.10
2010.07.29 15:04:02.662,0.90187,0.90198,0.98,1.20
2010.07.29 15:04:02.784,0.90188,0.90198,0.50,1.40
2010.07.29 15:04:02.862,0.90189,0.90198,0.95,1.30
2010.07.29 15:04:02.918,0.90186,0.90198,1.50,1.20
2010.07.29 15:04:03.176,0.90199,0.90208,1.50,0.56
2010.07.29 15:04:04.160,0.902,0.90208,1.30,1.60
2010.07.29 15:04:04.260,0.90199,0.90208,1.30,0.34
2010.07.29 15:04:04.452,0.902,0.90208,2.90,1.40
2010.07.29 15:04:04.633,0.90203,0.90208,1.40,2.50
2010.07.29 15:04:04.727,0.90201,0.90211,0.99,0.76
2010.07.29 15:04:04.977,0.902,0.90211,0.82,0.94
2010.07.29 15:04:05.062,0.90201,0.90212,1.70,1.10
2010.07.29 15:04:05.081,0.90203,0.90213,2.50,0.53
2010.07.29 15:04:05.204,0.90204,0.90214,2.50,1.20
2010.07.29 15:04:05.250,0.90203,0.90214,3.00,1.30
2010.07.29 15:04:05.355,0.90204,0.90216,1.10,1.80
2010.07.29 15:04:05.428,0.90203,0.90214,1.20,1.00
2010.07.29 15:04:05.489,0.90202,0.90199,0.52,0.85
2010.07.29 15:04:05.552,0.90194,0.90198,0.91,0.78
2010.07.29 15:04:05.647,0.90192,0.90198,1.50,0.91
2010.07.29 15:04:05.766,0.9019,0.90198,0.87,1.30
2010.07.29 15:04:05.837,0.90193,0.90198,1.20,2.60
2010.07.29 15:04:05.870,0.90194,0.90203,0.33,1.80
2010.07.29 15:04:05.931,0.90195,0.90206,2.60,0.33
2010.07.29 15:04:06.160,0.90196,0.90207,1.60,2.60
2010.07.29 15:04:06.275,0.90194,0.90207,1.90,1.70
2010.07.29 15:04:06.512,0.90193,0.90206,0.37,1.20
2010.07.29 15:04:06.812,0.90194,0.90206,0.53,0.90
2010.07.29 15:04:09.190,0.90195,0.90206,0.81,0.68
2010.07.29 15:04:09.243,0.90196,0.90207,1.30,1.80
2010.07.29 15:04:09.476,0.90197,0.90207,1.10,0.92
2010.07.29 15:04:09.647,0.90195,0.90207,1.00,0.60
2010.07.29 15:04:09.955,0.90196,0.90208,2.40,1.20
2010.07.29 15:04:10.111,0.90195,0.90207,0.71,1.00
2010.07.29 15:04:10.201,0.90196,0.90208,0.42,0.75
2010.07.29 15:04:10.583,0.90198,0.90208,1.80,0.46
2010.07.29 15:04:10.711,0.90197,0.90208,0.56,1.30
2010.07.29 15:04:10.933,0.90196,0.90208,1.30,0.54
2010.07.29 15:04:11.208,0.90195,0.90207,1.20,0.75
2010.07.29 15:04:11.538,0.90194,0.90206,0.86,0.84
2010.07.29 15:04:11.777,0.90195,0.90206,0.74,0.98
2010.07.29 15:04:12.831,0.90194,0.90206,3.50,1.20
2010.07.29 15:04:13.238,0.90195,0.90206,1.40,0.61
2010.07.29 15:04:15.172,0.90194,0.90206,0.60,1.60
2010.07.29 15:04:15.658,0.90195,0.90206,0.41,1.10
2010.07.29 15:04:15.830,0.90196,0.90206,1.20,3.70
2010.07.29 15:04:16.181,0.90197,0.90207,0.27,0.88
2010.07.29 15:04:16.444,0.90195,0.90207,0.92,0.86
2010.07.29 15:04:16.838,0.90196,0.90207,2.60,1.50
2010.07.29 15:04:17.190,0.90198,0.90207,1.10,0.93
2010.07.29 15:04:17.472,0.90196,0.90207,1.30,1.70
2010.07.29 15:04:17.525,0.90197,0.90208,1.20,0.81
2010.07.29 15:04:17.942,0.90198,0.90208,1.60,0.85
2010.07.29 15:04:18.296,0.90199,0.90208,0.40,5.40
2010.07.29 15:04:18.849,0.902,0.90208,0.53,2.80
2010.07.29 15:04:19.332,0.90199,0.90212,1.60,0.44
2010.07.29 15:04:19.445,0.90198,0.90212,1.20,0.93
2010.07.29 15:04:19.881,0.90199,0.90212,1.60,0.77
2010.07.29 15:04:20.167,0.90198,0.90212,0.67,0.85
2010.07.29 15:04:20.518,0.90196,0.90203,2.70,0.71
2010.07.29 15:04:20.704,0.90193,0.90203,0.62,1.10
2010.07.29 15:04:21.293,0.90192,0.90203,0.81,0.84
2010.07.29 15:04:21.929,0.90191,0.90202,1.30,3.40
2010.07.29 15:04:22.067,0.9019,0.90202,1.50,0.68
2010.07.29 15:04:22.179,0.90189,0.90202,1.20,2.80
2010.07.29 15:04:22.234,0.90191,0.90202,0.71,1.70
2010.07.29 15:04:22.334,0.90193,0.90202,0.71,0.51
2010.07.29 15:04:22.418,0.90192,0.90199,1.20,0.56
2010.07.29 15:04:22.576,0.90191,0.90198,0.64,6.20
2010.07.29 15:04:22.606,0.9019,0.90198,2.30,0.48
2010.07.29 15:04:22.788,0.90187,0.90198,1.40,0.72
2010.07.29 15:04:22.827,0.90186,0.90198,1.10,1.40
2010.07.29 15:04:22.976,0.90185,0.90198,0.68,1.60
2010.07.29 15:04:26.076,0.90184,0.90198,1.70,0.73
2010.07.29 15:04:26.927,0.90183,0.90198,0.82,0.56
2010.07.29 15:04:27.110,0.90182,0.90194,0.74,1.50
2010.07.29 15:04:28.033,0.90181,0.90192,0.85,0.24
2010.07.29 15:04:30.215,0.90183,0.90192,0.51,1.20
2010.07.29 15:04:30.951,0.90184,0.90198,0.82,1.50
2010.07.29 15:04:31.219,0.90185,0.90198,1.20,0.39
2010.07.29 15:04:31.345,0.90186,0.90198,1.10,2.60
2010.07.29 15:04:31.710,0.90187,0.90198,3.60,0.57
2010.07.29 15:04:32.047,0.90188,0.90198,1.20,0.88
2010.07.29 15:04:32.711,0.90187,0.90198,1.50,1.40
2010.07.29 15:04:33.016,0.90188,0.90198,0.57,0.67
2010.07.29 15:04:33.217,0.90187,0.90198,0.70,1.60
2010.07.29 15:04:33.413,0.90188,0.90198,1.40,0.66
2010.07.29 15:04:33.761,0.90187,0.90199,1.80,0.79
2010.07.29 15:04:33.994,0.90186,0.90198,0.94,3.60
2010.07.29 15:04:34.121,0.90185,0.90198,0.69,0.84
2010.07.29 15:04:34.207,0.90184,0.90198,1.40,1.90
2010.07.29 15:04:34.348,0.90183,0.90196,2.80,1.30
2010.07.29 15:04:34.589,0.90182,0.90194,0.59,0.94
2010.07.29 15:04:34.810,0.90181,0.90192,1.10,1.40
2010.07.29 15:04:34.902,0.90183,0.90192,1.30,0.35
2010.07.29 15:04:35.102,0.90182,0.90193,0.94,0.69
2010.07.29 15:04:35.301,0.90181,0.90193,1.40,1.20
2010.07.29 15:04:35.411,0.90183,0.90192,1.20,2.50
2010.07.29 15:04:35.602,0.90182,0.90194,2.50,1.60
2010.07.29 15:04:35.804,0.90181,0.90193,2.40,0.77
2010.07.29 15:04:35.854,0.90183,0.90192,2.30,0.61
2010.07.29 15:04:36.131,0.90182,0.90193,2.40,0.82
2010.07.29 15:04:36.225,0.90181,0.90193,0.65,0.82
2010.07.29 15:04:36.470,0.90182,0.90193,2.40,0.89
2010.07.29 15:04:36.593,0.90183,0.90193,0.62,0.31
2010.07.29 15:04:36.753,0.90182,0.90193,0.76,2.10
2010.07.29 15:04:36.906,0.90181,0.90193,0.69,1.30
2010.07.29 15:04:37.293,0.90182,0.90193,0.90,1.50
2010.07.29 15:04:37.705,0.90183,0.90193,0.53,1.30
2010.07.29 15:04:38.164,0.90184,0.90198,1.00,0.52
2010.07.29 15:04:38.585,0.90186,0.90198,0.64,2.70
2010.07.29 15:04:38.820,0.90188,0.90198,0.93,0.62
2010.07.29 15:04:39.048,0.90189,0.90201,1.60,1.40
2010.07.29 15:04:39.718,0.9019,0.90201,1.10,1.30
2010.07.29 15:04:40.002,0.90191,0.90203,0.53,2.10
2010.07.29 15:04:40.791,0.9019,0.90202,0.99,0.76
2010.07.29 15:04:44.061,0.90191,0.90202,3.10,2.00
2010.07.29 15:04:45.189,0.90192,0.90202,0.94,1.50
2010.07.29 15:04:45.399,0.90191,0.90202,1.20,1.60
2010.07.29 15:04:45.538,0.90192,0.90202,0.61,0.49
2010.07.29 15:04:45.619,0.90193,0.90202,1.60,1.40
2010.07.29 15:04:45.954,0.90194,0.90207,0.92,0.38
2010.07.29 15:04:48.654,0.90193,0.90207,0.83,1.30
2010.07.29 15:04:49.165,0.90192,0.90203,1.00,2.80
2010.07.29 15:04:49.527,0.9019,0.90203,0.76,1.70
2010.07.29 15:04:49.964,0.90188,0.90202,0.95,0.45
2010.07.29 15:04:50.223,0.90187,0.90199,1.40,2.30
2010.07.29 15:04:50.709,0.90186,0.90198,1.00,2.60
2010.07.29 15:04:57.205,0.90187,0.90198,0.68,0.85
2010.07.29 15:04:57.293,0.90188,0.90198,2.10,1.20
2010.07.29 15:04:57.681,0.90189,0.90202,1.70,2.80
2010.07.29 15:04:57.778,0.9019,0.90202,0.83,0.65
2010.07.29 15:04:58.266,0.90188,0.90202,1.40,0.73
2010.07.29 15:04:58.429,0.90187,0.90199,0.44,0.57
2010.07.29 15:04:58.716,0.90186,0.90198,0.46,0.49
2010.07.29 15:05:00.932,0.90187,0.90198,0.99,0.70
2010.07.29 15:05:01.177,0.90189,0.90202,1.10,1.40
2010.07.29 15:05:01.418,0.90186,0.90198,1.60,0.86
2010.07.29 15:05:01.745,0.90187,0.90198,0.61,1.30
2010.07.29 15:05:01.800,0.90188,0.90198,1.10,0.45
2010.07.29 15:05:03.308,0.90188,0.90202,1.70,1.70
2010.07.29 15:05:03.812,0.90189,0.90202,1.20,3.30
2010.07.29 15:05:04.080,0.90188,0.90202,1.80,0.56
2010.07.29 15:05:04.321,0.90189,0.90202,0.80,1.20
2010.07.29 15:05:04.469,0.9019,0.90202,0.91,1.20
2010.07.29 15:05:04.657,0.90191,0.90202,1.20,1.20
2010.07.29 15:05:04.895,0.90193,0.90202,1.10,0.43
2010.07.29 15:05:05.334,0.90194,0.90206,1.60,0.94
2010.07.29 15:05:05.809,0.90193,0.90206,0.47,0.66
2010.07.29 15:05:06.036,0.90191,0.90202,0.77,1.50
2010.07.29 15:05:06.206,0.9019,0.90202,1.10,1.30
2010.07.29 15:05:06.314,0.90188,0.90202,2.00,0.35
2010.07.29 15:05:06.397,0.90185,0.90193,1.00,0.59
2010.07.29 15:05:06.618,0.90184,0.90193,0.43,0.62
2010.07.29 15:05:06.716,0.90182,0.90193,1.10,2.40
2010.07.29 15:05:06.853,0.90181,0.90193,0.69,1.50
2010.07.29 15:05:06.960,0.90186,0.90193,1.40,1.80
2010.07.29 15:05:07.173,0.90185,0.90196,0.62,1.30
2010.07.29 15:05:07.382,0.90183,0.90196,1.60,1.60
2010.07.29 15:05:07.699,0.90182,0.90193,1.30,0.66
2010.07.29 15:05:07.878,0.90181,0.90193,1.00,0.94
2010.07.29 15:05:08.329,0.9018,0.90193,0.93,1.50
2010.07.29 15:05:08.731,0.90179,0.90191,3.10,0.67
2010.07.29 15:05:09.135,0.90178,0.90189,1.60,1.00
2010.07.29 15:05:09.329,0.90177,0.90189,1.10,1.20
2010.07.29 15:05:09.404,0.90173,0.90188,1.20,0.47
2010.07.29 15:05:09.629,0.90172,0.90183,0.96,0.85
2010.07.29 15:05:09.900,0.9017,0.90183,1.10,1.90
2010.07.29 15:05:10.191,0.90171,0.90182,0.52,0.87
2010.07.29 15:05:10.347,0.90172,0.90182,0.37,1.40
2010.07.29 15:05:10.548,0.90173,0.90182,0.72,1.70
2010.07.29 15:05:10.629,0.90172,0.90182,0.73,0.53
2010.07.29 15:05:10.929,0.90171,0.90182,1.60,0.76
2010.07.29 15:05:11.114,0.90172,0.90182,0.97,1.70
2010.07.29 15:05:11.294,0.90173,0.90183,1.70,1.50
2010.07.29 15:05:11.444,0.90172,0.90184,0.98,2.60
2010.07.29 15:05:11.762,0.90173,0.90184,1.20,0.56
2010.07.29 15:05:11.807,0.90174,0.90188,0.78,2.10
2010.07.29 15:05:12.010,0.90173,0.90188,0.81,1.10
2010.07.29 15:05:12.353,0.90172,0.90182,0.32,0.52
2010.07.29 15:05:12.450,0.90173,0.90182,3.80,1.00
2010.07.29 15:05:12.717,0.90174,0.90188,0.89,1.90
2010.07.29 15:05:12.969,0.90175,0.90188,1.10,1.00
2010.07.29 15:05:13.103,0.90176,0.90188,0.81,1.50
2010.07.29 15:05:13.300,0.90177,0.90188,0.86,0.64
2010.07.29 15:05:13.456,0.90178,0.90188,1.10,0.76
2010.07.29 15:05:13.544,0.90179,0.90191,1.20,0.89
2010.07.29 15:05:13.735,0.90178,0.90188,0.58,0.37
2010.07.29 15:05:13.927,0.90177,0.90188,0.82,1.70
2010.07.29 15:05:14.254,0.90176,0.90188,0.88,1.10
2010.07.29 15:05:14.782,0.90175,0.90188,0.37,0.83
2010.07.29 15:05:15.352,0.90173,0.90183,0.41,0.40
2010.07.29 15:05:15.655,0.90172,0.90183,1.40,3.10
2010.07.29 15:05:16.212,0.90173,0.90183,0.67,0.71
2010.07.29 15:05:17.119,0.90174,0.90183,0.72,3.40
2010.07.29 15:05:17.700,0.90172,0.90183,2.00,0.40
2010.07.29 15:05:18.467,0.90173,0.90183,0.46,1.40
2010.07.29 15:05:18.941,0.90172,0.90183,1.40,1.40
2010.07.29 15:05:19.240,0.90173,0.90183,0.49,1.30
2010.07.29 15:05:20.145,0.90172,0.90183,1.50,1.00
2010.07.29 15:05:25.115,0.90171,0.90183,0.67,2.90
2010.07.29 15:05:25.207,0.90169,0.90182,1.50,0.62
2010.07.29 15:05:25.435,0.90168,0.90179,0.80,1.30
2010.07.29 15:05:25.637,0.90167,0.90178,0.60,0.64
2010.07.29 15:05:25.781,0.90166,0.90178,1.60,0.76
2010.07.29 15:05:25.999,0.90164,0.90178,0.58,0.90
2010.07.29 15:05:26.287,0.9016,0.90173,0.54,0.89
2010.07.29 15:05:26.902,0.90159,0.90172,0.85,2.50
2010.07.29 15:05:27.224,0.9016,0.90172,0.73,0.64
2010.07.29 15:05:27.616,0.90161,0.90173,0.96,2.50
2010.07.29 15:05:28.943,0.90162,0.90173,2.40,1.30
2010.07.29 15:05:29.024,0.90161,0.90173,0.42,0.68
2010.07.29 15:05:29.661,0.9016,0.90172,1.10,1.00
2010.07.29 15:05:29.847,0.90159,0.90165,0.39,1.80
2010.07.29 15:05:30.122,0.90158,0.90165,1.20,1.10
2010.07.29 15:05:30.644,0.90157,0.90165,1.00,0.43
2010.07.29 15:05:30.906,0.90156,0.90165,1.00,0.75
2010.07.29 15:05:32.465,0.90153,0.90157,1.70,1.20
2010.07.29 15:05:32.969,0.90152,0.90155,1.40,0.67
2010.07.29 15:05:33.242,0.9015,0.90155,0.82,0.53
2010.07.29 15:05:34.142,0.90152,0.90155,1.70,0.63
2010.07.29 15:05:34.439,0.90153,0.90157,2.40,2.00
2010.07.29 15:05:34.724,0.90154,0.90155,1.00,2.30
2010.07.29 15:05:34.913,0.90152,0.90154,0.50,0.42
2010.07.29 15:05:35.149,0.90145,0.90148,0.32,1.30
2010.07.29 15:05:35.381,0.90144,0.90148,1.30,0.82
2010.07.29 15:05:35.678,0.9014,0.90148,1.00,0.78
2010.07.29 15:05:35.810,0.90137,0.90147,2.60,0.79
2010.07.29 15:05:36.638,0.90133,0.90137,1.80,1.50
2010.07.29 15:05:38.108,0.90137,0.90141,1.10,3.60
2010.07.29 15:05:38.812,0.90138,0.90141,0.70,0.75
2010.07.29 15:05:41.119,0.90137,0.90135,3.50,0.58
2010.07.29 15:05:41.191,0.90132,0.90135,0.33,4.10
2010.07.29 15:05:41.481,0.90128,0.90135,1.10,0.68
2010.07.29 15:05:41.640,0.90127,0.90135,1.60,0.82
2010.07.29 15:05:41.773,0.90126,0.90134,0.56,2.00
2010.07.29 15:05:41.965,0.90123,0.90127,2.00,2.10
2010.07.29 15:05:42.316,0.90122,0.90125,0.33,0.57
2010.07.29 15:05:42.934,0.9012,0.90125,0.76,2.20
2010.07.29 15:05:47.144,0.90119,0.90125,1.90,1.30
2010.07.29 15:05:47.891,0.90117,0.90125,1.60,1.80
2010.07.29 15:05:48.082,0.90116,0.90117,1.40,1.30
2010.07.29 15:05:48.238,0.90115,0.90117,0.36,0.85
2010.07.29 15:05:48.475,0.90118,0.90117,1.20,0.55
2010.07.29 15:05:48.624,0.90114,0.90117,1.40,0.67
2010.07.29 15:05:48.732,0.90116,0.90117,0.90,2.40
2010.07.29 15:05:48.930,0.90114,0.90117,1.70,0.88
2010.07.29 15:05:49.064,0.90117,0.90124,2.10,0.93
2010.07.29 15:05:49.310,0.90114,0.90115,1.50,0.62
2010.07.29 15:05:49.519,0.90117,0.90123,0.93,1.80
2010.07.29 15:05:49.642,0.90119,0.90125,1.20,2.90
2010.07.29 15:05:49.808,0.90114,0.90117,1.10,2.10
2010.07.29 15:05:50.143,0.90117,0.90121,0.89,2.50
2010.07.29 15:05:50.291,0.90119,0.90125,0.39,1.60
2010.07.29 15:05:50.700,0.90118,0.90125,0.95,1.20
2010.07.29 15:05:50.812,0.90117,0.90125,1.80,0.59
2010.07.29 15:05:51.204,0.90114,0.90117,2.30,3.30
2010.07.29 15:05:51.426,0.90111,0.90115,1.20,1.40
2010.07.29 15:05:51.707,0.90112,0.90123,0.92,0.81
2010.07.29 15:05:51.872,0.90117,0.90123,3.30,0.45
2010.07.29 15:05:52.302,0.90113,0.90117,2.80,1.30
2010.07.29 15:05:53.236,0.90112,0.90117,0.73,5.20
2010.07.29 15:05:53.512,0.90111,0.90115,1.50,2.10
2010.07.29 15:05:53.670,0.90109,0.90115,0.64,0.59
2010.07.29 15:05:54.684,0.90107,0.90107,0.99,0.47
2010.07.29 15:05:56.046,0.90104,0.90107,2.80,0.86
2010.07.29 15:05:56.372,0.90102,0.90105,0.27,0.78
2010.07.29 15:05:56.693,0.90107,0.90105,0.41,0.46
2010.07.29 15:05:57.326,0.90106,0.90115,0.72,0.88
2010.07.29 15:05:57.554,0.90105,0.90115,1.40,1.00
2010.07.29 15:05:58.317,0.90104,0.90111,2.70,1.40
2010.07.29 15:05:59.452,0.90106,0.90115,0.97,0.70
2010.07.29 15:05:59.914,0.90107,0.90115,1.10,0.64
2010.07.29 15:06:00.996,0.90104,0.90115,0.80,1.20
2010.07.29 15:06:04.301,0.90103,0.90109,1.20,0.60
2010.07.29 15:06:05.290,0.90104,0.90109,0.91,0.89
2010.07.29 15:06:05.565,0.90107,0.90114,1.00,2.40
2010.07.29 15:06:06.246,0.90104,0.90114,2.30,1.00
2010.07.29 15:06:12.065,0.90105,0.90114,0.48,1.30
2010.07.29 15:06:12.630,0.90107,0.90115,1.00,0.69
2010.07.29 15:06:12.709,0.9011,0.90117,1.10,1.50
2010.07.29 15:06:15.244,0.90106,0.90114,0.86,0.45
2010.07.29 15:06:15.271,0.90105,0.90114,3.00,0.90
2010.07.29 15:06:15.589,0.90104,0.90114,2.10,0.36
2010.07.29 15:06:15.911,0.90103,0.90114,0.41,1.50
2010.07.29 15:06:16.041,0.90107,0.90112,1.50,0.72
2010.07.29 15:06:19.472,0.90108,0.90117,0.61,0.89
2010.07.29 15:06:25.452,0.90107,0.90117,1.10,0.27
2010.07.29 15:06:25.625,0.90108,0.90117,0.35,0.74
2010.07.29 15:06:27.620,0.90109,0.90117,1.80,0.50
2010.07.29 15:06:31.194,0.90108,0.90115,3.20,0.97
2010.07.29 15:06:31.650,0.90107,0.90115,0.95,1.90
2010.07.29 15:06:31.878,0.90103,0.90109,0.59,0.63
2010.07.29 15:06:32.210,0.90102,0.90109,1.20,0.44
2010.07.29 15:06:32.554,0.90101,0.90105,1.20,0.84
2010.07.29 15:06:32.732,0.90099,0.90105,1.60,1.60
2010.07.29 15:06:40.788,0.90097,0.90105,1.50,0.68
2010.07.29 15:06:41.396,0.90095,0.90098,0.57,1.60
2010.07.29 15:06:41.992,0.90091,0.90098,1.40,0.94
2010.07.29 15:06:42.320,0.90089,0.90098,0.93,0.67
2010.07.29 15:06:42.598,0.90087,0.90098,1.30,0.70
2010.07.29 15:06:42.962,0.90086,0.90093,0.64,1.20
2010.07.29 15:06:43.702,0.90082,0.90089,1.20,1.30
2010.07.29 15:06:44.241,0.90087,0.90091,0.80,0.58
2010.07.29 15:06:46.240,0.90084,0.90089,1.70,0.76
2010.07.29 15:06:46.924,0.90082,0.90089,0.80,0.81
2010.07.29 15:06:50.496,0.9008,0.90085,1.50,0.54
2010.07.29 15:06:50.903,0.90082,0.90089,0.31,0.47
2010.07.29 15:06:52.248,0.90083,0.90089,0.32,0.53
2010.07.29 15:06:52.260,0.90089,0.90095,0.65,4.50
2010.07.29 15:06:52.620,0.90092,0.90097,1.20,1.70
2010.07.29 15:06:52.922,0.90093,0.90097,1.90,1.80
2010.07.29 15:06:55.247,0.90094,0.901,0.79,1.10
2010.07.29 15:06:55.910,0.90097,0.90104,2.20,1.40
2010.07.29 15:06:56.338,0.90096,0.90105,2.60,1.30
2010.07.29 15:06:56.872,0.90093,0.90105,0.79,2.50
2010.07.29 15:06:57.199,0.90097,0.901,0.76,1.70
2010.07.29 15:06:58.119,0.90094,0.90099,0.91,1.80
2010.07.29 15:06:58.679,0.90091,0.90098,1.20,1.90
2010.07.29 15:06:59.122,0.90087,0.90098,1.60,1.20
2010.07.29 15:06:59.499,0.90086,0.90096,1.60,1.30
2010.07.29 15:06:59.616,0.90085,0.90095,1.30,2.20
2010.07.29 15:06:59.823,0.90087,0.90095,0.78,0.88
2010.07.29 15:07:00.120,0.90086,0.90087,1.30,1.40
2010.07.29 15:07:00.208,0.90083,0.90087,0.38,1.20
2010.07.29 15:07:00.449,0.90084,0.90093,0.54,2.60
2010.07.29 15:07:00.502,0.90087,0.90093,1.40,1.80
2010.07.29 15:07:00.804,0.90086,0.90095,1.80,1.90
2010.07.29 15:07:00.834,0.90084,0.90095,1.00,1.20
2010.07.29 15:07:01.383,0.90083,0.90087,1.30,1.10
2010.07.29 15:07:01.589,0.90082,0.90087,1.00,0.74
2010.07.29 15:07:06.851,0.90079,0.90085,0.91,0.63
2010.07.29 15:07:07.232,0.90077,0.90085,3.20,0.61
2010.07.29 15:07:07.894,0.90076,0.90085,0.36,0.39
2010.07.29 15:07:08.232,0.90073,0.90075,3.50,2.20
2010.07.29 15:07:08.800,0.90068,0.90075,0.52,0.85
2010.07.29 15:07:12.754,0.90067,0.90075,0.75,1.50
2010.07.29 15:07:13.159,0.90061,0.90065,1.10,1.00
2010.07.29 15:07:13.384,0.9006,0.90065,1.40,1.80
2010.07.29 15:07:13.617,0.90059,0.90065,0.78,0.97
2010.07.29 15:07:13.873,0.90062,0.90065,0.90,1.00
2010.07.29 15:07:15.432,0.9006,0.90065,1.10,2.50
2010.07.29 15:07:15.929,0.90059,0.90065,3.40,1.30
2010.07.29 15:07:16.089,0.90062,0.90067,0.48,0.98
2010.07.29 15:07:20.179,0.90065,0.90067,1.30,0.73
2010.07.29 15:07:20.285,0.9007,0.9007,1.30,0.97
2010.07.29 15:07:20.505,0.90067,0.90075,0.67,0.72
2010.07.29 15:07:20.758,0.90065,0.90067,1.30,1.50
2010.07.29 15:07:20.830,0.90062,0.90067,0.97,1.40
2010.07.29 15:07:22.143,0.90059,0.90065,0.57,0.69
2010.07.29 15:07:22.969,0.90058,0.90065,0.96,1.10
2010.07.29 15:07:23.155,0.90057,0.90065,1.90,2.60
2010.07.29 15:07:23.262,0.90056,0.90065,0.65,0.52
2010.07.29 15:07:23.517,0.90053,0.90065,3.20,1.50
2010.07.29 15:07:23.940,0.90056,0.90065,0.63,0.91
2010.07.29 15:07:24.049,0.90053,0.90065,1.50,0.43
2010.07.29 15:07:24.512,0.90056,0.90065,0.76,0.93
2010.07.29 15:07:25.237,0.90053,0.90065,0.98,3.30
2010.07.29 15:07:26.750,0.90049,0.90056,1.30,1.00
2010.07.29 15:07:27.140,0.90048,0.90055,1.00,1.20
2010.07.29 15:07:33.382,0.90047,0.90055,5.10,0.38
2010.07.29 15:07:36.265,0.90045,0.90047,2.10,0.61
2010.07.29 15:07:36.995,0.90047,0.90055,0.98,3.30
2010.07.29 15:07:37.900,0.90048,0.90055,1.40,1.80
2010.07.29 15:07:39.038,0.9005,0.90058,2.00,1.30
2010.07.29 15:07:39.780,0.90052,0.90058,0.44,1.80
2010.07.29 15:07:40.914,0.90053,0.9006,1.20,1.50
2010.07.29 15:07:41.121,0.90056,0.9006,0.99,1.00
2010.07.29 15:07:41.355,0.90057,0.90065,1.40,1.60
2010.07.29 15:07:41.504,0.90058,0.90065,0.95,0.99
2010.07.29 15:07:41.788,0.90063,0.90073,0.94,2.00
2010.07.29 15:07:41.805,0.90067,0.90073,2.00,1.60
2010.07.29 15:07:42.044,0.90068,0.90073,0.58,0.36
2010.07.29 15:07:42.294,0.90072,0.90073,0.80,1.50
2010.07.29 15:07:42.544,0.90077,0.90073,2.50,0.70
2010.07.29 15:07:42.654,0.90071,0.90073,0.31,2.70
2010.07.29 15:07:42.989,0.90068,0.90073,1.40,1.30
2010.07.29 15:07:43.178,0.9007,0.90078,1.00,0.38
2010.07.29 15:07:43.370,0.90072,0.9008,1.30,2.20
2010.07.29 15:07:43.574,0.90077,0.9008,0.81,1.20
2010.07.29 15:07:43.650,0.90072,0.9008,0.39,0.33
2010.07.29 15:07:43.840,0.90073,0.9008,0.36,1.60
2010.07.29 15:07:44.155,0.90077,0.90082,1.30,0.67
2010.07.29 15:07:44.290,0.90076,0.90085,0.49,0.96
2010.07.29 15:07:44.401,0.90074,0.90078,0.52,0.92
2010.07.29 15:07:44.623,0.9007,0.90078,1.40,1.20
2010.07.29 15:07:44.891,0.90077,0.90083,3.80,1.60
2010.07.29 15:07:45.195,0.90076,0.90085,0.93,0.89
2010.07.29 15:07:45.545,0.90073,0.90085,1.20,0.87
2010.07.29 15:07:45.829,0.90072,0.9008,0.91,1.80
2010.07.29 15:07:46.218,0.9007,0.90078,0.87,0.72
2010.07.29 15:07:46.634,0.90072,0.9008,0.33,1.60
2010.07.29 15:07:46.833,0.9007,0.90075,1.20,0.29
2010.07.29 15:07:47.016,0.90068,0.90075,0.48,1.40
2010.07.29 15:07:47.220,0.90071,0.90075,1.10,2.00
2010.07.29 15:07:47.490,0.90073,0.90075,0.47,1.30
2010.07.29 15:07:47.744,0.90081,0.90083,1.70,0.53
2010.07.29 15:07:47.975,0.90076,0.90077,1.10,0.89
2010.07.29 15:07:49.483,0.90072,0.90075,1.30,1.30
2010.07.29 15:07:49.735,0.90066,0.90067,1.20,2.80
2010.07.29 15:07:55.015,0.90067,0.9007,0.93,1.10
2010.07.29 15:07:55.462,0.90071,0.9007,1.00,2.20
2010.07.29 15:07:55.687,0.90067,0.9007,0.86,0.52
2010.07.29 15:07:55.782,0.90066,0.9007,0.72,0.66
2010.07.29 15:07:56.412,0.90071,0.90075,0.30,1.00
2010.07.29 15:07:56.812,0.90066,0.90075,0.52,0.70
2010.07.29 15:08:03.322,0.90071,0.9007,0.66,1.40
2010.07.29 15:08:03.554,0.90076,0.90075,1.00,2.00
2010.07.29 15:08:07.483,0.90078,0.9008,1.60,1.20
2010.07.29 15:08:07.558,0.90081,0.9008,1.00,1.00
2010.07.29 15:08:09.017,0.90077,0.90085,1.00,1.30
2010.07.29 15:08:09.537,0.90076,0.90085,0.73,0.43
2010.07.29 15:08:12.131,0.90077,0.90085,2.00,1.60
2010.07.29 15:08:12.843,0.90081,0.90085,0.92,1.20
2010.07.29 15:08:13.081,0.90091,0.90092,0.57,1.50
2010.07.29 15:08:13.516,0.90087,0.90093,0.38,1.60
2010.07.29 15:08:13.940,0.90086,0.90093,1.40,0.96
2010.07.29 15:08:21.568,0.90076,0.90081,3.70,3.40
2010.07.29 15:08:23.149,0.90081,0.90084,0.93,0.49
2010.07.29 15:08:23.581,0.90077,0.90084,0.51,0.58
2010.07.29 15:08:23.928,0.90076,0.90084,0.54,1.10
2010.07.29 15:08:24.042,0.90077,0.9008,1.40,0.53
2010.07.29 15:08:24.182,0.90081,0.9008,0.69,1.60
2010.07.29 15:08:24.385,0.90077,0.9008,1.10,0.38
2010.07.29 15:08:24.562,0.90076,0.9008,2.50,2.40
2010.07.29 15:08:24.583,0.90081,0.9008,1.40,1.30
2010.07.29 15:08:24.818,0.90077,0.9008,1.60,0.53
2010.07.29 15:08:24.966,0.90076,0.9008,1.90,1.90
2010.07.29 15:08:25.060,0.90077,0.9008,0.67,0.37
2010.07.29 15:08:25.145,0.90081,0.9008,1.00,1.00
2010.07.29 15:08:25.355,0.90077,0.9008,1.10,0.70
2010.07.29 15:08:25.473,0.90076,0.9008,1.10,1.40
2010.07.29 15:08:25.628,0.90081,0.9008,2.30,0.49
2010.07.29 15:08:25.807,0.90077,0.9008,0.80,0.43
2010.07.29 15:08:25.874,0.90076,0.9008,0.38,0.63
2010.07.29 15:08:26.653,0.90072,0.90075,0.61,1.30
2010.07.29 15:08:27.294,0.90081,0.90083,0.75,0.47
2010.07.29 15:08:28.760,0.90091,0.9009,0.94,1.60
2010.07.29 15:08:30.689,0.90096,0.90102,1.50,0.58
2010.07.29 15:08:35.085,0.90092,0.90097,0.54,1.00
2010.07.29 15:08:35.603,0.90088,0.90097,1.70,1.40
2010.07.29 15:08:35.679,0.90086,0.90089,1.70,0.68
2010.07.29 15:08:36.432,0.90076,0.90088,1.60,1.40
2010.07.29 15:08:36.865,0.90081,0.90088,0.61,1.50
2010.07.29 15:08:38.622,0.90086,0.90089,2.90,0.80
2010.07.29 15:08:41.257,0.90091,0.90095,0.71,0.95
2010.07.29 15:08:43.086,0.90096,0.90097,0.97,0.68
2010.07.29 15:08:43.280,0.90092,0.90097,0.94,1.00
2010.07.29 15:08:43.482,0.90087,0.90097,0.39,0.54
2010.07.29 15:08:43.648,0.90086,0.90097,1.80,2.10
2010.07.29 15:08:43.869,0.90091,0.90099,1.00,0.66
2010.07.29 15:08:46.189,0.90096,0.901,0.80,2.00
2010.07.29 15:08:48.050,0.90092,0.90092,1.10,1.20
2010.07.29 15:08:48.641,0.90081,0.90092,0.87,0.97
2010.07.29 15:08:50.130,0.90077,0.9009,1.30,1.10
2010.07.29 15:08:50.356,0.90078,0.90088,1.60,0.76
2010.07.29 15:08:50.727,0.90079,0.90088,0.83,2.20
2010.07.29 15:08:50.992,0.90081,0.90088,2.20,0.53
2010.07.29 15:08:52.523,0.90082,0.9009,2.30,0.31
2010.07.29 15:08:53.303,0.90081,0.9009,1.50,1.00
2010.07.29 15:08:54.078,0.90077,0.90081,1.70,1.60
2010.07.29 15:08:54.536,0.90076,0.90081,1.40,0.87
2010.07.29 15:08:54.897,0.90071,0.90081,0.51,1.70
2010.07.29 15:08:55.300,0.90068,0.90079,1.10,0.93
2010.07.29 15:08:55.361,0.90067,0.90079,1.90,1.60
2010.07.29 15:08:55.727,0.90066,0.90078,5.70,1.80
2010.07.29 15:08:56.094,0.90068,0.90076,0.49,0.93
2010.07.29 15:08:56.262,0.90069,0.90078,0.63,2.10
2010.07.29 15:08:56.538,0.9007,0.90078,2.40,0.51
2010.07.29 15:08:56.793,0.90071,0.90078,1.20,0.85
2010.07.29 15:08:58.020,0.90068,0.90078,0.68,0.46
2010.07.29 15:08:58.632,0.90069,0.90078,1.30,2.10
2010.07.29 15:08:58.949,0.90071,0.9008,1.80,1.70
2010.07.29 15:08:59.659,0.90076,0.90082,1.60,1.10
2010.07.29 15:09:00.118,0.90072,0.90084,0.38,2.00
2010.07.29 15:09:00.309,0.90073,0.90083,0.64,1.90
2010.07.29 15:09:00.386,0.90074,0.90083,0.59,0.58
2010.07.29 15:09:00.508,0.90076,0.90083,1.90,0.68
2010.07.29 15:09:00.753,0.90077,0.90084,0.72,1.30
2010.07.29 15:09:00.897,0.90081,0.90084,0.85,0.72
2010.07.29 15:09:04.450,0.9008,0.90088,0.23,0.33
2010.07.29 15:09:04.539,0.90077,0.90088,1.30,1.00
2010.07.29 15:09:05.297,0.90078,0.90088,1.90,1.10
2010.07.29 15:09:06.205,0.90081,0.90088,1.00,2.90
2010.07.29 15:09:07.619,0.90086,0.90093,2.90,1.20
2010.07.29 15:09:08.033,0.90091,0.90095,1.50,1.70
2010.07.29 15:09:08.235,0.90089,0.90097,0.64,2.00
2010.07.29 15:09:08.475,0.90087,0.90095,3.20,0.63
2010.07.29 15:09:08.717,0.90086,0.90093,1.50,0.89
2010.07.29 15:09:08.929,0.90081,0.90093,1.40,1.60
2010.07.29 15:09:09.007,0.90083,0.90093,2.90,0.61
2010.07.29 15:09:09.100,0.90085,0.90093,1.60,0.80
2010.07.29 15:09:09.226,0.90091,0.90093,0.59,0.96
2010.07.29 15:09:09.302,0.90089,0.90095,0.58,1.00
2010.07.29 15:09:09.477,0.90087,0.90095,0.45,1.50
2010.07.29 15:09:09.555,0.90086,0.90093,0.85,2.30
2010.07.29 15:09:09.656,0.90081,0.90093,1.50,1.30
2010.07.29 15:09:09.713,0.90082,0.90093,0.68,0.77
2010.07.29 15:09:09.807,0.90086,0.90094,1.20,1.20
2010.07.29 15:09:09.985,0.90082,0.90094,0.99,1.50
2010.07.29 15:09:12.056,0.90083,0.90094,0.50,3.30
2010.07.29 15:09:13.725,0.90082,0.90094,1.60,1.10
2010.07.29 15:09:14.420,0.90085,0.90096,1.20,1.30
2010.07.29 15:09:14.638,0.90087,0.90096,0.60,0.93
2010.07.29 15:09:15.152,0.90084,0.90096,0.52,0.94
2010.07.29 15:09:15.887,0.90082,0.90096,0.75,0.79
2010.07.29 15:09:17.290,0.90077,0.9009,1.20,2.70
2010.07.29 15:09:18.147,0.90082,0.90088,1.90,1.90
2010.07.29 15:09:18.571,0.90077,0.90089,0.57,2.00
2010.07.29 15:09:20.183,0.90081,0.90093,0.93,2.80
2010.07.29 15:09:20.535,0.90082,0.90093,1.20,1.50
2010.07.29 15:09:20.675,0.90083,0.90096,1.80,0.56
2010.07.29 15:09:21.256,0.90087,0.90096,1.20,0.87
2010.07.29 15:09:23.238,0.90079,0.90092,1.50,0.98
2010.07.29 15:09:23.660,0.90077,0.90092,0.34,1.30
2010.07.29 15:09:24.145,0.90076,0.90087,0.74,0.88
2010.07.29 15:09:24.233,0.90073,0.90087,1.30,1.30
2010.07.29 15:09:24.384,0.90077,0.90088,0.46,1.50
2010.07.29 15:09:24.626,0.90078,0.90089,1.30,0.78
2010.07.29 15:09:24.668,0.90075,0.90086,1.60,0.97
2010.07.29 15:09:24.975,0.90073,0.90085,2.70,0.67
2010.07.29 15:09:28.859,0.90072,0.90081,0.52,1.20
2010.07.29 15:09:35.017,0.90068,0.90079,2.90,0.85
2010.07.29 15:09:35.259,0.90067,0.90077,1.10,0.88
2010.07.29 15:09:35.575,0.90063,0.90077,0.63,1.20
2010.07.29 15:09:35.787,0.90062,0.90075,0.85,0.30
2010.07.29 15:09:43.468,0.90063,0.90076,2.20,1.40
2010.07.29 15:09:44.173,0.90062,0.90073,0.52,0.59
2010.07.29 15:09:44.533,0.90061,0.90073,0.35,0.45
2010.07.29 15:09:44.815,0.90059,0.90073,0.74,0.34
2010.07.29 15:09:47.132,0.90061,0.90072,1.90,0.39
2010.07.29 15:09:47.941,0.90062,0.90072,1.50,2.20
2010.07.29 15:09:50.492,0.90066,0.90077,0.48,0.73
2010.07.29 15:09:50.990,0.90067,0.90077,1.50,0.90
2010.07.29 15:10:01.296,0.90062,0.90075,0.86,0.88
2010.07.29 15:10:08.109,0.90063,0.90075,0.74,2.70
2010.07.29 15:10:08.803,0.90067,0.90077,0.80,1.70
2010.07.29 15:10:09.282,0.90066,0.90077,0.86,0.98
2010.07.29 15:10:09.506,0.90063,0.90074,1.30,0.66
2010.07.29 15:10:10.129,0.90066,0.90074,1.80,1.00
2010.07.29 15:10:10.284,0.90067,0.90074,0.52,0.40
2010.07.29 15:10:10.680,0.90066,0.90077,0.90,1.20
2010.07.29 15:10:10.795,0.90063,0.90074,0.57,0.34
2010.07.29 15:10:11.249,0.90066,0.90074,0.75,0.67
2010.07.29 15:10:11.653,0.90067,0.90074,0.49,1.60
2010.07.29 15:10:11.916,0.90066,0.90074,0.58,0.83
2010.07.29 15:10:12.005,0.90063,0.90074,1.50,0.34
2010.07.29 15:10:12.390,0.90067,0.90074,2.90,1.60
2010.07.29 15:10:12.705,0.90066,0.90078,0.97,0.57
2010.07.29 15:10:12.785,0.90063,0.90078,0.63,0.60
2010.07.29 15:10:14.755,0.90062,0.90074,1.10,4.80
2010.07.29 15:10:17.093,0.9006,0.90068,1.40,1.40
2010.07.29 15:10:17.475,0.90058,0.90068,1.30,1.30
2010.07.29 15:10:17.744,0.90056,0.90064,0.78,0.79
2010.07.29 15:10:17.997,0.90057,0.90064,1.10,1.30
2010.07.29 15:10:20.177,0.90061,0.90069,2.10,0.70
2010.07.29 15:10:20.418,0.90062,0.90069,1.40,0.68
2010.07.29 15:10:20.866,0.90065,0.90074,1.20,1.30
2010.07.29 15:10:21.429,0.90066,0.90074,1.20,1.20
2010.07.29 15:10:21.653,0.90067,0.90074,1.20,0.85
2010.07.29 15:10:22.168,0.90068,0.90078,1.90,2.20
2010.07.29 15:10:22.278,0.90067,0.90078,0.75,1.80
2010.07.29 15:10:22.534,0.90066,0.90077,1.20,0.89
2010.07.29 15:10:22.976,0.90065,0.90074,1.10,1.20
2010.07.29 15:10:23.034,0.90063,0.90074,0.56,0.89
2010.07.29 15:10:23.501,0.90062,0.90069,1.50,0.89
2010.07.29 15:10:23.836,0.90063,0.90073,0.34,0.31
2010.07.29 15:10:24.495,0.90064,0.90074,0.69,1.40
2010.07.29 15:10:24.936,0.90063,0.90074,4.00,0.75
2010.07.29 15:10:25.155,0.90062,0.90073,0.66,1.50
2010.07.29 15:10:25.340,0.90061,0.90068,1.40,1.50
2010.07.29 15:10:25.404,0.90058,0.90068,0.86,1.70
2010.07.29 15:10:25.760,0.90054,0.90064,0.69,0.83
2010.07.29 15:10:25.828,0.90053,0.90064,1.20,0.82
2010.07.29 15:10:27.483,0.90054,0.90064,0.84,0.89
2010.07.29 15:10:27.745,0.90055,0.90064,1.60,0.59
2010.07.29 15:10:28.031,0.90056,0.90064,1.50,1.60
2010.07.29 15:10:28.544,0.90059,0.90064,1.20,1.10
2010.07.29 15:10:29.029,0.90058,0.90066,0.35,1.30
2010.07.29 15:10:29.246,0.90059,0.90066,1.10,0.73
2010.07.29 15:10:29.335,0.90058,0.90069,2.00,2.50
2010.07.29 15:10:29.506,0.90057,0.90064,0.42,0.45
2010.07.29 15:10:29.681,0.90056,0.90064,0.58,1.20
2010.07.29 15:10:29.851,0.90055,0.90064,2.70,3.10
2010.07.29 15:10:30.038,0.90056,0.90064,0.50,0.54
2010.07.29 15:10:30.475,0.90058,0.90064,1.20,1.00
2010.07.29 15:10:30.987,0.90057,0.90064,2.20,0.87
2010.07.29 15:10:31.277,0.90058,0.90069,2.00,1.50
2010.07.29 15:10:33.308,0.90059,0.90069,1.10,0.74
2010.07.29 15:10:34.282,0.90058,0.90069,0.86,2.10
2010.07.29 15:10:35.101,0.90057,0.90064,1.20,1.20
2010.07.29 15:10:35.801,0.90056,0.90064,0.86,1.50
2010.07.29 15:10:37.345,0.90054,0.90064,0.66,0.83
2010.07.29 15:10:39.219,0.90053,0.90064,1.10,0.76
2010.07.29 15:10:39.819,0.90054,0.90064,0.44,0.50
2010.07.29 15:10:40.076,0.90056,0.90064,0.77,0.56
2010.07.29 15:10:40.268,0.90057,0.90064,0.67,0.58
2010.07.29 15:10:40.570,0.90059,0.90068,2.00,3.20
2010.07.29 15:10:40.780,0.9006,0.90069,1.00,1.20
2010.07.29 15:10:40.984,0.90059,0.90069,0.26,0.87
2010.07.29 15:10:41.223,0.90065,0.90069,0.92,0.94
2010.07.29 15:10:41.314,0.90066,0.90069,0.96,0.55
2010.07.29 15:10:41.514,0.90067,0.90073,0.60,1.90
2010.07.29 15:10:41.775,0.90068,0.90079,0.88,1.60
2010.07.29 15:10:42.100,0.90071,0.90079,0.94,1.40
2010.07.29 15:10:42.283,0.90072,0.90079,1.00,0.77
2010.07.29 15:10:42.520,0.90071,0.90083,1.00,1.80
2010.07.29 15:10:42.708,0.90069,0.90079,0.32,1.30
2010.07.29 15:10:42.909,0.90068,0.90079,0.54,1.30
2010.07.29 15:10:43.230,0.90067,0.90079,1.80,0.47
2010.07.29 15:10:43.587,0.90065,0.90074,1.40,2.10
2010.07.29 15:10:44.011,0.90063,0.90074,2.30,3.90
2010.07.29 15:10:44.159,0.90061,0.90069,0.91,0.72
2010.07.29 15:10:44.252,0.90063,0.90071,1.20,0.89
2010.07.29 15:10:44.392,0.90066,0.90071,0.69,2.20
2010.07.29 15:10:44.424,0.90067,0.90073,1.60,2.00
2010.07.29 15:10:44.526,0.90066,0.90074,3.40,1.60
2010.07.29 15:10:44.634,0.90065,0.90074,0.59,2.30
2010.07.29 15:10:44.701,0.90067,0.90074,1.40,0.56
2010.07.29 15:10:44.845,0.90068,0.90074,1.00,1.50
2010.07.29 15:10:44.925,0.90071,0.90081,1.20,0.64
2010.07.29 15:10:45.001,0.90072,0.90083,1.40,0.70
2010.07.29 15:10:45.144,0.90071,0.90079,0.97,0.82
2010.07.29 15:10:45.209,0.9007,0.90079,0.43,1.40
2010.07.29 15:10:45.329,0.90071,0.90079,2.10,0.87
2010.07.29 15:10:45.435,0.90076,0.90079,1.00,0.59
2010.07.29 15:10:45.514,0.90077,0.90079,0.93,1.10
2010.07.29 15:10:45.608,0.90076,0.90084,0.76,0.64
2010.07.29 15:10:45.789,0.90075,0.90084,2.30,1.20
2010.07.29 15:10:45.854,0.90073,0.90084,0.81,1.20
2010.07.29 15:10:45.938,0.90072,0.90084,2.40,0.68
2010.07.29 15:10:49.148,0.9007,0.90083,0.59,1.00
2010.07.29 15:10:49.573,0.90071,0.90083,2.70,1.60
2010.07.29 15:10:49.907,0.90072,0.90083,0.48,1.20
2010.07.29 15:10:51.119,0.90069,0.90078,0.66,0.71
2010.07.29 15:10:51.248,0.90068,0.90078,0.24,0.61
2010.07.29 15:10:51.392,0.90067,0.90074,2.50,0.53
2010.07.29 15:10:51.519,0.90065,0.90074,2.30,1.90
2010.07.29 15:10:51.678,0.90063,0.90074,1.40,1.70
2010.07.29 15:10:51.952,0.90062,0.90074,1.40,0.94
2010.07.29 15:10:52.055,0.9006,0.90071,2.90,0.84
2010.07.29 15:10:52.220,0.90059,0.90071,0.50,1.40
2010.07.29 15:10:52.268,0.90058,0.90071,3.00,1.00
2010.07.29 15:10:52.420,0.90057,0.90071,0.95,1.10
2010.07.29 15:10:52.453,0.90056,0.90068,1.90,1.90
2010.07.29 15:10:52.605,0.90055,0.90068,0.81,0.69
2010.07.29 15:10:52.745,0.90056,0.90068,1.30,0.70
2010.07.29 15:10:52.873,0.90057,0.90068,1.20,0.88
2010.07.29 15:10:52.994,0.90058,0.90069,0.91,1.00
2010.07.29 15:10:53.950,0.90062,0.90069,1.10,2.20
2010.07.29 15:10:56.082,0.90061,0.90073,3.20,1.70
2010.07.29 15:10:56.292,0.90058,0.90073,1.10,1.70
2010.07.29 15:10:56.403,0.90057,0.90073,1.20,0.38
2010.07.29 15:10:56.594,0.90056,0.90068,1.50,0.66
2010.07.29 15:10:56.722,0.90054,0.90064,2.60,1.20
2010.07.29 15:10:56.984,0.90053,0.90064,1.50,2.50
2010.07.29 15:10:57.297,0.90054,0.90064,5.60,0.71
2010.07.29 15:10:57.660,0.90053,0.90064,3.00,1.50
2010.07.29 15:10:58.277,0.90052,0.90061,0.89,1.60
2010.07.29 15:10:58.512,0.90048,0.90058,0.42,1.20
2010.07.29 15:10:58.937,0.90047,0.90055,0.67,0.55
2010.07.29 15:11:00.290,0.90046,0.90057,0.85,3.80
2010.07.29 15:11:00.799,0.90044,0.90057,2.90,0.94
2010.07.29 15:11:01.058,0.90043,0.90054,0.94,0.64
2010.07.29 15:11:01.120,0.90042,0.90054,1.20,0.60
2010.07.29 15:11:01.285,0.90045,0.90054,1.20,1.60
2010.07.29 15:11:01.384,0.90046,0.90054,1.40,1.40
2010.07.29 15:11:01.448,0.90047,0.90054,0.71,0.55
2010.07.29 15:11:01.585,0.9005,0.90054,1.10,2.00
2010.07.29 15:11:01.677,0.90052,0.90054,0.57,1.20
2010.07.29 15:11:01.815,0.90053,0.90064,0.53,1.10
2010.07.29 15:11:01.994,0.90052,0.90064,0.95,0.63
2010.07.29 15:11:02.009,0.9005,0.90063,1.50,0.57
2010.07.29 15:11:02.558,0.90052,0.90059,0.86,0.85
2010.07.29 15:11:03.026,0.9005,0.90063,1.50,1.10
2010.07.29 15:11:03.275,0.90049,0.90061,2.50,0.97
2010.07.29 15:11:03.577,0.9005,0.90061,2.10,1.70
2010.07.29 15:11:03.675,0.90049,0.90059,0.82,1.70
2010.07.29 15:11:03.846,0.90052,0.90059,1.10,0.49
2010.07.29 15:11:04.028,0.9005,0.90063,0.67,0.89
2010.07.29 15:11:04.290,0.90049,0.90061,0.35,0.88
2010.07.29 15:11:04.525,0.90052,0.90059,1.50,2.30
2010.07.29 15:11:04.608,0.9005,0.90059,0.74,0.53
2010.07.29 15:11:04.972,0.90049,0.90059,1.20,0.96
2010.07.29 15:11:05.395,0.90048,0.90059,0.70,0.67
2010.07.29 15:11:06.791,0.90049,0.90059,0.44,0.44
2010.07.29 15:11:08.476,0.90047,0.90059,1.30,1.50
2010.07.29 15:11:08.652,0.90049,0.90059,3.50,0.61
2010.07.29 15:11:09.100,0.90048,0.90059,1.20,2.30
2010.07.29 15:11:09.399,0.90047,0.90059,0.34,1.40
2010.07.29 15:11:09.702,0.90049,0.90059,1.30,1.00
2010.07.29 15:11:09.989,0.9005,0.90059,1.20,1.50
2010.07.29 15:11:10.871,0.90049,0.90059,0.25,0.30
2010.07.29 15:11:11.137,0.9005,0.90059,1.20,0.61
2010.07.29 15:11:11.239,0.90051,0.90059,0.62,0.44
2010.07.29 15:11:11.390,0.9005,0.90059,1.10,1.30
2010.07.29 15:11:11.571,0.90051,0.90059,0.96,0.55
2010.07.29 15:11:11.714,0.90052,0.90059,0.52,1.80
2010.07.29 15:11:11.842,0.90054,0.90064,0.78,0.91
2010.07.29 15:11:12.018,0.90053,0.90064,1.70,1.10
2010.07.29 15:11:12.218,0.90052,0.90064,2.30,0.66
2010.07.29 15:11:12.277,0.9005,0.90061,0.24,0.63
2010.07.29 15:11:12.419,0.90049,0.90061,0.62,0.40
2010.07.29 15:11:12.499,0.90048,0.90061,0.29,2.00
2010.07.29 15:11:12.586,0.90047,0.90059,2.20,0.57
2010.07.29 15:11:12.669,0.90046,0.90049,2.90,1.10
2010.07.29 15:11:12.827,0.90042,0.90049,1.20,0.70
2010.07.29 15:11:12.896,0.9004,0.90049,1.10,1.50
2010.07.29 15:11:13.096,0.90041,0.90049,0.50,0.54
2010.07.29 15:11:13.185,0.90042,0.90049,1.30,0.84
2010.07.29 15:11:13.311,0.90043,0.90054,0.52,0.71
2010.07.29 15:11:13.531,0.90042,0.90052,2.90,0.80
2010.07.29 15:11:13.589,0.90041,0.90049,1.60,3.20
2010.07.29 15:11:13.720,0.90042,0.90053,0.67,1.30
2010.07.29 15:11:13.938,0.90043,0.90054,0.51,4.10
2010.07.29 15:11:14.159,0.90042,0.90052,0.41,0.38
2010.07.29 15:11:14.409,0.90041,0.90049,2.20,0.57
2010.07.29 15:11:14.907,0.9004,0.90049,0.24,0.52
2010.07.29 15:11:18.024,0.90038,0.90048,0.89,1.20
2010.07.29 15:11:18.131,0.90037,0.90048,0.70,2.20
2010.07.29 15:11:18.267,0.90035,0.90044,1.20,0.52
2010.07.29 15:11:18.438,0.90033,0.90044,0.72,0.71
2010.07.29 15:11:18.536,0.90032,0.90043,0.90,1.30
2010.07.29 15:11:18.686,0.9003,0.90039,2.00,0.81
2010.07.29 15:11:18.792,0.90031,0.90039,2.40,0.63
2010.07.29 15:11:18.878,0.90036,0.90039,1.80,1.10
2010.07.29 15:11:19.330,0.90037,0.90039,0.61,2.00
2010.07.29 15:11:19.612,0.90035,0.90044,0.65,0.81
2010.07.29 15:11:19.963,0.90033,0.90044,1.40,0.32
2010.07.29 15:11:20.086,0.90034,0.90044,0.40,0.40
2010.07.29 15:11:20.173,0.90036,0.90044,1.10,0.52
2010.07.29 15:11:20.266,0.90037,0.90044,2.50,1.20
2010.07.29 15:11:20.287,0.90038,0.90048,1.30,1.10
2010.07.29 15:11:20.426,0.90039,0.90048,2.60,0.57
2010.07.29 15:11:20.516,0.9004,0.90048,2.30,0.41
2010.07.29 15:11:20.546,0.90042,0.90048,0.64,1.50
2010.07.29 15:11:20.672,0.90041,0.90049,0.58,0.99
2010.07.29 15:11:20.750,0.9004,0.90049,0.86,0.35
2010.07.29 15:11:20.849,0.90046,0.90049,2.20,0.77
2010.07.29 15:11:20.978,0.90047,0.90049,1.20,3.00
2010.07.29 15:11:21.033,0.9005,0.90059,0.79,0.29
2010.07.29 15:11:21.237,0.90051,0.90059,0.82,1.50
2010.07.29 15:11:21.392,0.9005,0.90059,0.63,1.80
2010.07.29 15:11:21.550,0.90051,0.90061,1.90,1.60
2010.07.29 15:11:21.648,0.90052,0.90062,0.41,0.80
2010.07.29 15:11:21.774,0.90054,0.90064,0.67,0.67
2010.07.29 15:11:21.986,0.90057,0.90064,2.20,1.60
2010.07.29 15:11:22.459,0.90056,0.90066,1.60,0.80
2010.07.29 15:11:22.915,0.90054,0.90064,0.70,1.00
2010.07.29 15:11:23.019,0.90056,0.90064,0.88,0.30
2010.07.29 15:11:23.603,0.90057,0.90064,0.93,0.79
2010.07.29 15:11:23.680,0.90058,0.90064,0.60,0.53
2010.07.29 15:11:24.026,0.9006,0.90069,0.52,1.50
2010.07.29 15:11:24.335,0.90062,0.90069,1.50,1.50
2010.07.29 15:11:24.502,0.90063,0.90073,2.50,0.76
2010.07.29 15:11:24.980,0.90064,0.90074,0.87,0.85
2010.07.29 15:11:25.368,0.90065,0.90074,1.20,0.39
2010.07.29 15:11:26.182,0.90062,0.90069,1.10,1.30
2010.07.29 15:11:26.921,0.90061,0.90069,1.80,0.92
2010.07.29 15:11:28.010,0.90063,0.90073,0.42,1.60
2010.07.29 15:11:28.538,0.90064,0.90074,2.60,1.20
2010.07.29 15:11:28.761,0.90065,0.90074,1.30,0.97
2010.07.29 15:11:29.114,0.90066,0.90074,1.50,1.60
2010.07.29 15:11:29.261,0.90067,0.90074,0.85,0.38
2010.07.29 15:11:29.394,0.90068,0.90074,2.00,1.00
2010.07.29 15:11:29.606,0.90071,0.90078,0.60,2.40
2010.07.29 15:11:29.666,0.90068,0.90078,1.00,0.91
2010.07.29 15:11:29.845,0.90071,0.90078,0.73,0.61
2010.07.29 15:11:30.169,0.9007,0.90079,1.30,1.00
2010.07.29 15:11:30.291,0.90071,0.90079,2.90,1.30
2010.07.29 15:11:30.575,0.90072,0.90079,1.00,1.70
2010.07.29 15:11:30.735,0.90073,0.90083,1.90,1.60
2010.07.29 15:11:30.945,0.90076,0.90087,0.72,0.50
2010.07.29 15:11:33.302,0.90075,0.90087,0.57,2.70
2010.07.29 15:11:33.660,0.90076,0.90087,1.30,1.30
2010.07.29 15:11:41.634,0.90077,0.90087,0.38,0.35
2010.07.29 15:11:44.112,0.90078,0.90089,0.93,1.50
2010.07.29 15:11:45.721,0.90077,0.90089,1.30,1.70
2010.07.29 15:11:49.299,0.90078,0.90089,0.53,1.20
2010.07.29 15:11:51.060,0.90079,0.90089,1.90,2.00
2010.07.29 15:11:51.118,0.9008,0.90089,0.98,0.61
2010.07.29 15:11:51.251,0.90079,0.90089,2.10,1.80
2010.07.29 15:11:51.297,0.9008,0.9009,1.20,1.80
2010.07.29 15:11:51.369,0.90081,0.90092,0.77,0.71
2010.07.29 15:11:51.499,0.90082,0.90092,0.65,0.81
2010.07.29 15:11:51.632,0.90084,0.90092,1.20,0.80
2010.07.29 15:11:51.676,0.90087,0.90093,1.30,1.30
2010.07.29 15:11:51.792,0.90092,0.90093,0.98,0.32
2010.07.29 15:11:51.832,0.90093,0.90103,0.75,1.00
2010.07.29 15:11:51.949,0.90097,0.90103,2.30,0.67
2010.07.29 15:11:52.022,0.90094,0.90103,0.34,0.52
2010.07.29 15:11:52.219,0.90093,0.90103,2.00,0.92
2010.07.29 15:11:52.320,0.90092,0.90102,0.88,1.50
2010.07.29 15:11:52.357,0.90093,0.90103,3.00,0.42
2010.07.29 15:11:52.462,0.90097,0.90103,2.00,0.39
2010.07.29 15:11:52.614,0.90094,0.90103,1.60,1.80
2010.07.29 15:11:52.753,0.90092,0.90103,1.60,0.63
2010.07.29 15:11:52.826,0.90093,0.90104,2.60,4.90
2010.07.29 15:11:52.974,0.90092,0.90103,1.70,0.76
2010.07.29 15:11:53.038,0.90091,0.90103,0.88,0.75
2010.07.29 15:11:53.367,0.90089,0.90098,1.30,0.76
2010.07.29 15:11:53.492,0.90088,0.90098,1.20,0.82
2010.07.29 15:11:53.660,0.90087,0.90098,0.53,0.92
2010.07.29 15:11:53.967,0.90086,0.90098,0.28,0.93
2010.07.29 15:11:54.225,0.90085,0.90098,1.20,1.80
2010.07.29 15:11:54.493,0.90082,0.90098,1.80,0.60
2010.07.29 15:11:54.801,0.9008,0.90091,1.20,0.77
2010.07.29 15:11:55.177,0.90077,0.90085,1.90,0.77
2010.07.29 15:11:56.057,0.90071,0.90078,1.90,3.80
2010.07.29 15:11:56.175,0.9007,0.90078,0.87,0.49
2010.07.29 15:11:56.289,0.90069,0.90078,0.99,3.00
2010.07.29 15:11:56.467,0.90067,0.90078,0.94,1.20
2010.07.29 15:11:56.611,0.90065,0.90071,0.37,1.60
2010.07.29 15:11:56.690,0.90062,0.90071,0.62,0.98
2010.07.29 15:11:56.871,0.9006,0.90071,2.20,1.00
2010.07.29 15:11:56.893,0.90059,0.90071,0.33,2.10
2010.07.29 15:11:57.020,0.9006,0.90067,0.81,4.00
2010.07.29 15:11:57.264,0.90059,0.90067,2.80,1.30
2010.07.29 15:11:57.524,0.9006,0.90067,0.77,0.97
2010.07.29 15:11:57.606,0.90059,0.90067,1.50,0.22
2010.07.29 15:11:57.903,0.9006,0.90067,2.00,0.96
2010.07.29 15:11:58.169,0.90059,0.90067,0.50,1.60
2010.07.29 15:11:58.476,0.9006,0.90067,0.41,0.54
2010.07.29 15:11:58.568,0.90059,0.90067,1.00,1.50
2010.07.29 15:11:58.845,0.90058,0.90067,0.68,0.57
2010.07.29 15:11:59.035,0.90056,0.90067,0.56,0.42
2010.07.29 15:11:59.200,0.90053,0.90062,1.40,0.98
2010.07.29 15:11:59.259,0.90052,0.90062,1.30,0.69
2010.07.29 15:11:59.419,0.90051,0.90062,1.70,1.80
2010.07.29 15:11:59.549,0.9005,0.90062,1.50,0.73
2010.07.29 15:11:59.635,0.90054,0.90062,0.63,1.00
2010.07.29 15:11:59.834,0.90055,0.90064,1.10,0.57
2010.07.29 15:11:59.887,0.90056,0.90064,0.83,0.93
2010.07.29 15:12:00.117,0.90055,0.90064,1.30,1.40
2010.07.29 15:12:00.207,0.90056,0.90063,1.60,1.50
2010.07.29 15:12:00.360,0.90055,0.90063,1.00,1.40
2010.07.29 15:12:00.457,0.90058,0.90063,0.81,0.40
2010.07.29 15:12:00.618,0.9006,0.90068,1.90,1.90
2010.07.29 15:12:00.670,0.90059,0.90068,0.80,0.66
2010.07.29 15:12:00.772,0.90057,0.90063,0.64,0.62
2010.07.29 15:12:00.883,0.90056,0.90063,1.20,2.10
2010.07.29 15:12:02.175,0.90055,0.90063,0.85,1.00
2010.07.29 15:12:02.420,0.90056,0.90063,0.78,2.60
2010.07.29 15:12:02.510,0.90055,0.90063,1.40,1.50
2010.07.29 15:12:02.764,0.90054,0.90063,0.70,0.49
2010.07.29 15:12:04.216,0.90058,0.90063,1.30,0.34
2010.07.29 15:12:04.383,0.90055,0.90058,1.90,1.30
2010.07.29 15:12:04.667,0.90052,0.90058,0.73,0.91
2010.07.29 15:12:04.781,0.90051,0.90058,0.86,0.98
2010.07.29 15:12:05.009,0.90052,0.90058,1.90,1.30
2010.07.29 15:12:05.135,0.90049,0.90058,0.72,0.35
2010.07.29 15:12:05.174,0.90048,0.90055,0.92,0.43
2010.07.29 15:12:05.272,0.90047,0.90055,0.56,0.75
2010.07.29 15:12:05.343,0.90046,0.90052,4.20,2.10
2010.07.29 15:12:05.493,0.90044,0.90052,1.60,1.80
2010.07.29 15:12:05.570,0.90042,0.90049,1.10,0.73
2010.07.29 15:12:05.639,0.90041,0.90048,0.42,0.91
2010.07.29 15:12:05.721,0.9004,0.90048,0.49,0.93
2010.07.29 15:12:05.753,0.90038,0.90043,2.20,2.70
2010.07.29 15:12:05.871,0.90034,0.90043,1.90,0.74
2010.07.29 15:12:05.975,0.90028,0.90042,0.81,1.70
2010.07.29 15:12:06.040,0.90029,0.90038,0.38,0.93
2010.07.29 15:12:06.346,0.9003,0.90038,0.65,1.20
2010.07.29 15:12:06.470,0.90034,0.90038,1.90,1.10
2010.07.29 15:12:06.724,0.90037,0.90043,3.00,0.51
2010.07.29 15:12:06.821,0.90038,0.90043,0.74,1.50
2010.07.29 15:12:09.254,0.90039,0.90043,0.84,1.10
2010.07.29 15:12:09.964,0.90038,0.90043,2.00,0.66
2010.07.29 15:12:11.017,0.90036,0.90043,1.40,0.46
2010.07.29 15:12:12.066,0.90033,0.90038,0.60,1.10
2010.07.29 15:12:12.150,0.90032,0.90038,0.87,3.30
2010.07.29 15:12:12.262,0.90034,0.90043,1.60,1.20
2010.07.29 15:12:12.411,0.90035,0.90043,2.90,0.66
2010.07.29 15:12:12.469,0.90032,0.90036,0.46,1.40
2010.07.29 15:12:12.657,0.90028,0.90033,0.84,0.89
2010.07.29 15:12:12.754,0.90027,0.90033,0.53,0.89
2010.07.29 15:12:12.852,0.90021,0.90033,0.84,2.40
2010.07.29 15:12:12.908,0.90018,0.90029,0.56,1.00
2010.07.29 15:12:13.332,0.90019,0.90029,0.93,2.90
2010.07.29 15:12:14.018,0.9002,0.90029,1.80,1.80
2010.07.29 15:12:14.303,0.90022,0.90029,0.79,0.92
2010.07.29 15:12:14.371,0.90025,0.90033,0.90,1.10
2010.07.29 15:12:14.618,0.90026,0.90033,0.87,0.63
2010.07.29 15:12:14.814,0.90027,0.90033,1.00,0.73
2010.07.29 15:12:14.875,0.90028,0.90033,2.80,1.20
2010.07.29 15:12:15.050,0.90029,0.90033,1.30,0.90
2010.07.29 15:12:15.249,0.90032,0.90038,1.40,0.58
2010.07.29 15:12:15.556,0.9003,0.90038,2.20,1.50
2010.07.29 15:12:15.658,0.90032,0.9004,1.70,0.64
2010.07.29 15:12:15.826,0.90036,0.90043,0.36,1.30
2010.07.29 15:12:17.068,0.90038,0.90043,0.80,0.22
2010.07.29 15:12:17.211,0.90039,0.90043,0.55,3.40
2010.07.29 15:12:17.333,0.9004,0.90048,1.50,1.80
2010.07.29 15:12:17.460,0.90041,0.90048,1.60,2.40
2010.07.29 15:12:17.606,0.9004,0.90048,1.50,0.95
2010.07.29 15:12:17.643,0.90041,0.90048,1.20,2.30
2010.07.29 15:12:17.822,0.90042,0.90048,0.55,0.84
2010.07.29 15:12:17.885,0.90041,0.90048,1.10,0.39
2010.07.29 15:12:19.195,0.90041,0.90051,0.55,1.90
2010.07.29 15:12:19.326,0.90038,0.9005,1.20,0.59
2010.07.29 15:12:19.467,0.90036,0.90043,0.57,1.00
2010.07.29 15:12:19.615,0.90035,0.90043,0.42,0.81
2010.07.29 15:12:19.930,0.90034,0.90043,0.70,1.90
2010.07.29 15:12:20.001,0.90028,0.90041,0.57,0.98
2010.07.29 15:12:20.142,0.90026,0.90036,0.37,0.95
2010.07.29 15:12:20.269,0.90024,0.90031,2.00,0.79
2010.07.29 15:12:20.299,0.90022,0.90031,3.20,0.92
2010.07.29 15:12:20.399,0.90021,0.90031,1.10,0.77
2010.07.29 15:12:20.524,0.90023,0.90031,0.92,0.95
2010.07.29 15:12:20.558,0.90024,0.90031,1.50,0.66
2010.07.29 15:12:20.689,0.90026,0.90033,2.60,2.20
2010.07.29 15:12:20.767,0.90027,0.90033,0.84,0.69
2010.07.29 15:12:20.829,0.90028,0.9004,0.27,2.50
2010.07.29 15:12:20.948,0.90029,0.90041,0.42,0.75
2010.07.29 15:12:21.302,0.90034,0.90041,0.88,1.40
2010.07.29 15:12:22.054,0.90029,0.90041,1.20,1.80
2010.07.29 15:12:22.516,0.90028,0.90041,0.88,0.70
2010.07.29 15:12:23.084,0.90032,0.90041,1.70,1.00
2010.07.29 15:12:23.121,0.90034,0.90041,0.89,0.90
2010.07.29 15:12:23.224,0.90032,0.90043,1.40,0.47
2010.07.29 15:12:23.443,0.90033,0.90043,1.90,0.68
2010.07.29 15:12:23.503,0.90031,0.90042,0.94,0.70
2010.07.29 15:12:23.585,0.90034,0.90043,0.69,1.20
2010.07.29 15:12:23.693,0.90031,0.90043,0.55,0.95
2010.07.29 15:12:23.836,0.90034,0.90043,0.85,0.35
2010.07.29 15:12:23.899,0.90037,0.90043,1.60,0.41
2010.07.29 15:12:24.081,0.90038,0.90046,2.40,0.89
2010.07.29 15:12:24.214,0.90036,0.90046,0.63,0.92
2010.07.29 15:12:24.358,0.90033,0.90046,1.10,0.14
2010.07.29 15:12:24.551,0.90034,0.90046,1.30,0.55
2010.07.29 15:12:24.691,0.90035,0.90046,0.61,1.20
2010.07.29 15:12:24.754,0.90036,0.90046,1.40,1.40
2010.07.29 15:12:24.923,0.90037,0.90048,2.00,1.40
2010.07.29 15:12:25.315,0.90038,0.90049,1.50,1.50
2010.07.29 15:12:25.511,0.90039,0.90051,3.00,0.44
2010.07.29 15:12:26.174,0.9004,0.90051,0.99,4.20
2010.07.29 15:12:26.883,0.90042,0.90051,1.70,0.78
2010.07.29 15:12:27.126,0.90044,0.90055,1.00,1.10
2010.07.29 15:12:27.425,0.90047,0.90056,1.00,0.40
2010.07.29 15:12:27.548,0.90046,0.90056,0.45,0.19
2010.07.29 15:12:27.839,0.90045,0.90056,2.10,0.66
2010.07.29 15:12:28.293,0.90044,0.90056,1.20,1.10
2010.07.29 15:12:29.253,0.90045,0.90056,0.81,0.84
2010.07.29 15:12:29.469,0.90046,0.90056,2.20,0.97
2010.07.29 15:12:29.834,0.90047,0.90056,2.80,0.65
2010.07.29 15:12:30.141,0.90048,0.90056,0.34,1.70
2010.07.29 15:12:30.381,0.90047,0.90056,1.60,1.30
2010.07.29 15:12:30.402,0.90046,0.90056,1.30,0.99
2010.07.29 15:12:30.745,0.90045,0.90053,1.50,3.00
2010.07.29 15:12:30.977,0.90042,0.90052,0.51,1.50
2010.07.29 15:12:31.075,0.9004,0.90048,1.80,0.78
2010.07.29 15:12:31.199,0.90036,0.90047,0.80,0.51
2010.07.29 15:12:31.419,0.90034,0.90043,0.88,1.90
2010.07.29 15:12:31.566,0.90033,0.90043,1.20,0.42
2010.07.29 15:12:31.635,0.90037,0.90043,1.90,0.93
2010.07.29 15:12:31.854,0.90039,0.90045,0.91,2.50
2010.07.29 15:12:31.885,0.9004,0.90045,1.10,2.40
2010.07.29 15:12:33.103,0.90038,0.90041,1.90,1.30
2010.07.29 15:12:33.207,0.90037,0.90041,0.60,1.30
2010.07.29 15:12:33.254,0.90034,0.90043,0.52,1.60
2010.07.29 15:12:33.415,0.90033,0.90043,0.92,1.40
2010.07.29 15:12:33.526,0.90035,0.90043,0.84,0.71
2010.07.29 15:12:33.651,0.90036,0.90043,1.30,1.40
2010.07.29 15:12:33.705,0.90037,0.90048,1.10,1.60
2010.07.29 15:12:33.830,0.90036,0.90046,1.10,0.81
2010.07.29 15:12:33.900,0.90038,0.90048,0.83,0.53
2010.07.29 15:12:34.384,0.90039,0.90048,0.83,0.47
2010.07.29 15:12:34.852,0.90038,0.90048,1.30,1.10
2010.07.29 15:12:35.076,0.90039,0.90048,2.60,2.70
2010.07.29 15:12:39.193,0.90038,0.90048,1.20,1.10
2010.07.29 15:12:39.637,0.90039,0.90048,1.40,0.36
2010.07.29 15:12:39.942,0.9004,0.90048,0.63,0.67
2010.07.29 15:12:40.026,0.90037,0.90048,0.96,2.10
2010.07.29 15:12:40.166,0.90038,0.90048,1.30,0.74
2010.07.29 15:12:40.362,0.9004,0.90048,3.30,0.66
2010.07.29 15:12:40.444,0.90039,0.90048,1.80,1.20
2010.07.29 15:12:40.618,0.9004,0.90048,0.71,0.91
2010.07.29 15:12:40.733,0.90036,0.90048,0.67,0.45
2010.07.29 15:12:40.988,0.90038,0.90048,0.80,1.40
2010.07.29 15:12:41.086,0.90037,0.90044,1.90,1.40
2010.07.29 15:12:41.170,0.90036,0.90043,0.80,2.10
2010.07.29 15:12:41.325,0.90035,0.90043,1.20,1.10
2010.07.29 15:12:41.558,0.90036,0.90043,1.20,0.53
2010.07.29 15:12:41.709,0.90037,0.90047,3.80,1.50
2010.07.29 15:12:41.816,0.90038,0.90048,2.20,1.30
2010.07.29 15:12:41.941,0.9004,0.90048,0.31,1.70
2010.07.29 15:12:42.050,0.90041,0.90048,0.56,0.70
2010.07.29 15:12:42.967,0.90042,0.90053,1.50,1.70
2010.07.29 15:12:43.974,0.90043,0.90053,0.84,0.87
2010.07.29 15:12:46.311,0.90042,0.90053,3.60,0.65
2010.07.29 15:12:46.492,0.90043,0.90053,0.51,0.50
2010.07.29 15:12:46.886,0.90042,0.90053,0.85,1.10
2010.07.29 15:12:47.197,0.90038,0.90053,1.80,2.00
2010.07.29 15:12:47.402,0.90037,0.90044,0.68,1.10
2010.07.29 15:12:47.706,0.90036,0.90043,0.40,1.10
2010.07.29 15:12:47.938,0.90034,0.90043,1.10,0.62
2010.07.29 15:12:48.368,0.90033,0.90043,1.20,0.81
2010.07.29 15:12:49.184,0.90034,0.90043,3.60,0.80
2010.07.29 15:12:50.111,0.90033,0.90043,0.40,1.50
2010.07.29 15:12:50.590,0.90034,0.90043,0.52,1.20
2010.07.29 15:12:51.021,0.90033,0.90043,1.20,2.10
2010.07.29 15:12:55.811,0.90032,0.90043,0.70,0.83
2010.07.29 15:12:57.604,0.90031,0.90039,1.20,0.98
2010.07.29 15:12:58.521,0.90032,0.90039,2.20,1.00
2010.07.29 15:13:00.169,0.90034,0.90044,0.69,1.40
2010.07.29 15:13:00.397,0.90036,0.90044,0.45,2.40
2010.07.29 15:13:00.582,0.90037,0.90044,1.00,2.30
2010.07.29 15:13:00.610,0.90036,0.90044,0.82,1.60
2010.07.29 15:13:00.917,0.90037,0.90044,0.41,1.20
2010.07.29 15:13:01.005,0.90038,0.90048,0.74,1.10
2010.07.29 15:13:01.167,0.9004,0.90049,0.30,0.89
2010.07.29 15:13:01.404,0.90039,0.90049,1.20,1.80
2010.07.29 15:13:01.560,0.90038,0.90049,1.70,1.60
2010.07.29 15:13:01.634,0.90037,0.90044,1.50,1.20
2010.07.29 15:13:01.799,0.90036,0.90044,2.40,0.86
2010.07.29 15:13:01.974,0.90034,0.90044,1.40,0.48
2010.07.29 15:13:02.129,0.90035,0.90044,0.73,1.30
2010.07.29 15:13:02.209,0.90038,0.90044,1.60,0.70
2010.07.29 15:13:02.312,0.90039,0.90044,0.47,0.97
2010.07.29 15:13:02.431,0.9004,0.90044,1.90,0.77
2010.07.29 15:13:02.678,0.90043,0.90049,0.82,0.71
2010.07.29 15:13:02.790,0.90048,0.90053,1.10,0.96
2010.07.29 15:13:02.897,0.9005,0.90059,2.90,0.63
2010.07.29 15:13:05.324,0.90051,0.90059,0.50,1.70
2010.07.29 15:13:05.513,0.90052,0.90064,0.78,1.60
2010.07.29 15:13:05.997,0.90053,0.90064,1.20,0.86
2010.07.29 15:13:06.033,0.90051,0.90064,2.20,1.90
2010.07.29 15:13:07.062,0.90052,0.90059,0.92,0.89
2010.07.29 15:13:07.544,0.90053,0.90059,0.67,0.71
2010.07.29 15:13:08.029,0.90052,0.90059,1.20,0.89
2010.07.29 15:13:08.626,0.90051,0.90059,1.90,1.80
2010.07.29 15:13:09.047,0.90052,0.90059,1.10,1.00
2010.07.29 15:13:09.772,0.90051,0.90059,1.20,0.54
2010.07.29 15:13:12.180,0.90048,0.90059,0.90,1.20
2010.07.29 15:13:12.357,0.90049,0.90059,0.82,1.70
2010.07.29 15:13:12.418,0.90048,0.90059,0.60,1.30
2010.07.29 15:13:12.741,0.90047,0.90054,2.10,1.10
2010.07.29 15:13:12.853,0.90046,0.90054,1.10,0.24
2010.07.29 15:13:15.095,0.90045,0.90054,1.90,1.90
2010.07.29 15:13:15.176,0.90046,0.90054,1.00,1.40
2010.07.29 15:13:15.356,0.90047,0.90054,1.20,1.20
2010.07.29 15:13:15.516,0.90048,0.90054,0.35,4.00
2010.07.29 15:13:15.616,0.90049,0.90054,0.77,0.53
2010.07.29 15:13:15.848,0.9005,0.90059,0.69,0.37
2010.07.29 15:13:15.957,0.90054,0.90059,1.40,1.50
2010.07.29 15:13:16.245,0.90052,0.90065,0.59,0.77
2010.07.29 15:13:16.656,0.90051,0.90063,0.64,0.88
2010.07.29 15:13:17.001,0.9005,0.90063,1.00,1.10
2010.07.29 15:13:17.375,0.90051,0.90063,1.80,2.00
2010.07.29 15:13:17.809,0.9005,0.90063,0.60,0.85
2010.07.29 15:13:19.077,0.90049,0.90063,1.20,0.73
2010.07.29 15:13:19.259,0.90048,0.90053,1.30,1.00
2010.07.29 15:13:19.352,0.90047,0.90053,1.70,0.43
2010.07.29 15:13:19.586,0.90046,0.90053,1.10,0.49
2010.07.29 15:13:19.795,0.90045,0.90053,0.84,0.92
2010.07.29 15:13:19.944,0.90043,0.90053,0.46,1.10
2010.07.29 15:13:20.842,0.90042,0.90053,2.50,1.50
2010.07.29 15:13:22.307,0.90041,0.90053,0.41,1.70
2010.07.29 15:13:23.783,0.90042,0.90053,1.50,0.84
2010.07.29 15:13:24.256,0.90041,0.90053,0.57,2.00
2010.07.29 15:13:25.198,0.9004,0.90053,1.20,2.00
2010.07.29 15:13:25.265,0.90039,0.90053,0.79,1.00
2010.07.29 15:13:25.537,0.9004,0.90052,2.60,0.62
2010.07.29 15:13:25.622,0.90039,0.9005,1.60,0.87
2010.07.29 15:13:25.897,0.90037,0.90045,0.72,1.30
2010.07.29 15:13:26.069,0.90036,0.90043,0.80,1.40
2010.07.29 15:13:26.342,0.90034,0.90041,1.20,0.72
2010.07.29 15:13:26.423,0.90036,0.90045,0.50,1.30
2010.07.29 15:13:26.782,0.90032,0.90041,1.10,0.34
2010.07.29 15:13:26.982,0.9003,0.90041,1.80,1.20
2010.07.29 15:13:27.156,0.90031,0.90041,7.20,2.30
2010.07.29 15:13:28.017,0.9003,0.90043,1.90,0.40
2010.07.29 15:13:29.961,0.90031,0.90043,1.40,0.73
2010.07.29 15:13:30.557,0.90032,0.90043,0.59,1.50
2010.07.29 15:13:32.066,0.90031,0.90043,1.80,1.20
2010.07.29 15:13:32.875,0.90032,0.90043,1.00,1.80
2010.07.29 15:13:34.424,0.90031,0.90043,0.89,3.10
2010.07.29 15:13:34.546,0.9003,0.90043,1.10,0.90
2010.07.29 15:13:35.016,0.90031,0.90043,1.40,2.00
2010.07.29 15:13:35.227,0.90032,0.90043,1.10,1.30
2010.07.29 15:13:35.573,0.90033,0.90046,0.74,0.51
2010.07.29 15:13:35.628,0.90038,0.90046,0.65,1.50
2010.07.29 15:13:35.913,0.90039,0.90048,1.20,1.40
2010.07.29 15:13:36.990,0.90038,0.90051,0.84,0.76
2010.07.29 15:13:37.528,0.90039,0.90051,0.80,1.10
2010.07.29 15:13:39.252,0.9004,0.90052,1.70,1.00
2010.07.29 15:13:39.594,0.90041,0.90053,1.00,0.74
2010.07.29 15:13:39.899,0.90042,0.90053,0.51,1.50
2010.07.29 15:13:40.064,0.90043,0.90053,2.40,1.80
2010.07.29 15:13:40.525,0.90042,0.90053,0.92,0.79
2010.07.29 15:13:41.024,0.90041,0.90053,2.70,4.00
2010.07.29 15:13:41.192,0.90039,0.90053,2.50,1.70
2010.07.29 15:13:41.230,0.90038,0.90053,1.20,1.30
2010.07.29 15:13:41.435,0.90037,0.90048,1.10,1.20
2010.07.29 15:13:41.498,0.90038,0.90048,0.40,1.90
2010.07.29 15:13:41.573,0.90039,0.90048,2.40,1.30
2010.07.29 15:13:41.772,0.9004,0.90048,1.00,1.30
2010.07.29 15:13:41.830,0.90041,0.90053,0.96,3.10
2010.07.29 15:13:41.895,0.90042,0.90053,1.50,1.50
2010.07.29 15:13:42.176,0.90043,0.90053,1.70,0.63
2010.07.29 15:13:43.284,0.90042,0.90053,0.96,0.74
2010.07.29 15:13:44.325,0.90041,0.90053,0.81,1.00
2010.07.29 15:13:44.595,0.90042,0.90053,1.70,1.20
2010.07.29 15:13:44.761,0.90041,0.90053,0.72,1.70
2010.07.29 15:13:45.157,0.90042,0.90053,1.10,1.30
2010.07.29 15:13:45.673,0.90043,0.90053,1.20,1.20
2010.07.29 15:13:46.429,0.90044,0.90053,1.10,0.39
2010.07.29 15:13:47.881,0.90045,0.90058,1.40,1.30
2010.07.29 15:13:48.250,0.90044,0.90058,0.75,0.62
2010.07.29 15:13:48.878,0.90043,0.90053,3.80,2.10
2010.07.29 15:13:52.702,0.90044,0.90053,0.90,0.83
2010.07.29 15:13:56.386,0.90045,0.90057,0.41,0.62
2010.07.29 15:13:56.669,0.90046,0.90058,1.30,0.54
2010.07.29 15:13:57.205,0.90047,0.90058,1.20,0.99
2010.07.29 15:13:57.417,0.90048,0.90058,0.71,0.70
2010.07.29 15:13:57.660,0.90044,0.90058,0.61,0.64
2010.07.29 15:13:57.840,0.90043,0.90057,0.86,0.61
2010.07.29 15:13:58.189,0.90042,0.90053,0.45,1.30
2010.07.29 15:13:58.635,0.90043,0.90054,1.70,1.00
2010.07.29 15:13:58.674,0.90044,0.90055,3.80,0.54
2010.07.29 15:14:00.128,0.90045,0.90057,1.00,0.47
2010.07.29 15:14:00.372,0.90047,0.90057,2.00,1.30
2010.07.29 15:14:00.540,0.90048,0.90058,1.00,0.72
2010.07.29 15:14:00.631,0.90047,0.90058,1.30,0.47
2010.07.29 15:14:00.930,0.90044,0.90057,2.60,0.73
2010.07.29 15:14:01.216,0.90043,0.90055,2.10,1.00
2010.07.29 15:14:01.336,0.90042,0.90053,1.10,1.00
2010.07.29 15:14:01.694,0.90043,0.90053,0.99,0.63
2010.07.29 15:14:01.974,0.90044,0.90055,0.94,0.42
2010.07.29 15:14:02.301,0.90043,0.90055,1.40,1.60
2010.07.29 15:14:03.257,0.90042,0.90055,0.82,0.66
2010.07.29 15:14:03.608,0.90041,0.90053,2.10,1.20
2010.07.29 15:14:03.827,0.90042,0.90053,1.50,0.54
2010.07.29 15:14:04.108,0.90044,0.90057,1.60,0.19
2010.07.29 15:14:04.223,0.90042,0.90053,1.60,0.86
2010.07.29 15:14:04.295,0.90041,0.90051,0.27,0.90
2010.07.29 15:14:04.474,0.90039,0.90051,1.10,0.61
2010.07.29 15:14:04.520,0.90038,0.90049,0.61,1.20
2010.07.29 15:14:04.678,0.90037,0.90046,0.93,0.73
2010.07.29 15:14:04.874,0.90036,0.90043,0.90,2.20
2010.07.29 15:14:04.962,0.90033,0.90043,0.93,1.60
2010.07.29 15:14:05.087,0.90032,0.90042,0.45,0.79
2010.07.29 15:14:05.197,0.90031,0.90042,1.10,0.62
2010.07.29 15:14:05.253,0.90032,0.90042,2.00,1.50
2010.07.29 15:14:05.395,0.90036,0.90042,1.40,0.57
2010.07.29 15:14:05.590,0.90037,0.90043,1.30,2.00
2010.07.29 15:14:05.709,0.90034,0.90044,0.77,1.60
2010.07.29 15:14:05.848,0.90033,0.90043,0.99,0.51
2010.07.29 15:14:05.905,0.90032,0.90042,1.90,1.10
2010.07.29 15:14:07.305,0.90033,0.90043,1.60,1.80
2010.07.29 15:14:07.879,0.90032,0.90044,0.98,1.40
2010.07.29 15:14:08.067,0.90031,0.90042,2.20,3.00
2010.07.29 15:14:08.190,0.9003,0.90041,0.17,0.46
2010.07.29 15:14:08.319,0.90031,0.90042,1.00,1.80
2010.07.29 15:14:08.441,0.90032,0.90043,1.00,1.10
2010.07.29 15:14:08.446,0.90031,0.90041,2.80,1.90
2010.07.29 15:14:08.555,0.9003,0.90041,1.10,1.10
2010.07.29 15:14:08.768,0.90028,0.90041,2.10,0.34
2010.07.29 15:14:08.850,0.90031,0.90042,0.67,0.90
2010.07.29 15:14:08.978,0.90032,0.90042,1.30,1.00
2010.07.29 15:14:09.138,0.90031,0.90038,0.77,0.80
2010.07.29 15:14:09.296,0.9003,0.90038,0.83,1.30
2010.07.29 15:14:09.379,0.90031,0.9004,0.76,1.80
2010.07.29 15:14:09.508,0.90032,0.9004,0.69,1.20
2010.07.29 15:14:09.793,0.90033,0.90043,1.00,0.88
2010.07.29 15:14:09.927,0.90034,0.90044,1.40,1.10
2010.07.29 15:14:11.615,0.90033,0.90047,0.99,1.90
2010.07.29 15:14:12.044,0.90032,0.90046,0.93,0.74
2010.07.29 15:14:12.348,0.90031,0.90038,0.85,0.60
2010.07.29 15:14:12.689,0.9003,0.90038,0.42,1.10
2010.07.29 15:14:12.862,0.90027,0.90038,4.20,1.80
2010.07.29 15:14:13.148,0.90024,0.90037,0.95,0.77
2010.07.29 15:14:13.306,0.90023,0.90034,1.70,2.40
2010.07.29 15:14:13.419,0.90019,0.90033,0.60,0.74
2010.07.29 15:14:13.686,0.90021,0.90033,0.72,1.10
2010.07.29 15:14:13.804,0.90022,0.90031,1.30,0.74
2010.07.29 15:14:14.203,0.90021,0.90032,0.70,1.10
2010.07.29 15:14:14.377,0.9002,0.90031,0.89,0.84
2010.07.29 15:14:14.700,0.90021,0.90031,0.56,0.93
2010.07.29 15:14:14.961,0.90022,0.90032,1.90,1.00
2010.07.29 15:14:15.134,0.90021,0.90032,1.20,0.91
2010.07.29 15:14:15.650,0.90022,0.90032,0.84,1.10
2010.07.29 15:14:16.289,0.90021,0.90032,2.00,1.30
2010.07.29 15:14:16.424,0.90019,0.9003,1.60,0.63
2010.07.29 15:14:16.895,0.90022,0.9003,2.30,0.67
2010.07.29 15:14:17.089,0.9002,0.90031,1.10,1.00
2010.07.29 15:14:17.408,0.90021,0.90032,0.20,0.47
2010.07.29 15:14:17.860,0.90022,0.90032,0.75,1.00
2010.07.29 15:14:19.211,0.90023,0.90033,2.10,2.00
2010.07.29 15:14:20.274,0.90022,0.90032,2.30,0.76
2010.07.29 15:14:20.597,0.90021,0.90031,0.45,1.50
2010.07.29 15:14:21.479,0.90022,0.90032,1.20,0.66
2010.07.29 15:14:21.909,0.9002,0.90031,1.30,1.90
2010.07.29 15:14:22.274,0.90019,0.9003,0.83,0.91
2010.07.29 15:14:22.532,0.90018,0.90029,0.64,0.43
2010.07.29 15:14:22.994,0.90014,0.90027,1.20,0.85
2010.07.29 15:14:23.621,0.90015,0.90027,0.29,1.10
2010.07.29 15:14:25.197,0.90012,0.90014,1.40,2.30
2010.07.29 15:14:25.323,0.9001,0.90014,1.60,2.20
2010.07.29 15:14:25.540,0.90006,0.90017,1.50,0.86
2010.07.29 15:14:25.780,0.90004,0.90016,0.53,1.10
2010.07.29 15:14:25.956,0.90003,0.90016,4.30,0.76
2010.07.29 15:14:26.139,0.90004,0.90012,1.10,2.80
2010.07.29 15:14:26.329,0.90005,0.90012,0.75,0.90
2010.07.29 15:14:26.375,0.90007,0.90013,1.00,1.50
2010.07.29 15:14:26.519,0.90008,0.90018,0.87,3.80
2010.07.29 15:14:26.756,0.90005,0.90016,2.40,0.64
2010.07.29 15:14:26.981,0.90006,0.90016,0.82,0.50
2010.07.29 15:14:27.119,0.90004,0.90014,1.90,1.00
2010.07.29 15:14:27.472,0.90003,0.90014,0.34,1.90
2010.07.29 15:14:27.806,0.90002,0.90012,1.60,1.20
2010.07.29 15:14:29.222,0.90001,0.90012,0.80,0.71
2010.07.29 15:14:29.528,0.90002,0.90012,4.80,1.50
2010.07.29 15:14:31.187,0.90004,0.90013,0.99,0.62
2010.07.29 15:14:32.260,0.90006,0.90017,1.10,0.69
2010.07.29 15:14:32.793,0.90007,0.90018,0.49,0.44
2010.07.29 15:14:33.016,0.90008,0.90018,2.00,0.59
2010.07.29 15:14:33.349,0.90009,0.9002,0.75,0.41
2010.07.29 15:14:33.544,0.90007,0.90017,1.80,2.50
2010.07.29 15:14:33.769,0.90006,0.90016,0.99,1.00
2010.07.29 15:14:33.989,0.90005,0.90016,0.45,2.90
2010.07.29 15:14:35.440,0.90004,0.90015,0.91,1.50
2010.07.29 15:14:35.984,0.90005,0.90015,1.50,1.30
2010.07.29 15:14:39.172,0.90006,0.90015,0.46,1.50
2010.07.29 15:14:40.327,0.90007,0.90015,0.59,1.10
2010.07.29 15:14:40.851,0.90009,0.90015,0.55,0.75
2010.07.29 15:14:41.093,0.90008,0.90015,0.83,0.40
2010.07.29 15:14:41.316,0.90007,0.90015,0.57,1.90
2010.07.29 15:14:41.682,0.90006,0.90015,1.10,0.74
2010.07.29 15:14:41.904,0.90005,0.90015,0.99,2.20
2010.07.29 15:14:42.141,0.90004,0.90015,1.20,2.80
2010.07.29 15:14:42.835,0.90003,0.90013,0.53,1.10
2010.07.29 15:14:43.033,0.89999,0.90011,1.00,0.99
2010.07.29 15:14:43.392,0.90001,0.90011,1.00,0.52
2010.07.29 15:14:43.511,0.90002,0.90013,0.50,1.70
2010.07.29 15:14:43.727,0.90006,0.90015,0.70,1.00
2010.07.29 15:14:43.820,0.90007,0.90015,0.69,0.52
2010.07.29 15:14:44.053,0.90009,0.90015,0.42,1.00
2010.07.29 15:14:44.473,0.90008,0.90015,0.52,1.70
2010.07.29 15:14:44.830,0.90002,0.90015,0.32,0.72
2010.07.29 15:14:45.569,0.90003,0.90015,1.40,1.60
2010.07.29 15:14:47.052,0.90004,0.90015,1.10,2.20
2010.07.29 15:14:47.831,0.90003,0.90014,0.88,1.00
2010.07.29 15:14:49.121,0.9,0.90009,1.00,1.20
2010.07.29 15:14:49.320,0.89998,0.90009,0.50,1.10
2010.07.29 15:14:49.397,0.89997,0.90008,0.45,1.50
2010.07.29 15:14:49.561,0.89996,0.90005,0.63,2.50
2010.07.29 15:14:49.699,0.89995,0.90005,1.30,1.00
2010.07.29 15:14:49.872,0.89994,0.90005,1.50,0.26
2010.07.29 15:14:51.028,0.89993,0.90005,0.70,0.78
2010.07.29 15:14:51.189,0.89995,0.90005,1.00,1.60
2010.07.29 15:14:51.446,0.89997,0.90008,2.30,0.51
2010.07.29 15:14:51.568,0.89998,0.90008,1.40,1.20
2010.07.29 15:14:51.758,0.89997,0.90009,0.80,0.35
2010.07.29 15:14:51.917,0.89995,0.90008,0.68,0.86
2010.07.29 15:14:52.169,0.89998,0.90008,0.85,0.89
2010.07.29 15:14:52.350,0.89997,0.90009,1.70,1.70
2010.07.29 15:14:52.679,0.89995,0.90008,0.89,1.10
2010.07.29 15:14:54.125,0.89996,0.90008,1.60,2.40
2010.07.29 15:14:54.339,0.89997,0.90008,2.20,0.76
2010.07.29 15:14:54.906,0.89998,0.90009,1.10,0.95
2010.07.29 15:14:55.240,0.9,0.90013,0.64,0.50
2010.07.29 15:14:55.286,0.90001,0.90013,1.60,2.00
2010.07.29 15:14:55.552,0.89999,0.90013,0.51,1.00
2010.07.29 15:14:55.757,0.89998,0.90013,1.20,0.59
2010.07.29 15:14:56.116,0.89997,0.90008,1.10,0.48
2010.07.29 15:14:56.268,0.89996,0.90008,0.54,0.71
2010.07.29 15:14:56.543,0.89994,0.90005,0.91,3.40
2010.07.29 15:14:56.747,0.89993,0.90005,1.70,0.80
2010.07.29 15:14:56.970,0.89992,0.90003,1.00,0.73
2010.07.29 15:14:57.074,0.8999,0.90003,3.20,1.60
2010.07.29 15:14:57.429,0.89991,0.90003,1.60,0.75
2010.07.29 15:14:57.968,0.89996,0.90003,0.75,0.66
