2010.10.12 03:00:00.255,0.9805,0.9806,1.20,1.50
2010.10.12 03:00:02.348,0.98052,0.9806,1.60,2.60
2010.10.12 03:00:02.872,0.98053,0.98065,1.00,1.90
2010.10.12 03:00:03.011,0.98055,0.98065,2.30,0.99
2010.10.12 03:00:03.261,0.98056,0.98065,1.30,1.20
2010.10.12 03:00:03.575,0.98057,0.98067,1.20,0.68
2010.10.12 03:00:03.722,0.98058,0.98069,1.60,1.30
2010.10.12 03:00:03.871,0.98062,0.9807,1.60,1.00
2010.10.12 03:00:08.274,0.98061,0.98072,0.76,2.40
2010.10.12 03:00:08.831,0.9806,0.98071,1.20,0.90
2010.10.12 03:00:10.040,0.98057,0.98069,1.20,1.60
2010.10.12 03:00:10.355,0.98056,0.98065,1.30,1.30
2010.10.12 03:00:10.593,0.98055,0.98065,2.50,0.84
2010.10.12 03:00:10.760,0.98054,0.98065,1.10,2.40
2010.10.12 03:00:10.971,0.98052,0.98064,1.50,0.65
2010.10.12 03:00:11.047,0.98054,0.98064,0.89,1.70
2010.10.12 03:00:11.626,0.98056,0.98065,0.73,1.90
2010.10.12 03:00:11.911,0.98057,0.98066,1.40,1.50
2010.10.12 03:00:13.197,0.98058,0.9807,1.50,3.60
2010.10.12 03:00:13.650,0.98059,0.98069,1.50,1.50
2010.10.12 03:00:13.914,0.98058,0.98069,1.00,4.30
2010.10.12 03:00:15.412,0.9806,0.9807,0.47,1.20
2010.10.12 03:00:16.177,0.98059,0.9807,0.93,0.74
2010.10.12 03:00:16.503,0.9806,0.9807,1.50,1.40
2010.10.12 03:00:17.738,0.98061,0.9807,1.30,0.80
2010.10.12 03:00:19.241,0.9806,0.9807,1.80,1.60
2010.10.12 03:00:19.748,0.98061,0.9807,2.60,2.00
2010.10.12 03:00:20.076,0.9806,0.9807,0.96,1.00
2010.10.12 03:00:20.938,0.98061,0.9807,1.00,1.30
2010.10.12 03:00:21.071,0.98057,0.98069,1.80,0.93
2010.10.12 03:00:24.072,0.98054,0.9806,0.88,1.80
2010.10.12 03:00:24.355,0.98052,0.9806,1.70,0.66
2010.10.12 03:00:24.502,0.98054,0.9806,0.92,1.70
2010.10.12 03:00:24.934,0.98053,0.98064,0.92,2.00
2010.10.12 03:00:26.150,0.98055,0.98065,1.90,2.70
2010.10.12 03:00:26.595,0.98056,0.98065,0.67,1.20
2010.10.12 03:00:26.840,0.98057,0.98066,1.00,1.10
2010.10.12 03:00:32.335,0.98058,0.98069,1.10,1.70
2010.10.12 03:00:32.719,0.98062,0.98069,1.00,1.40
2010.10.12 03:00:35.003,0.9806,0.9807,1.70,1.10
2010.10.12 03:00:35.648,0.98059,0.9807,0.54,1.10
2010.10.12 03:00:35.785,0.98057,0.98068,0.84,1.10
2010.10.12 03:00:38.086,0.98061,0.98067,0.60,1.10
2010.10.12 03:00:38.347,0.98058,0.98068,0.91,1.30
2010.10.12 03:00:38.552,0.98057,0.98067,0.91,1.70
2010.10.12 03:00:38.613,0.98059,0.9807,1.20,1.60
2010.10.12 03:00:38.932,0.98057,0.98068,1.60,1.80
2010.10.12 03:00:39.045,0.98059,0.9807,0.70,0.68
2010.10.12 03:00:39.787,0.9806,0.9807,0.58,0.66
2010.10.12 03:00:43.018,0.98061,0.9807,0.64,1.10
2010.10.12 03:00:43.660,0.98063,0.98073,1.10,1.20
2010.10.12 03:00:43.883,0.98062,0.98075,1.00,1.30
2010.10.12 03:00:53.022,0.9806,0.9807,0.95,1.30
2010.10.12 03:00:53.860,0.98059,0.9807,2.00,0.68
2010.10.12 03:01:01.160,0.98062,0.98073,1.30,1.00
2010.10.12 03:01:08.978,0.98063,0.98075,1.80,0.46
2010.10.12 03:01:12.928,0.98062,0.98074,0.94,1.10
2010.10.12 03:01:13.019,0.98064,0.98077,1.20,1.50
2010.10.12 03:01:14.440,0.98062,0.98075,1.60,1.40
2010.10.12 03:01:31.999,0.98063,0.98075,0.85,0.95
2010.10.12 03:01:40.493,0.98062,0.98074,1.30,0.84
2010.10.12 03:01:40.944,0.98063,0.98075,1.20,2.40
2010.10.12 03:01:42.368,0.98062,0.98074,1.30,0.86
2010.10.12 03:01:44.049,0.9806,0.98071,0.75,1.40
2010.10.12 03:01:44.464,0.98059,0.98071,1.40,2.80
2010.10.12 03:01:44.556,0.98061,0.98073,0.86,0.69
2010.10.12 03:01:44.966,0.98062,0.98073,1.10,1.50
2010.10.12 03:01:46.223,0.98063,0.98074,1.20,2.10
2010.10.12 03:01:56.411,0.98062,0.98075,1.00,1.40
2010.10.12 03:02:03.327,0.98057,0.98063,1.60,0.95
2010.10.12 03:02:03.794,0.98053,0.98063,1.30,1.20
2010.10.12 03:02:04.168,0.98049,0.98061,0.99,1.30
2010.10.12 03:02:04.416,0.98051,0.98062,1.20,0.98
2010.10.12 03:02:04.683,0.98047,0.98061,1.10,0.73
2010.10.12 03:02:05.304,0.98049,0.98061,2.20,0.64
2010.10.12 03:02:06.079,0.98051,0.98062,0.65,1.40
2010.10.12 03:02:06.150,0.98048,0.98058,1.60,1.40
2010.10.12 03:02:06.226,0.98047,0.98056,1.20,1.60
2010.10.12 03:02:06.381,0.98046,0.98056,1.20,1.00
2010.10.12 03:02:06.418,0.98044,0.98055,0.58,1.10
2010.10.12 03:02:06.582,0.98042,0.98054,1.30,1.20
2010.10.12 03:02:06.620,0.98046,0.98056,1.60,1.40
2010.10.12 03:02:06.717,0.98047,0.98057,0.95,2.50
2010.10.12 03:02:06.892,0.98049,0.98058,1.70,1.70
2010.10.12 03:02:06.997,0.98052,0.9806,0.57,1.80
2010.10.12 03:02:07.049,0.98051,0.98062,1.40,0.58
2010.10.12 03:02:07.149,0.9805,0.98061,1.10,0.77
2010.10.12 03:02:07.242,0.98049,0.9806,1.00,0.68
2010.10.12 03:02:07.350,0.98051,0.98059,0.84,1.00
2010.10.12 03:02:07.554,0.98052,0.98063,0.87,0.62
2010.10.12 03:02:07.561,0.98053,0.98064,0.89,1.40
2010.10.12 03:02:07.709,0.98057,0.98064,0.86,1.30
2010.10.12 03:02:07.812,0.98056,0.98066,0.97,1.40
2010.10.12 03:02:07.979,0.98052,0.98064,0.73,0.82
2010.10.12 03:02:08.088,0.98051,0.98062,0.74,2.00
2010.10.12 03:02:08.390,0.98049,0.9806,2.00,1.50
2010.10.12 03:02:08.622,0.98051,0.98061,1.80,1.30
2010.10.12 03:02:08.767,0.98049,0.98061,1.80,1.60
2010.10.12 03:02:09.310,0.9805,0.98063,0.97,1.00
2010.10.12 03:02:09.604,0.98051,0.98062,1.20,2.60
2010.10.12 03:02:09.926,0.98052,0.98062,1.40,1.70
2010.10.12 03:02:18.122,0.98051,0.98062,1.10,1.20
2010.10.12 03:02:18.407,0.9805,0.98061,1.40,1.10
2010.10.12 03:02:18.711,0.98049,0.9806,1.20,2.00
2010.10.12 03:02:18.753,0.98047,0.98059,1.70,1.00
2010.10.12 03:02:20.109,0.9805,0.98062,0.84,1.00
2010.10.12 03:02:20.295,0.98051,0.98062,1.90,0.84
2010.10.12 03:02:20.536,0.98056,0.98062,1.10,1.30
2010.10.12 03:02:20.932,0.98057,0.98062,1.10,1.20
2010.10.12 03:02:21.049,0.98054,0.98063,0.96,0.60
2010.10.12 03:02:21.163,0.98051,0.98061,1.40,1.50
2010.10.12 03:02:21.225,0.98052,0.98063,1.10,1.30
2010.10.12 03:02:21.384,0.98054,0.98064,1.10,1.30
2010.10.12 03:02:21.470,0.98056,0.98064,1.50,0.44
2010.10.12 03:02:21.502,0.98057,0.98068,0.66,0.79
2010.10.12 03:02:21.674,0.98056,0.98063,1.20,1.80
2010.10.12 03:02:21.764,0.98054,0.98063,1.40,1.30
2010.10.12 03:02:21.833,0.98051,0.98062,0.77,2.00
2010.10.12 03:02:21.928,0.98049,0.98061,1.60,1.40
2010.10.12 03:02:22.430,0.98051,0.9806,0.91,2.00
2010.10.12 03:02:22.598,0.98052,0.98061,0.98,1.60
2010.10.12 03:02:24.186,0.9805,0.9806,1.40,1.90
2010.10.12 03:02:24.380,0.98047,0.98058,1.10,1.70
2010.10.12 03:02:24.653,0.98051,0.98059,1.40,1.80
2010.10.12 03:02:24.754,0.98052,0.98061,0.61,0.61
2010.10.12 03:02:27.057,0.98051,0.98062,1.00,1.30
2010.10.12 03:02:27.248,0.9805,0.98061,0.94,1.50
2010.10.12 03:02:27.407,0.98049,0.9806,1.80,1.20
2010.10.12 03:02:27.496,0.98047,0.98059,1.10,0.81
2010.10.12 03:02:27.580,0.98046,0.98056,1.20,0.78
2010.10.12 03:02:27.797,0.98045,0.98056,1.30,1.90
2010.10.12 03:02:27.880,0.98042,0.98054,1.10,1.10
2010.10.12 03:02:28.059,0.98044,0.98052,0.99,1.60
2010.10.12 03:02:28.191,0.98046,0.98054,0.92,1.60
2010.10.12 03:02:28.253,0.98047,0.98058,1.30,1.40
2010.10.12 03:02:28.363,0.98042,0.98052,1.20,0.52
2010.10.12 03:02:28.505,0.98041,0.98049,1.40,1.50
2010.10.12 03:02:28.562,0.98046,0.98049,1.20,1.80
2010.10.12 03:02:28.755,0.9804,0.98051,1.10,2.10
2010.10.12 03:02:28.862,0.98041,0.98051,0.66,1.30
2010.10.12 03:02:28.953,0.98042,0.98051,0.69,0.59
2010.10.12 03:02:29.161,0.98041,0.98049,1.20,1.40
2010.10.12 03:02:29.284,0.98038,0.98049,1.10,0.68
2010.10.12 03:02:29.747,0.98037,0.98046,1.10,2.30
2010.10.12 03:02:29.812,0.98038,0.98046,1.10,1.30
2010.10.12 03:02:31.065,0.98036,0.98046,0.98,1.70
2010.10.12 03:02:31.643,0.98034,0.98044,0.90,1.70
2010.10.12 03:02:31.727,0.98032,0.98043,1.40,1.20
2010.10.12 03:02:32.027,0.98031,0.98041,1.30,1.20
2010.10.12 03:02:32.358,0.9803,0.9804,1.10,2.80
2010.10.12 03:02:32.569,0.98029,0.98039,1.40,1.00
2010.10.12 03:02:32.739,0.98028,0.98041,1.20,2.40
2010.10.12 03:02:32.925,0.98027,0.98039,1.30,1.50
2010.10.12 03:02:33.319,0.98029,0.98041,1.50,0.47
2010.10.12 03:02:33.538,0.98031,0.98042,1.50,1.50
2010.10.12 03:02:33.673,0.98027,0.98041,0.78,1.60
2010.10.12 03:02:34.067,0.98026,0.98028,1.30,1.60
2010.10.12 03:02:34.195,0.98023,0.98033,1.70,1.20
2010.10.12 03:02:34.392,0.98022,0.98032,1.40,2.20
2010.10.12 03:02:34.555,0.98021,0.98032,1.30,1.50
2010.10.12 03:02:34.668,0.98022,0.98032,1.50,1.10
2010.10.12 03:02:34.849,0.98023,0.98033,1.90,1.10
2010.10.12 03:02:34.974,0.98027,0.98033,0.81,1.80
2010.10.12 03:02:35.071,0.98036,0.98039,1.00,1.80
2010.10.12 03:02:35.481,0.98037,0.9804,1.20,1.60
2010.10.12 03:02:35.712,0.98035,0.98043,1.40,0.66
2010.10.12 03:02:36.457,0.98034,0.98043,1.20,1.50
2010.10.12 03:02:36.561,0.98032,0.98043,0.53,0.93
2010.10.12 03:02:37.093,0.98031,0.98041,0.84,2.90
2010.10.12 03:02:37.441,0.9803,0.9804,1.50,0.40
2010.10.12 03:02:37.687,0.98027,0.98038,0.99,1.40
2010.10.12 03:02:39.019,0.98031,0.98038,2.70,0.98
2010.10.12 03:02:39.618,0.98032,0.98043,1.10,0.72
2010.10.12 03:03:06.172,0.9803,0.98041,1.60,0.75
2010.10.12 03:03:06.555,0.98029,0.9804,1.00,0.64
2010.10.12 03:03:06.963,0.98027,0.98038,1.10,1.40
2010.10.12 03:03:09.012,0.98025,0.98036,1.00,1.70
2010.10.12 03:03:09.858,0.98024,0.98034,1.60,0.61
2010.10.12 03:03:15.033,0.98022,0.98033,0.73,1.10
2010.10.12 03:03:15.751,0.98024,0.98034,0.78,1.10
2010.10.12 03:03:16.227,0.98029,0.98036,0.74,1.10
2010.10.12 03:03:18.152,0.98027,0.98038,1.10,1.10
2010.10.12 03:03:32.030,0.98024,0.98036,1.00,1.90
2010.10.12 03:03:32.469,0.98026,0.98036,0.70,1.10
2010.10.12 03:03:32.745,0.98027,0.98038,0.91,0.79
2010.10.12 03:03:34.011,0.98026,0.98037,0.77,1.10
2010.10.12 03:03:34.411,0.98024,0.98036,0.86,0.64
2010.10.12 03:03:34.738,0.98026,0.98037,0.91,2.20
2010.10.12 03:03:34.938,0.98027,0.98038,0.79,1.40
2010.10.12 03:03:35.359,0.98031,0.98039,0.80,0.81
2010.10.12 03:03:35.524,0.98032,0.98042,1.10,2.80
2010.10.12 03:03:37.416,0.98033,0.98044,0.87,0.74
2010.10.12 03:03:37.916,0.98037,0.98045,1.10,1.50
2010.10.12 03:03:38.000,0.98036,0.98046,2.30,1.40
2010.10.12 03:03:38.361,0.98035,0.98045,1.30,1.50
2010.10.12 03:03:38.500,0.98033,0.98044,1.20,2.00
2010.10.12 03:03:38.755,0.98035,0.98046,0.94,1.70
2010.10.12 03:03:38.934,0.98037,0.98047,1.30,0.88
2010.10.12 03:03:39.227,0.98035,0.98047,1.30,1.10
2010.10.12 03:03:42.125,0.98032,0.9804,0.70,0.94
2010.10.12 03:03:42.248,0.98028,0.98038,0.78,1.60
2010.10.12 03:03:42.332,0.98027,0.98037,1.20,0.81
2010.10.12 03:03:42.510,0.98025,0.98035,1.40,1.70
2010.10.12 03:03:42.615,0.98027,0.98035,1.40,1.10
2010.10.12 03:03:42.741,0.98026,0.98033,1.50,1.70
2010.10.12 03:03:42.964,0.98025,0.98033,0.65,2.20
2010.10.12 03:03:43.149,0.98031,0.98033,3.40,1.80
2010.10.12 03:03:43.309,0.98032,0.98036,1.40,1.90
2010.10.12 03:03:43.529,0.98031,0.98043,0.89,1.90
2010.10.12 03:03:43.911,0.98033,0.98043,0.80,0.82
2010.10.12 03:03:46.011,0.98032,0.9804,1.90,1.50
2010.10.12 03:03:46.347,0.98029,0.98038,2.30,1.20
2010.10.12 03:03:46.442,0.98027,0.98038,0.78,1.00
2010.10.12 03:03:46.628,0.98025,0.98035,3.80,1.10
2010.10.12 03:03:46.988,0.98024,0.98035,0.56,1.10
2010.10.12 03:03:48.275,0.98023,0.98033,1.50,0.70
2010.10.12 03:03:48.944,0.9802,0.98031,2.00,0.70
2010.10.12 03:03:50.943,0.98017,0.98029,1.80,1.80
2010.10.12 03:03:51.321,0.98013,0.98023,0.89,1.20
2010.10.12 03:03:51.997,0.98011,0.9802,1.20,1.70
2010.10.12 03:03:52.055,0.98014,0.9802,1.40,1.70
2010.10.12 03:03:52.205,0.98016,0.98023,2.20,1.20
2010.10.12 03:03:52.571,0.98017,0.98023,0.79,1.80
2010.10.12 03:03:52.684,0.9802,0.98031,1.20,4.00
2010.10.12 03:03:52.870,0.98023,0.98033,0.95,1.20
2010.10.12 03:03:57.055,0.98021,0.98031,1.70,2.10
2010.10.12 03:03:57.357,0.98018,0.98028,0.64,0.96
2010.10.12 03:03:57.474,0.98019,0.98028,0.83,2.20
2010.10.12 03:03:57.773,0.9802,0.98031,2.40,1.40
2010.10.12 03:03:57.938,0.98023,0.98033,1.00,3.60
2010.10.12 03:04:00.028,0.98024,0.98033,1.10,2.30
2010.10.12 03:04:00.228,0.98031,0.98033,0.99,0.74
2010.10.12 03:04:00.338,0.98032,0.98038,0.82,1.10
2010.10.12 03:04:00.608,0.9803,0.98041,1.10,0.59
2010.10.12 03:04:00.806,0.98031,0.98041,1.40,1.80
2010.10.12 03:04:00.949,0.98033,0.98041,1.50,1.30
2010.10.12 03:04:05.084,0.98032,0.98042,1.70,2.50
2010.10.12 03:04:05.538,0.98031,0.98041,0.89,0.87
2010.10.12 03:04:05.948,0.98032,0.98041,1.00,3.20
2010.10.12 03:04:13.570,0.98034,0.98041,1.50,1.20
2010.10.12 03:04:15.656,0.98033,0.98044,1.10,3.00
2010.10.12 03:04:16.834,0.98034,0.98045,0.93,1.70
2010.10.12 03:04:17.034,0.98035,0.98046,0.57,1.10
2010.10.12 03:04:18.309,0.98034,0.98045,1.30,1.30
2010.10.12 03:04:18.447,0.98036,0.98045,2.30,1.30
2010.10.12 03:04:18.955,0.98037,0.98046,1.20,0.96
2010.10.12 03:04:19.083,0.98038,0.98048,1.80,1.60
2010.10.12 03:04:19.912,0.98039,0.98048,0.81,1.50
2010.10.12 03:04:21.746,0.98041,0.98053,1.10,1.30
2010.10.12 03:04:22.207,0.98039,0.98051,0.96,1.10
2010.10.12 03:04:22.410,0.9804,0.98048,1.40,1.10
2010.10.12 03:04:22.721,0.98041,0.98049,1.10,1.30
2010.10.12 03:04:23.312,0.98039,0.98049,1.70,1.20
2010.10.12 03:04:23.980,0.98037,0.98048,0.83,1.40
2010.10.12 03:04:24.237,0.98039,0.98048,2.70,0.84
2010.10.12 03:04:24.661,0.98037,0.98048,0.90,1.70
2010.10.12 03:04:25.417,0.98039,0.98048,2.10,1.50
2010.10.12 03:04:25.854,0.98037,0.98048,0.88,1.40
2010.10.12 03:04:26.058,0.98035,0.98048,1.70,1.10
2010.10.12 03:04:26.477,0.98037,0.98048,1.00,1.60
2010.10.12 03:04:26.500,0.98035,0.98048,1.00,1.50
2010.10.12 03:04:26.873,0.98037,0.98048,1.30,1.10
2010.10.12 03:04:34.304,0.98034,0.98046,0.93,2.10
2010.10.12 03:04:37.149,0.98035,0.98045,1.10,1.50
2010.10.12 03:04:37.498,0.98033,0.98043,1.50,0.75
2010.10.12 03:04:37.694,0.98032,0.98042,1.50,1.80
2010.10.12 03:04:37.791,0.98034,0.98042,1.40,2.30
2010.10.12 03:04:40.318,0.98035,0.98047,1.30,0.84
2010.10.12 03:04:40.543,0.98037,0.98048,1.50,1.10
2010.10.12 03:04:45.082,0.9804,0.98048,1.30,0.87
2010.10.12 03:04:45.148,0.98041,0.98051,1.70,1.70
2010.10.12 03:04:45.368,0.98042,0.98052,1.20,1.10
2010.10.12 03:04:45.433,0.98047,0.98053,1.30,1.20
2010.10.12 03:04:45.686,0.98048,0.98058,1.30,2.10
2010.10.12 03:04:45.774,0.98049,0.9806,1.20,1.30
2010.10.12 03:04:45.975,0.98051,0.98063,0.99,0.75
2010.10.12 03:04:49.076,0.98056,0.98063,0.85,0.91
2010.10.12 03:04:49.153,0.98057,0.98067,0.79,1.80
2010.10.12 03:04:49.289,0.98059,0.98068,0.73,2.20
2010.10.12 03:04:49.538,0.9806,0.98068,0.98,1.60
2010.10.12 03:04:49.677,0.98058,0.98068,1.10,2.70
2010.10.12 03:04:49.796,0.98057,0.98067,1.90,3.90
2010.10.12 03:04:49.913,0.98058,0.98068,0.79,1.20
2010.10.12 03:04:50.318,0.98059,0.98068,2.10,0.78
2010.10.12 03:04:50.458,0.98057,0.98068,1.00,2.00
2010.10.12 03:04:50.975,0.98056,0.98067,1.30,0.92
2010.10.12 03:04:52.144,0.98057,0.98068,0.80,1.00
2010.10.12 03:04:52.253,0.9806,0.98068,1.50,1.20
2010.10.12 03:04:52.423,0.98061,0.98071,1.10,1.80
2010.10.12 03:04:52.721,0.98059,0.98068,2.20,2.60
2010.10.12 03:04:52.914,0.98057,0.98068,0.71,0.62
2010.10.12 03:04:53.103,0.98059,0.9807,1.50,1.70
2010.10.12 03:04:53.259,0.98057,0.98068,1.30,2.00
2010.10.12 03:04:53.381,0.9806,0.98068,1.00,1.00
2010.10.12 03:04:53.661,0.98061,0.98071,1.80,1.50
2010.10.12 03:04:53.725,0.98059,0.98069,1.70,1.50
2010.10.12 03:04:53.847,0.98058,0.98068,2.40,1.10
2010.10.12 03:04:54.065,0.98059,0.98068,1.00,2.20
2010.10.12 03:04:54.387,0.9806,0.98068,1.60,1.10
2010.10.12 03:04:54.693,0.98061,0.98072,1.60,0.96
2010.10.12 03:04:54.781,0.98059,0.98072,0.85,1.30
2010.10.12 03:04:57.237,0.98058,0.98068,1.80,1.00
2010.10.12 03:04:57.278,0.98057,0.98068,0.76,1.40
2010.10.12 03:04:57.740,0.98056,0.98067,1.70,1.20
2010.10.12 03:04:57.958,0.98055,0.98065,0.99,1.00
2010.10.12 03:05:01.012,0.98052,0.98064,0.79,1.30
2010.10.12 03:05:11.766,0.98053,0.98065,0.65,0.74
2010.10.12 03:05:20.163,0.98052,0.98064,1.50,1.20
2010.10.12 03:05:20.575,0.9805,0.98063,0.99,1.70
2010.10.12 03:05:22.872,0.98049,0.9806,1.90,1.70
2010.10.12 03:05:26.174,0.98052,0.98063,1.10,1.90
2010.10.12 03:05:26.400,0.98053,0.98063,0.81,1.90
2010.10.12 03:05:26.673,0.98052,0.98063,0.76,0.91
2010.10.12 03:05:26.784,0.98051,0.98062,1.30,2.00
2010.10.12 03:05:30.041,0.98049,0.98062,1.20,1.20
2010.10.12 03:05:31.323,0.98047,0.98058,0.82,0.78
2010.10.12 03:05:31.592,0.98046,0.98057,0.68,1.00
2010.10.12 03:05:32.254,0.98045,0.98056,1.80,1.40
2010.10.12 03:05:32.659,0.98044,0.98057,1.40,2.00
2010.10.12 03:05:34.750,0.98045,0.98055,1.90,0.88
2010.10.12 03:05:56.628,0.98043,0.98056,2.10,1.10
2010.10.12 03:05:57.241,0.98044,0.98056,1.40,1.20
2010.10.12 03:06:00.034,0.98046,0.98057,1.20,0.68
2010.10.12 03:06:00.652,0.98047,0.98058,1.50,0.69
2010.10.12 03:06:01.289,0.98048,0.98058,1.50,1.80
2010.10.12 03:06:01.706,0.98047,0.98058,1.70,1.20
2010.10.12 03:06:04.920,0.98046,0.98057,0.63,2.00
2010.10.12 03:06:05.059,0.98048,0.98059,0.91,1.30
2010.10.12 03:06:05.741,0.98047,0.98058,2.50,1.50
2010.10.12 03:06:08.353,0.98051,0.98058,0.79,1.70
2010.10.12 03:06:08.991,0.98052,0.98063,0.88,0.67
2010.10.12 03:06:11.039,0.98055,0.98066,1.30,1.30
2010.10.12 03:06:11.487,0.98057,0.98067,1.40,0.66
2010.10.12 03:06:11.616,0.98058,0.98069,0.79,1.00
2010.10.12 03:06:11.753,0.98059,0.98068,1.00,2.10
2010.10.12 03:06:12.866,0.9806,0.98071,1.60,0.70
2010.10.12 03:06:14.059,0.98062,0.98073,1.00,0.86
2010.10.12 03:06:15.245,0.98064,0.98073,1.30,1.50
2010.10.12 03:06:15.403,0.98062,0.98075,0.99,2.00
2010.10.12 03:06:15.682,0.98063,0.98073,1.40,1.30
2010.10.12 03:06:15.811,0.98065,0.98073,1.50,1.40
2010.10.12 03:06:16.037,0.98063,0.98077,2.40,0.67
2010.10.12 03:06:18.108,0.98065,0.98078,1.90,1.50
2010.10.12 03:06:18.830,0.98064,0.98078,1.30,2.50
2010.10.12 03:06:27.102,0.98063,0.98077,1.20,0.74
2010.10.12 03:06:29.011,0.98062,0.98073,1.80,1.40
2010.10.12 03:06:29.752,0.98061,0.98073,1.40,1.30
2010.10.12 03:06:30.379,0.98063,0.98073,1.50,1.60
2010.10.12 03:06:30.749,0.98062,0.98073,1.00,1.10
2010.10.12 03:06:39.012,0.98061,0.98073,1.10,1.30
2010.10.12 03:06:39.482,0.98059,0.98073,0.69,1.20
2010.10.12 03:06:39.697,0.98061,0.98073,1.50,1.20
2010.10.12 03:06:39.877,0.98062,0.98073,1.50,0.51
2010.10.12 03:06:43.224,0.9806,0.98073,0.94,1.20
2010.10.12 03:06:43.949,0.98061,0.98073,0.99,0.74
2010.10.12 03:06:46.614,0.98062,0.98073,1.70,1.90
2010.10.12 03:06:59.117,0.98061,0.98073,1.60,1.70
2010.10.12 03:06:59.225,0.9806,0.98073,1.20,2.00
2010.10.12 03:06:59.531,0.98061,0.98073,2.00,1.20
2010.10.12 03:06:59.768,0.98062,0.98074,1.80,1.30
2010.10.12 03:06:59.846,0.98063,0.98077,1.10,0.93
2010.10.12 03:07:10.290,0.98064,0.98075,1.70,1.20
2010.10.12 03:07:10.922,0.98063,0.98074,0.81,3.70
2010.10.12 03:07:17.360,0.98062,0.98074,1.50,1.10
2010.10.12 03:07:52.641,0.98061,0.98075,1.60,1.50
2010.10.12 03:07:56.030,0.98066,0.98075,1.20,0.98
2010.10.12 03:07:56.380,0.98067,0.98078,0.90,1.40
2010.10.12 03:07:56.516,0.98066,0.98077,1.50,1.60
2010.10.12 03:07:56.775,0.98063,0.98077,1.80,1.60
2010.10.12 03:07:57.172,0.98062,0.98074,0.90,2.90
2010.10.12 03:07:57.616,0.98061,0.98073,1.20,1.30
2010.10.12 03:07:58.449,0.98062,0.98074,1.50,0.89
2010.10.12 03:07:59.470,0.98063,0.98075,0.92,1.40
2010.10.12 03:07:59.850,0.98061,0.98073,1.30,2.60
2010.10.12 03:08:12.295,0.9806,0.98071,0.99,1.60
2010.10.12 03:08:12.948,0.98059,0.98071,1.30,2.60
2010.10.12 03:08:13.107,0.98058,0.98068,1.90,1.20
2010.10.12 03:08:13.387,0.98055,0.98066,0.95,0.79
2010.10.12 03:08:13.541,0.98054,0.98066,2.00,1.30
2010.10.12 03:08:13.755,0.98051,0.98063,1.20,0.80
2010.10.12 03:08:13.940,0.98052,0.98063,0.79,1.40
2010.10.12 03:08:29.053,0.9805,0.98062,1.70,1.80
2010.10.12 03:08:29.384,0.98048,0.98062,0.63,1.60
2010.10.12 03:08:29.564,0.98047,0.98058,1.90,1.10
2010.10.12 03:08:29.685,0.98046,0.98057,0.88,1.00
2010.10.12 03:08:29.832,0.98041,0.98055,1.20,1.60
2010.10.12 03:08:36.794,0.98042,0.98054,0.66,0.96
2010.10.12 03:08:37.023,0.98044,0.98056,1.00,1.10
2010.10.12 03:08:38.258,0.98043,0.98055,1.10,0.57
2010.10.12 03:08:39.558,0.98041,0.98053,1.10,0.66
2010.10.12 03:08:45.065,0.98044,0.98055,2.00,1.60
2010.10.12 03:08:45.258,0.98046,0.98055,1.50,2.20
2010.10.12 03:08:45.338,0.98047,0.98059,1.60,2.00
2010.10.12 03:08:45.501,0.98046,0.98057,1.20,0.73
2010.10.12 03:08:45.601,0.98045,0.98056,1.20,1.00
2010.10.12 03:08:45.778,0.98043,0.98055,1.10,1.40
2010.10.12 03:08:45.905,0.98041,0.98054,0.73,0.99
2010.10.12 03:08:47.485,0.98042,0.98054,0.71,1.90
2010.10.12 03:08:48.721,0.98041,0.98053,0.89,0.97
2010.10.12 03:08:54.712,0.98042,0.98054,0.73,1.80
2010.10.12 03:08:55.268,0.98041,0.98053,0.83,1.20
2010.10.12 03:08:57.481,0.98046,0.98053,1.10,1.00
2010.10.12 03:08:57.688,0.98047,0.98059,1.10,1.20
2010.10.12 03:08:59.132,0.98051,0.98059,1.80,0.88
2010.10.12 03:09:10.203,0.9805,0.98062,1.00,1.10
2010.10.12 03:09:10.773,0.98047,0.98061,1.40,1.00
2010.10.12 03:09:12.261,0.98046,0.98059,1.40,2.70
2010.10.12 03:09:12.973,0.98045,0.98059,0.91,0.85
2010.10.12 03:09:13.462,0.98044,0.98055,1.60,1.20
2010.10.12 03:09:13.906,0.98041,0.98053,1.10,0.79
2010.10.12 03:09:25.346,0.98046,0.98054,1.30,0.54
2010.10.12 03:09:25.676,0.98047,0.98059,0.94,1.80
2010.10.12 03:09:28.061,0.98046,0.98057,1.40,1.20
2010.10.12 03:09:28.640,0.98045,0.98057,1.10,1.80
2010.10.12 03:09:28.958,0.98042,0.98056,1.50,0.78
2010.10.12 03:09:29.038,0.98044,0.98055,1.30,1.50
2010.10.12 03:09:29.969,0.98042,0.98054,0.79,0.99
2010.10.12 03:09:36.014,0.98041,0.98053,1.80,1.30
2010.10.12 03:09:50.468,0.98039,0.9805,0.41,1.70
2010.10.12 03:09:50.578,0.98041,0.9805,2.00,0.68
2010.10.12 03:09:51.960,0.98042,0.98055,1.40,0.67
2010.10.12 03:09:56.343,0.98043,0.98057,1.30,2.00
2010.10.12 03:09:57.000,0.98048,0.98055,1.30,1.70
2010.10.12 03:09:57.864,0.98051,0.98055,1.30,1.60
2010.10.12 03:09:58.185,0.9805,0.98062,0.75,1.50
2010.10.12 03:09:58.363,0.98049,0.98062,1.30,0.91
2010.10.12 03:09:58.738,0.9805,0.98062,0.62,1.20
2010.10.12 03:09:58.966,0.98051,0.98063,1.50,1.20
2010.10.12 03:09:59.552,0.98053,0.98065,0.90,1.40
2010.10.12 03:10:00.300,0.98054,0.98068,2.70,2.40
2010.10.12 03:10:04.687,0.98055,0.98069,1.70,1.20
2010.10.12 03:10:13.392,0.98056,0.98069,1.80,1.20
2010.10.12 03:10:14.468,0.98055,0.98069,0.40,0.70
2010.10.12 03:10:15.053,0.98053,0.98059,1.30,1.50
2010.10.12 03:10:15.211,0.98055,0.98069,1.80,1.20
2010.10.12 03:10:15.461,0.98053,0.98059,1.60,0.88
2010.10.12 03:10:15.598,0.98052,0.98059,2.60,1.20
2010.10.12 03:10:15.767,0.98054,0.98068,0.91,1.70
2010.10.12 03:10:15.961,0.98055,0.98068,1.20,1.00
2010.10.12 03:10:17.490,0.98055,0.98064,0.95,0.70
2010.10.12 03:10:17.669,0.98052,0.98064,0.36,3.50
2010.10.12 03:10:18.040,0.98051,0.98059,1.40,1.80
2010.10.12 03:10:18.227,0.9805,0.98059,1.10,2.10
2010.10.12 03:10:18.504,0.98047,0.98058,0.68,1.40
2010.10.12 03:10:18.754,0.98045,0.98057,2.00,1.30
2010.10.12 03:10:18.859,0.98042,0.98056,0.79,2.10
2010.10.12 03:10:24.896,0.98041,0.98055,0.95,1.70
2010.10.12 03:10:33.431,0.98042,0.98056,0.95,1.10
2010.10.12 03:10:34.465,0.98041,0.98055,1.20,1.20
2010.10.12 03:10:35.265,0.98042,0.98056,0.96,0.94
2010.10.12 03:10:36.334,0.98041,0.98055,0.69,1.30
2010.10.12 03:10:38.800,0.98042,0.98056,0.94,1.50
2010.10.12 03:10:39.122,0.98041,0.98055,1.80,1.60
2010.10.12 03:10:46.220,0.9804,0.98051,1.50,3.50
2010.10.12 03:10:46.440,0.98041,0.9805,1.30,1.00
2010.10.12 03:10:46.738,0.9804,0.98051,0.92,2.50
2010.10.12 03:10:46.836,0.98038,0.98049,0.96,1.30
2010.10.12 03:10:47.961,0.98037,0.98048,0.67,1.80
2010.10.12 03:10:48.916,0.98041,0.98048,1.00,0.82
2010.10.12 03:10:53.078,0.98043,0.98053,1.10,1.70
2010.10.12 03:10:53.585,0.98041,0.98053,1.40,1.20
2010.10.12 03:10:53.952,0.98045,0.98056,1.30,0.65
2010.10.12 03:10:54.057,0.98043,0.98054,1.50,3.30
2010.10.12 03:10:54.701,0.98042,0.98054,1.70,2.20
2010.10.12 03:10:55.687,0.98041,0.98053,2.10,1.80
2010.10.12 03:11:01.106,0.9804,0.98052,1.30,1.40
2010.10.12 03:11:01.769,0.98039,0.98052,0.40,1.90
2010.10.12 03:11:02.335,0.9804,0.9805,2.00,1.10
2010.10.12 03:11:02.652,0.98041,0.9805,0.95,0.82
2010.10.12 03:11:03.409,0.98042,0.98053,2.20,0.83
2010.10.12 03:11:03.767,0.98047,0.98055,1.00,1.10
2010.10.12 03:11:04.036,0.98051,0.98062,1.60,0.94
2010.10.12 03:11:07.093,0.9805,0.98063,1.50,1.20
2010.10.12 03:11:07.215,0.98047,0.98063,1.30,1.20
2010.10.12 03:11:07.445,0.98046,0.98059,2.30,1.50
2010.10.12 03:11:07.796,0.98045,0.98059,1.50,1.10
2010.10.12 03:11:07.970,0.98042,0.98059,1.00,1.60
2010.10.12 03:11:09.349,0.9804,0.98052,1.10,2.50
2010.10.12 03:11:09.987,0.98039,0.98051,1.70,1.10
2010.10.12 03:11:10.453,0.98041,0.98051,1.60,2.00
2010.10.12 03:11:10.540,0.98042,0.98055,1.10,1.80
2010.10.12 03:11:14.118,0.98041,0.98056,2.50,0.82
2010.10.12 03:11:14.801,0.98042,0.98056,1.60,0.77
2010.10.12 03:11:15.598,0.98041,0.98054,1.40,1.40
2010.10.12 03:11:16.133,0.98042,0.98054,1.10,1.20
2010.10.12 03:11:17.233,0.98041,0.98054,1.00,0.93
2010.10.12 03:11:17.447,0.9804,0.98054,1.90,1.00
2010.10.12 03:11:17.967,0.98039,0.98054,0.93,1.20
2010.10.12 03:11:18.873,0.98041,0.98053,0.62,1.40
2010.10.12 03:11:26.073,0.9804,0.98052,1.70,2.10
2010.10.12 03:11:26.621,0.98037,0.98051,1.10,0.87
2010.10.12 03:11:32.013,0.98038,0.9805,0.76,0.77
2010.10.12 03:11:33.997,0.98037,0.98049,0.66,0.93
2010.10.12 03:11:42.413,0.98041,0.98049,0.83,0.49
2010.10.12 03:11:43.171,0.98038,0.98051,1.30,1.00
2010.10.12 03:11:43.524,0.98037,0.98051,0.96,2.40
2010.10.12 03:11:47.184,0.98034,0.98046,1.20,0.89
2010.10.12 03:11:47.390,0.98032,0.98042,2.10,2.00
2010.10.12 03:11:47.459,0.98031,0.98041,1.50,1.50
2010.10.12 03:11:47.702,0.9803,0.98041,1.60,1.40
2010.10.12 03:11:47.832,0.98027,0.98039,0.85,0.66
2010.10.12 03:11:48.243,0.98029,0.98039,1.50,0.69
2010.10.12 03:11:48.586,0.98031,0.98039,1.30,1.30
2010.10.12 03:11:52.269,0.98032,0.98043,0.81,1.20
2010.10.12 03:11:52.660,0.98035,0.98047,1.30,1.30
2010.10.12 03:11:52.845,0.98032,0.98044,0.99,2.00
2010.10.12 03:11:53.008,0.98033,0.98044,1.50,1.30
2010.10.12 03:11:53.652,0.98035,0.98044,1.00,0.74
2010.10.12 03:11:53.779,0.98036,0.98049,1.30,1.20
2010.10.12 03:11:54.048,0.98041,0.98049,2.00,1.10
2010.10.12 03:11:54.427,0.9804,0.98054,0.87,1.10
2010.10.12 03:11:54.940,0.98041,0.98054,1.50,1.60
2010.10.12 03:12:07.091,0.98042,0.98053,1.30,0.85
2010.10.12 03:12:13.486,0.98045,0.98056,0.94,1.60
2010.10.12 03:12:15.668,0.98046,0.98058,1.70,1.60
2010.10.12 03:12:16.463,0.98045,0.98057,1.40,0.75
2010.10.12 03:12:16.661,0.98042,0.98056,1.80,1.40
2010.10.12 03:12:21.625,0.98041,0.98053,1.50,2.80
2010.10.12 03:12:24.343,0.9804,0.98052,0.80,1.30
2010.10.12 03:12:25.155,0.98041,0.98052,1.90,0.94
2010.10.12 03:12:26.010,0.98043,0.98054,0.62,1.50
2010.10.12 03:12:30.162,0.98042,0.98054,2.00,0.87
2010.10.12 03:12:30.441,0.98041,0.98053,0.91,1.50
2010.10.12 03:12:30.696,0.9804,0.98053,0.92,0.96
2010.10.12 03:12:30.803,0.98039,0.9805,1.20,0.56
2010.10.12 03:12:32.921,0.98038,0.9805,0.93,1.50
2010.10.12 03:12:38.036,0.9804,0.9805,1.30,1.90
2010.10.12 03:12:38.555,0.98041,0.98053,1.50,0.91
2010.10.12 03:12:39.064,0.9804,0.98052,1.40,1.30
2010.10.12 03:12:39.276,0.98039,0.98048,0.86,0.74
2010.10.12 03:12:39.401,0.98038,0.98048,1.30,1.40
2010.10.12 03:12:39.626,0.98037,0.98048,0.93,2.30
2010.10.12 03:12:39.719,0.98035,0.98046,1.70,2.50
2010.10.12 03:12:39.838,0.98031,0.98044,1.20,1.60
2010.10.12 03:12:46.039,0.98032,0.98043,0.80,0.95
2010.10.12 03:12:47.093,0.98031,0.98042,0.56,2.10
2010.10.12 03:12:47.442,0.9803,0.98041,0.73,2.10
2010.10.12 03:12:47.503,0.98029,0.9804,1.30,1.20
2010.10.12 03:12:47.766,0.98028,0.9804,1.60,1.50
2010.10.12 03:12:48.119,0.98027,0.98034,1.50,1.80
2010.10.12 03:12:48.256,0.98026,0.98034,1.60,1.00
2010.10.12 03:12:48.668,0.98025,0.98034,1.30,0.93
2010.10.12 03:12:48.961,0.98021,0.98033,1.10,1.30
2010.10.12 03:12:50.093,0.9802,0.98032,0.88,0.87
2010.10.12 03:12:51.467,0.98021,0.98032,1.50,1.90
2010.10.12 03:12:51.998,0.98023,0.98034,1.00,1.60
2010.10.12 03:12:52.086,0.98024,0.98037,1.70,2.00
2010.10.12 03:12:52.348,0.98026,0.98037,0.70,1.30
2010.10.12 03:12:52.956,0.98027,0.98038,0.90,1.80
2010.10.12 03:12:53.013,0.98026,0.98037,1.50,0.59
2010.10.12 03:12:53.466,0.98025,0.98036,2.10,1.00
2010.10.12 03:12:53.725,0.98023,0.98035,1.00,1.10
2010.10.12 03:12:53.969,0.98022,0.98033,2.30,0.91
2010.10.12 03:12:54.554,0.98023,0.98035,0.74,0.88
2010.10.12 03:12:55.155,0.98025,0.98036,0.98,1.50
2010.10.12 03:12:55.173,0.98026,0.98036,1.50,0.93
2010.10.12 03:12:55.461,0.98027,0.98037,1.70,1.00
2010.10.12 03:12:55.631,0.9803,0.98041,0.75,1.30
2010.10.12 03:12:55.712,0.98031,0.98041,2.30,1.10
2010.10.12 03:12:55.924,0.98032,0.98042,2.80,0.78
2010.10.12 03:12:56.040,0.98035,0.98047,1.50,1.10
2010.10.12 03:12:56.246,0.98037,0.98049,0.99,0.85
2010.10.12 03:12:56.359,0.98041,0.98052,2.30,1.40
2010.10.12 03:12:56.541,0.98042,0.98053,1.70,2.50
2010.10.12 03:12:56.671,0.98043,0.98054,1.70,1.30
2010.10.12 03:12:56.757,0.98046,0.98058,1.90,2.30
2010.10.12 03:12:56.857,0.98042,0.98054,1.50,1.40
2010.10.12 03:12:57.056,0.98043,0.98053,1.70,1.60
2010.10.12 03:12:57.443,0.98042,0.98052,1.30,1.30
2010.10.12 03:12:57.673,0.9804,0.98051,0.75,0.91
2010.10.12 03:12:59.133,0.98037,0.98047,1.20,0.76
2010.10.12 03:12:59.575,0.98036,0.98045,1.10,2.80
2010.10.12 03:13:00.285,0.98035,0.98046,0.88,1.20
2010.10.12 03:13:00.956,0.98034,0.98045,2.00,2.10
2010.10.12 03:13:03.322,0.98035,0.98046,1.60,1.10
2010.10.12 03:13:03.477,0.98034,0.98045,1.20,1.40
2010.10.12 03:13:03.854,0.98035,0.98046,1.20,1.50
2010.10.12 03:13:04.605,0.98034,0.98045,0.88,0.53
2010.10.12 03:13:05.881,0.98035,0.98046,2.20,0.79
2010.10.12 03:13:06.262,0.98037,0.98047,1.60,1.00
2010.10.12 03:13:07.063,0.98036,0.98047,1.60,0.39
2010.10.12 03:13:07.552,0.98037,0.98047,0.80,1.90
2010.10.12 03:13:11.294,0.98038,0.9805,0.63,1.60
2010.10.12 03:13:11.889,0.9804,0.98051,1.90,1.40
2010.10.12 03:13:12.996,0.98039,0.9805,1.10,2.00
2010.10.12 03:13:15.243,0.98041,0.9805,2.00,1.00
2010.10.12 03:13:15.490,0.98045,0.98054,1.00,1.50
2010.10.12 03:13:15.551,0.98046,0.98058,1.60,1.70
2010.10.12 03:13:15.845,0.98049,0.98059,1.20,1.50
2010.10.12 03:13:16.013,0.9805,0.98061,1.00,2.90
2010.10.12 03:13:16.601,0.98051,0.98062,1.30,1.00
2010.10.12 03:13:16.736,0.98052,0.98064,1.90,1.00
2010.10.12 03:13:18.118,0.98054,0.98066,1.70,1.20
2010.10.12 03:13:18.590,0.98053,0.98064,0.60,0.77
2010.10.12 03:13:20.711,0.98052,0.98065,1.00,1.80
2010.10.12 03:13:21.867,0.98053,0.98065,2.20,1.20
2010.10.12 03:13:23.132,0.98052,0.98065,0.70,0.39
2010.10.12 03:13:24.153,0.98048,0.98056,1.30,1.70
2010.10.12 03:13:24.342,0.98045,0.98056,1.20,1.30
2010.10.12 03:13:24.568,0.98041,0.98053,1.70,0.51
2010.10.12 03:13:24.811,0.98042,0.98053,1.50,1.70
2010.10.12 03:13:25.052,0.98046,0.98056,1.30,0.84
2010.10.12 03:13:25.398,0.98045,0.98056,1.40,1.70
2010.10.12 03:13:25.459,0.98044,0.98055,1.20,0.97
2010.10.12 03:13:25.719,0.98042,0.98052,0.45,1.50
2010.10.12 03:13:25.845,0.98041,0.98051,0.76,1.10
2010.10.12 03:13:26.425,0.9804,0.98051,0.92,0.56
2010.10.12 03:13:28.085,0.98039,0.9805,1.80,1.30
2010.10.12 03:13:29.356,0.9804,0.98051,2.80,1.80
2010.10.12 03:13:29.529,0.98041,0.98052,1.10,2.20
2010.10.12 03:13:30.234,0.98042,0.98053,2.50,2.10
2010.10.12 03:13:30.432,0.98043,0.98054,1.20,1.30
2010.10.12 03:13:30.720,0.98042,0.98054,1.20,1.40
2010.10.12 03:13:30.868,0.98041,0.98053,0.80,1.50
2010.10.12 03:13:32.046,0.98042,0.98053,1.40,1.40
2010.10.12 03:13:32.830,0.98043,0.98054,2.10,1.30
2010.10.12 03:13:33.028,0.98044,0.98055,0.93,2.40
2010.10.12 03:13:40.058,0.98043,0.98054,2.30,1.50
2010.10.12 03:13:42.065,0.98044,0.98055,1.30,1.50
2010.10.12 03:13:44.392,0.98043,0.98054,3.30,1.60
2010.10.12 03:13:51.527,0.98044,0.98055,1.30,1.10
2010.10.12 03:14:04.555,0.98045,0.98055,1.20,1.20
2010.10.12 03:14:09.238,0.98044,0.98051,1.10,0.91
2010.10.12 03:14:09.367,0.98037,0.98048,2.10,2.20
2010.10.12 03:14:09.588,0.98035,0.98046,1.40,0.95
2010.10.12 03:14:09.794,0.98032,0.98043,0.75,1.30
2010.10.12 03:14:10.007,0.98033,0.98044,0.62,0.86
2010.10.12 03:14:10.200,0.98034,0.98045,0.71,1.40
2010.10.12 03:14:10.410,0.98035,0.98046,1.60,1.10
2010.10.12 03:14:10.777,0.98038,0.98047,2.00,1.80
2010.10.12 03:14:10.822,0.98041,0.98052,1.70,1.10
2010.10.12 03:14:17.455,0.9804,0.98051,0.76,1.30
2010.10.12 03:14:17.630,0.98039,0.9805,0.67,1.20
2010.10.12 03:14:20.270,0.9804,0.98049,0.86,1.50
2010.10.12 03:14:20.662,0.98035,0.98044,1.60,2.80
2010.10.12 03:14:21.235,0.98032,0.98042,1.80,2.90
2010.10.12 03:14:21.599,0.98031,0.98042,0.89,1.50
2010.10.12 03:14:23.136,0.98034,0.9804,1.30,0.80
2010.10.12 03:14:23.329,0.98035,0.98045,1.50,2.00
2010.10.12 03:14:23.426,0.98036,0.98047,1.30,1.50
2010.10.12 03:14:23.621,0.98037,0.98047,1.30,1.40
2010.10.12 03:14:23.866,0.98036,0.98047,0.88,1.90
2010.10.12 03:14:31.007,0.98035,0.98044,0.53,2.00
2010.10.12 03:14:31.355,0.98033,0.98043,0.77,0.84
2010.10.12 03:14:31.822,0.98032,0.98042,0.93,1.70
2010.10.12 03:14:32.582,0.98031,0.98042,1.20,1.40
2010.10.12 03:14:33.095,0.98029,0.9804,1.00,1.10
2010.10.12 03:14:33.493,0.98033,0.9804,1.00,1.30
2010.10.12 03:14:33.538,0.98034,0.98046,1.90,1.50
2010.10.12 03:14:33.936,0.98037,0.98048,0.83,1.20
2010.10.12 03:14:34.239,0.98041,0.98048,1.30,1.50
2010.10.12 03:14:34.342,0.9804,0.98052,1.10,1.30
2010.10.12 03:14:34.715,0.98041,0.98052,0.63,1.00
2010.10.12 03:14:43.424,0.98043,0.98057,2.00,2.20
2010.10.12 03:14:45.790,0.98042,0.98054,1.00,2.50
2010.10.12 03:14:47.339,0.98043,0.98057,1.10,1.60
2010.10.12 03:14:48.050,0.98041,0.98053,1.30,0.94
2010.10.12 03:14:48.785,0.98042,0.98056,1.10,1.20
2010.10.12 03:14:49.317,0.98041,0.98053,1.60,1.30
2010.10.12 03:14:49.403,0.9804,0.98054,0.80,1.30
2010.10.12 03:14:49.719,0.98039,0.98053,1.20,0.82
2010.10.12 03:14:51.276,0.98037,0.98048,0.79,1.50
2010.10.12 03:14:51.397,0.98036,0.98048,1.30,1.70
2010.10.12 03:14:51.800,0.98034,0.98047,1.50,1.30
2010.10.12 03:14:52.425,0.98035,0.98046,1.80,1.40
2010.10.12 03:14:53.235,0.9803,0.98044,1.20,0.67
2010.10.12 03:14:53.820,0.98028,0.98042,0.92,2.50
2010.10.12 03:14:55.243,0.98027,0.98039,0.77,1.00
2010.10.12 03:14:55.294,0.98026,0.98039,3.50,1.80
2010.10.12 03:14:55.687,0.98025,0.98039,1.20,1.50
2010.10.12 03:14:55.985,0.98024,0.98036,0.75,1.20
2010.10.12 03:14:56.176,0.98022,0.98037,0.83,1.10
2010.10.12 03:14:58.250,0.98026,0.98036,1.10,1.10
2010.10.12 03:14:58.825,0.98027,0.98039,1.50,2.00
2010.10.12 03:15:00.407,0.98025,0.98037,2.10,1.00
2010.10.12 03:15:00.540,0.98023,0.98037,0.53,1.20
2010.10.12 03:15:03.362,0.98026,0.98039,1.30,1.40
2010.10.12 03:15:03.793,0.98024,0.98037,0.81,1.50
2010.10.12 03:15:08.205,0.98026,0.98038,1.40,1.20
2010.10.12 03:15:08.611,0.98027,0.98039,0.94,0.74
2010.10.12 03:15:08.695,0.98029,0.98041,1.50,0.99
2010.10.12 03:15:09.129,0.98031,0.98043,1.40,2.40
2010.10.12 03:15:09.311,0.98033,0.98044,1.30,0.96
2010.10.12 03:15:09.486,0.98034,0.98045,1.20,0.69
2010.10.12 03:15:09.634,0.98035,0.98047,2.10,0.81
2010.10.12 03:15:09.849,0.98037,0.98048,2.00,1.20
2010.10.12 03:15:10.079,0.9804,0.98051,0.91,1.10
2010.10.12 03:15:10.261,0.98041,0.98052,1.00,2.30
2010.10.12 03:15:10.397,0.9804,0.98051,0.89,1.40
2010.10.12 03:15:10.611,0.98041,0.98052,1.10,1.90
2010.10.12 03:15:10.775,0.9804,0.98052,1.90,0.55
2010.10.12 03:15:10.881,0.98039,0.98052,0.91,2.40
2010.10.12 03:15:12.299,0.98038,0.98049,1.70,1.00
2010.10.12 03:15:12.739,0.98036,0.98047,1.30,1.50
2010.10.12 03:15:15.251,0.98035,0.98048,1.50,1.90
2010.10.12 03:15:20.297,0.98034,0.98045,0.99,1.70
2010.10.12 03:15:20.437,0.98035,0.98047,0.55,1.30
2010.10.12 03:15:20.996,0.98036,0.98048,2.30,1.40
2010.10.12 03:15:21.024,0.98035,0.98046,0.67,2.00
2010.10.12 03:15:21.497,0.98036,0.98048,1.10,2.00
2010.10.12 03:15:21.736,0.98035,0.98047,1.70,2.40
2010.10.12 03:15:22.888,0.98037,0.98049,0.84,1.50
2010.10.12 03:15:24.315,0.98038,0.98049,1.20,2.30
2010.10.12 03:15:24.533,0.98036,0.98046,0.72,1.10
2010.10.12 03:15:26.004,0.98037,0.98048,1.90,0.97
2010.10.12 03:15:28.283,0.98036,0.98046,1.20,1.40
2010.10.12 03:15:28.633,0.98038,0.98049,1.10,1.10
2010.10.12 03:15:31.132,0.98037,0.98048,1.80,2.30
2010.10.12 03:15:31.913,0.98038,0.98049,1.10,1.30
2010.10.12 03:15:32.521,0.98036,0.98046,1.60,1.40
2010.10.12 03:15:39.271,0.98037,0.98046,1.20,1.70
2010.10.12 03:15:39.419,0.98038,0.98049,2.40,1.80
2010.10.12 03:15:39.919,0.98039,0.9805,1.70,1.60
2010.10.12 03:15:40.920,0.98041,0.98053,2.80,1.40
2010.10.12 03:16:03.438,0.9804,0.98053,1.10,1.30
2010.10.12 03:16:03.653,0.98039,0.98053,1.30,2.40
2010.10.12 03:16:04.026,0.98041,0.98053,1.00,1.00
2010.10.12 03:16:04.678,0.98042,0.98056,1.20,1.30
2010.10.12 03:16:05.428,0.98043,0.98057,1.80,1.00
2010.10.12 03:16:07.296,0.98042,0.98055,1.20,0.99
2010.10.12 03:16:07.884,0.98041,0.98055,1.70,1.30
2010.10.12 03:16:13.141,0.98043,0.98055,0.48,0.95
2010.10.12 03:16:38.151,0.98041,0.98053,1.20,0.91
2010.10.12 03:16:51.366,0.98042,0.98055,1.30,0.81
2010.10.12 03:16:51.724,0.98041,0.98055,0.65,1.20
2010.10.12 03:16:54.030,0.98043,0.98055,2.70,1.10
2010.10.12 03:16:55.133,0.98042,0.9805,0.83,1.30
2010.10.12 03:16:55.452,0.98041,0.9805,0.73,0.44
2010.10.12 03:16:55.597,0.9804,0.9805,1.10,1.30
2010.10.12 03:16:55.851,0.98039,0.9805,2.00,0.96
2010.10.12 03:16:56.020,0.98038,0.9805,0.76,1.30
2010.10.12 03:16:56.828,0.98037,0.9805,1.00,0.60
2010.10.12 03:17:00.412,0.98038,0.9805,0.75,0.74
2010.10.12 03:17:00.759,0.9804,0.9805,1.60,1.60
2010.10.12 03:17:01.724,0.98041,0.98053,1.70,1.00
2010.10.12 03:17:04.465,0.9804,0.98052,1.40,1.10
2010.10.12 03:17:04.591,0.98039,0.9805,1.00,1.10
2010.10.12 03:17:08.942,0.98038,0.9805,1.60,1.30
2010.10.12 03:17:11.217,0.98039,0.9805,1.00,1.90
2010.10.12 03:17:11.632,0.98041,0.9805,0.54,1.60
2010.10.12 03:17:19.128,0.98043,0.98054,2.00,1.60
2010.10.12 03:17:20.572,0.98044,0.98055,1.60,1.60
2010.10.12 03:17:23.012,0.98047,0.98055,2.10,1.80
2010.10.12 03:17:23.966,0.98046,0.98055,1.80,0.99
2010.10.12 03:17:25.042,0.98044,0.98055,1.20,1.00
2010.10.12 03:17:25.981,0.98045,0.98055,1.70,0.80
2010.10.12 03:17:30.513,0.98046,0.98055,2.80,1.20
2010.10.12 03:17:31.280,0.98041,0.98051,1.10,1.50
2010.10.12 03:17:31.335,0.9804,0.9805,1.10,1.00
2010.10.12 03:17:31.907,0.98037,0.98049,1.10,0.85
2010.10.12 03:17:32.129,0.9804,0.9805,1.60,2.30
2010.10.12 03:17:32.532,0.98042,0.9805,1.60,1.10
2010.10.12 03:17:32.891,0.98043,0.98055,1.10,0.66
2010.10.12 03:17:36.093,0.98042,0.9805,0.69,3.70
2010.10.12 03:17:36.376,0.98041,0.9805,0.90,0.65
2010.10.12 03:17:36.725,0.98043,0.98055,1.80,0.75
2010.10.12 03:17:40.417,0.98042,0.9805,2.10,1.10
2010.10.12 03:17:40.841,0.98041,0.9805,0.77,0.64
2010.10.12 03:17:41.240,0.98042,0.98055,1.00,1.10
2010.10.12 03:17:41.406,0.98041,0.98055,0.89,0.89
2010.10.12 03:17:41.770,0.98042,0.98056,1.20,3.30
2010.10.12 03:17:43.110,0.98043,0.98057,1.40,3.00
2010.10.12 03:17:43.575,0.98042,0.98056,0.94,2.50
2010.10.12 03:17:44.113,0.98043,0.98057,1.10,3.30
2010.10.12 03:17:44.252,0.98046,0.98059,1.60,1.40
2010.10.12 03:17:44.725,0.98047,0.98059,0.95,1.70
2010.10.12 03:17:44.983,0.98046,0.98059,1.10,1.50
2010.10.12 03:17:46.033,0.98047,0.98059,1.50,1.70
2010.10.12 03:17:49.008,0.98046,0.98059,1.00,1.40
2010.10.12 03:17:49.921,0.98047,0.98059,2.50,1.20
2010.10.12 03:17:50.491,0.98046,0.98059,0.81,1.60
2010.10.12 03:17:50.626,0.98047,0.98059,2.00,1.90
2010.10.12 03:17:54.356,0.98044,0.98056,1.40,2.90
2010.10.12 03:17:54.618,0.98042,0.98056,1.10,2.20
2010.10.12 03:17:58.249,0.98044,0.98056,1.60,1.60
2010.10.12 03:18:01.731,0.98045,0.98059,1.80,1.20
2010.10.12 03:18:03.207,0.98044,0.98058,1.90,1.00
2010.10.12 03:18:03.605,0.98045,0.98059,0.78,1.70
2010.10.12 03:18:03.775,0.98044,0.98058,0.97,0.84
2010.10.12 03:18:11.011,0.98045,0.98059,1.00,1.20
2010.10.12 03:18:11.782,0.98044,0.98058,1.10,0.96
2010.10.12 03:18:13.037,0.98043,0.98054,1.00,0.90
2010.10.12 03:18:13.855,0.98042,0.98054,1.20,3.90
2010.10.12 03:18:26.496,0.9804,0.9805,1.70,1.80
2010.10.12 03:18:26.501,0.98041,0.9805,1.00,1.00
2010.10.12 03:18:27.097,0.98042,0.9805,1.10,1.40
2010.10.12 03:18:27.466,0.9804,0.9805,1.40,0.94
2010.10.12 03:18:27.876,0.98041,0.9805,1.40,0.48
2010.10.12 03:18:37.878,0.9804,0.9805,0.98,1.30
2010.10.12 03:18:38.032,0.98041,0.9805,2.60,2.00
2010.10.12 03:18:39.270,0.9804,0.9805,2.00,0.56
2010.10.12 03:18:39.642,0.98039,0.9805,2.40,1.10
2010.10.12 03:18:39.672,0.98038,0.9805,0.86,0.97
2010.10.12 03:18:45.250,0.98037,0.9805,1.40,0.64
2010.10.12 03:18:45.492,0.98036,0.98046,1.40,1.40
2010.10.12 03:18:45.905,0.98034,0.9804,1.00,1.50
2010.10.12 03:18:46.108,0.98033,0.9804,0.97,1.50
2010.10.12 03:18:46.392,0.98028,0.9804,0.65,1.10
2010.10.12 03:18:46.744,0.98023,0.98038,1.20,1.60
2010.10.12 03:18:46.963,0.98022,0.98037,0.69,1.20
2010.10.12 03:18:49.073,0.98026,0.98037,1.70,0.77
2010.10.12 03:18:49.259,0.98027,0.98038,1.20,1.20
2010.10.12 03:18:49.642,0.98026,0.98038,1.30,1.70
2010.10.12 03:18:49.847,0.98021,0.98038,0.61,0.69
2010.10.12 03:18:50.526,0.98022,0.98038,0.79,0.78
2010.10.12 03:18:51.040,0.98021,0.98038,1.60,1.10
2010.10.12 03:18:51.377,0.98026,0.98038,1.10,1.40
2010.10.12 03:18:51.873,0.98027,0.98039,1.60,0.80
2010.10.12 03:18:52.089,0.98026,0.98038,2.70,1.40
2010.10.12 03:18:52.172,0.98025,0.98036,2.50,1.10
2010.10.12 03:18:52.264,0.98023,0.98035,1.20,1.00
2010.10.12 03:18:52.346,0.98022,0.98032,1.60,1.30
2010.10.12 03:18:52.401,0.98021,0.98031,1.60,1.10
2010.10.12 03:18:52.577,0.9802,0.98031,0.63,1.50
2010.10.12 03:18:52.637,0.98016,0.98029,1.20,2.10
2010.10.12 03:18:52.779,0.98018,0.98032,0.63,1.70
2010.10.12 03:18:52.846,0.9802,0.98032,1.10,0.86
2010.10.12 03:18:52.944,0.98021,0.98032,1.40,1.50
2010.10.12 03:18:53.098,0.98026,0.98033,1.40,1.70
2010.10.12 03:18:53.144,0.98027,0.98037,0.93,1.60
2010.10.12 03:18:53.315,0.98026,0.98034,0.84,0.70
2010.10.12 03:18:53.548,0.98025,0.98034,1.30,1.40
2010.10.12 03:18:53.609,0.98023,0.98033,1.20,1.00
2010.10.12 03:18:53.810,0.98019,0.9803,1.20,2.30
2010.10.12 03:18:53.988,0.98021,0.9803,1.50,1.60
2010.10.12 03:18:55.157,0.9802,0.98032,0.73,0.94
2010.10.12 03:18:55.516,0.98017,0.98029,1.10,1.80
2010.10.12 03:18:56.099,0.98021,0.98029,1.20,0.78
2010.10.12 03:18:58.552,0.9802,0.98031,1.20,1.70
2010.10.12 03:18:59.169,0.98016,0.98029,0.76,0.82
2010.10.12 03:18:59.760,0.98015,0.98029,1.20,1.10
2010.10.12 03:19:07.352,0.98016,0.98029,1.10,2.60
2010.10.12 03:19:07.647,0.98021,0.98029,1.60,2.40
2010.10.12 03:19:09.024,0.98022,0.98034,1.80,2.40
2010.10.12 03:19:09.139,0.98024,0.98034,1.10,1.80
2010.10.12 03:19:09.277,0.98026,0.98034,0.91,2.40
2010.10.12 03:19:09.490,0.98025,0.98034,0.87,0.93
2010.10.12 03:19:09.597,0.98024,0.98034,1.30,0.59
2010.10.12 03:19:09.645,0.98023,0.98033,1.10,1.60
2010.10.12 03:19:09.808,0.9802,0.98031,1.20,1.40
2010.10.12 03:19:09.982,0.98017,0.98029,1.20,0.76
2010.10.12 03:19:10.581,0.98021,0.98029,0.58,1.00
2010.10.12 03:19:20.216,0.9802,0.98032,1.10,2.90
2010.10.12 03:19:20.835,0.98017,0.98029,1.60,2.00
2010.10.12 03:19:22.128,0.98021,0.98029,1.60,1.70
2010.10.12 03:19:24.153,0.9802,0.98024,1.40,1.20
2010.10.12 03:19:24.572,0.98016,0.98024,0.83,0.47
2010.10.12 03:19:24.821,0.98008,0.9802,1.50,0.99
2010.10.12 03:19:25.124,0.98007,0.9802,0.66,1.10
2010.10.12 03:19:29.119,0.98006,0.98017,0.59,0.24
2010.10.12 03:19:29.611,0.98007,0.98017,1.20,0.78
2010.10.12 03:19:29.970,0.98011,0.98018,0.83,0.93
2010.10.12 03:19:30.303,0.9801,0.98021,2.90,1.60
2010.10.12 03:19:30.530,0.98008,0.98019,1.80,1.60
2010.10.12 03:19:31.025,0.98007,0.98019,0.78,1.40
2010.10.12 03:19:32.014,0.98008,0.98019,0.82,1.80
2010.10.12 03:19:32.451,0.98011,0.98019,1.10,1.20
2010.10.12 03:19:32.584,0.98014,0.98025,0.57,1.10
2010.10.12 03:19:32.757,0.98015,0.98026,0.95,1.90
2010.10.12 03:19:34.337,0.98014,0.98024,0.81,1.20
2010.10.12 03:19:34.568,0.98013,0.98023,1.10,1.70
2010.10.12 03:19:35.402,0.98012,0.98023,0.76,1.30
2010.10.12 03:19:35.747,0.98008,0.9802,0.85,1.20
2010.10.12 03:19:36.259,0.98011,0.98022,1.00,1.20
2010.10.12 03:19:36.783,0.98012,0.98024,1.20,0.65
2010.10.12 03:19:37.078,0.98013,0.98024,0.81,1.00
2010.10.12 03:19:37.490,0.98011,0.98023,1.80,1.50
2010.10.12 03:19:37.558,0.98014,0.98025,0.77,0.91
2010.10.12 03:19:37.770,0.98015,0.98026,1.80,0.70
2010.10.12 03:19:40.211,0.98009,0.98023,1.20,1.40
2010.10.12 03:19:42.093,0.98008,0.98022,1.10,1.00
2010.10.12 03:19:42.208,0.9801,0.98022,1.90,1.20
2010.10.12 03:19:42.414,0.98011,0.98022,1.10,1.40
2010.10.12 03:19:42.641,0.98012,0.98023,1.90,1.40
2010.10.12 03:19:42.989,0.98015,0.98026,0.49,1.00
2010.10.12 03:20:01.881,0.98011,0.98023,0.98,1.10
2010.10.12 03:20:10.272,0.9801,0.98023,0.92,0.79
2010.10.12 03:20:10.469,0.98008,0.98022,0.78,1.90
2010.10.12 03:20:10.939,0.98006,0.9802,1.30,0.95
2010.10.12 03:20:11.498,0.98007,0.9802,1.50,1.70
2010.10.12 03:20:12.103,0.98005,0.98019,0.80,1.10
2010.10.12 03:20:12.645,0.98002,0.98016,1.10,3.40
2010.10.12 03:20:12.692,0.98001,0.98015,1.50,1.50
2010.10.12 03:20:15.919,0.98002,0.98016,0.78,2.00
2010.10.12 03:20:16.116,0.98003,0.98017,1.10,1.40
2010.10.12 03:20:16.619,0.98001,0.98015,1.70,0.68
2010.10.12 03:20:21.121,0.98002,0.98016,1.20,1.00
2010.10.12 03:20:21.287,0.98003,0.98017,1.70,1.00
2010.10.12 03:20:21.745,0.98002,0.98013,1.70,0.57
2010.10.12 03:20:21.899,0.98001,0.98013,1.10,1.30
2010.10.12 03:20:22.382,0.98,0.98014,0.97,1.80
2010.10.12 03:20:22.825,0.98001,0.98013,1.70,1.50
2010.10.12 03:20:23.030,0.98,0.98014,0.93,0.76
2010.10.12 03:20:23.747,0.98001,0.98014,1.90,1.60
2010.10.12 03:20:24.050,0.98,0.98014,1.50,1.00
2010.10.12 03:20:24.569,0.98001,0.98014,2.30,0.73
2010.10.12 03:20:25.633,0.98002,0.98016,0.97,1.10
2010.10.12 03:20:31.293,0.98003,0.98017,1.40,2.30
2010.10.12 03:20:34.095,0.98001,0.98015,0.49,0.81
2010.10.12 03:20:34.636,0.98003,0.98017,1.40,0.63
2010.10.12 03:20:34.879,0.98001,0.98015,1.90,1.50
2010.10.12 03:20:37.487,0.98002,0.98016,0.96,1.30
2010.10.12 03:20:38.293,0.98003,0.98017,1.80,1.30
2010.10.12 03:20:40.146,0.98001,0.98014,1.40,2.00
2010.10.12 03:20:41.587,0.98002,0.98016,0.79,0.43
2010.10.12 03:20:45.048,0.98001,0.98015,1.80,2.00
2010.10.12 03:20:49.116,0.98003,0.98017,1.20,0.85
2010.10.12 03:20:49.524,0.98001,0.98014,1.60,1.80
2010.10.12 03:20:49.960,0.98003,0.98017,1.30,1.30
2010.10.12 03:20:50.147,0.98002,0.98016,2.30,1.10
2010.10.12 03:20:50.659,0.98001,0.98015,1.10,0.39
2010.10.12 03:20:51.212,0.98002,0.98016,1.10,2.10
2010.10.12 03:20:51.596,0.98001,0.98013,1.20,1.30
2010.10.12 03:20:51.858,0.97999,0.98013,1.60,2.20
2010.10.12 03:20:53.037,0.97998,0.98007,2.30,0.60
2010.10.12 03:20:53.196,0.97997,0.98007,1.40,0.97
2010.10.12 03:20:53.339,0.97996,0.98004,1.10,1.10
2010.10.12 03:20:53.448,0.97995,0.98004,2.60,2.00
2010.10.12 03:20:53.533,0.97992,0.98003,1.10,1.30
2010.10.12 03:20:53.658,0.97995,0.98004,0.92,1.30
2010.10.12 03:20:53.866,0.9799,0.98004,1.80,2.70
2010.10.12 03:20:53.875,0.97989,0.98004,1.00,0.84
2010.10.12 03:20:54.059,0.97988,0.98,2.20,1.10
2010.10.12 03:20:54.201,0.97992,0.98,0.60,1.70
2010.10.12 03:20:54.485,0.97995,0.98003,1.10,0.84
2010.10.12 03:20:54.654,0.97994,0.98004,1.20,1.30
2010.10.12 03:20:54.693,0.97992,0.98004,1.20,0.79
2010.10.12 03:20:54.891,0.97995,0.98005,1.50,0.54
2010.10.12 03:20:56.011,0.97996,0.98007,1.50,0.73
2010.10.12 03:20:56.597,0.97998,0.98008,0.86,2.00
2010.10.12 03:20:56.905,0.98001,0.98012,1.30,1.20
2010.10.12 03:20:57.443,0.98004,0.98013,0.71,1.10
2010.10.12 03:20:58.221,0.98005,0.98017,0.96,0.90
2010.10.12 03:20:58.477,0.98004,0.98015,0.92,0.88
2010.10.12 03:20:58.769,0.98005,0.98017,0.97,1.40
2010.10.12 03:21:00.012,0.98003,0.98014,2.20,1.60
2010.10.12 03:21:00.602,0.98002,0.98014,1.50,0.72
2010.10.12 03:21:00.976,0.98001,0.98013,2.00,1.40
2010.10.12 03:21:01.125,0.98003,0.98013,0.98,0.67
2010.10.12 03:21:01.928,0.98004,0.98015,1.20,0.60
2010.10.12 03:21:02.021,0.98005,0.98017,1.40,1.40
2010.10.12 03:21:02.378,0.98004,0.98015,0.85,1.10
2010.10.12 03:21:02.660,0.98005,0.98017,1.70,0.86
2010.10.12 03:21:02.788,0.98004,0.98017,2.30,0.42
2010.10.12 03:21:03.009,0.98005,0.98017,0.76,0.90
2010.10.12 03:21:03.783,0.98004,0.98015,0.79,3.00
2010.10.12 03:21:15.118,0.98005,0.98016,0.92,1.70
2010.10.12 03:21:15.733,0.98006,0.98017,1.20,0.56
2010.10.12 03:21:16.197,0.98007,0.98018,0.84,1.60
2010.10.12 03:21:16.352,0.98008,0.98018,0.81,1.70
2010.10.12 03:21:16.734,0.9801,0.98024,1.90,0.82
2010.10.12 03:21:16.815,0.98011,0.98024,0.90,2.40
2010.10.12 03:21:42.215,0.98012,0.98026,0.65,1.90
2010.10.12 03:21:49.368,0.98013,0.98027,0.96,1.60
2010.10.12 03:21:50.315,0.98015,0.98029,1.40,1.40
2010.10.12 03:21:50.774,0.98017,0.98029,0.85,1.10
2010.10.12 03:21:54.172,0.98016,0.98029,1.80,1.40
2010.10.12 03:21:57.380,0.98015,0.98029,0.99,0.65
2010.10.12 03:21:58.606,0.98014,0.98027,1.80,0.79
2010.10.12 03:21:59.619,0.98012,0.98026,0.86,0.78
2010.10.12 03:22:10.091,0.98011,0.98023,1.30,1.20
2010.10.12 03:22:12.018,0.98013,0.98025,0.81,1.00
2010.10.12 03:22:12.976,0.98014,0.98025,1.90,1.10
2010.10.12 03:22:16.377,0.98013,0.98025,1.10,1.80
2010.10.12 03:22:16.741,0.98014,0.98025,1.70,1.00
2010.10.12 03:22:17.036,0.98012,0.98022,1.50,1.40
2010.10.12 03:22:17.598,0.9801,0.98021,1.40,1.40
2010.10.12 03:22:17.785,0.98007,0.98019,1.60,1.50
2010.10.12 03:22:18.228,0.98011,0.98019,1.10,1.20
2010.10.12 03:22:18.264,0.98012,0.98023,0.88,1.20
2010.10.12 03:22:18.700,0.98013,0.98025,1.30,2.90
2010.10.12 03:22:18.985,0.98014,0.98025,1.10,0.98
2010.10.12 03:22:19.075,0.98013,0.98025,0.79,2.20
2010.10.12 03:22:22.087,0.98012,0.98025,0.72,1.60
2010.10.12 03:22:23.618,0.98011,0.98025,0.95,1.10
2010.10.12 03:22:31.417,0.98012,0.98023,0.74,0.57
2010.10.12 03:22:31.941,0.98009,0.98021,1.50,1.90
2010.10.12 03:22:35.723,0.98011,0.98021,0.75,1.40
2010.10.12 03:22:52.258,0.98012,0.98026,1.40,1.40
2010.10.12 03:22:52.526,0.98013,0.98026,2.70,1.90
2010.10.12 03:22:52.952,0.98014,0.98025,1.40,1.30
2010.10.12 03:22:53.482,0.98016,0.98029,1.50,1.20
2010.10.12 03:22:54.667,0.98014,0.98025,0.91,1.60
2010.10.12 03:22:55.612,0.98012,0.98025,0.91,1.10
2010.10.12 03:23:05.232,0.98016,0.98024,2.70,2.70
2010.10.12 03:23:05.604,0.98017,0.98028,0.72,0.51
2010.10.12 03:23:06.827,0.98014,0.98026,0.62,0.80
2010.10.12 03:23:07.608,0.98011,0.98024,0.62,0.90
2010.10.12 03:23:22.496,0.9801,0.98023,0.63,1.60
2010.10.12 03:23:22.518,0.98009,0.98021,0.95,1.10
2010.10.12 03:23:24.105,0.98016,0.98021,0.84,1.40
2010.10.12 03:23:24.365,0.98017,0.98027,1.30,0.78
2010.10.12 03:23:24.573,0.98016,0.98024,1.80,1.20
2010.10.12 03:23:24.685,0.98015,0.98024,1.70,2.10
2010.10.12 03:23:24.950,0.98016,0.98024,1.70,3.40
2010.10.12 03:23:25.115,0.98017,0.98026,1.60,1.60
2010.10.12 03:23:25.319,0.98016,0.98028,1.50,1.70
2010.10.12 03:23:25.385,0.98015,0.98024,2.60,1.50
2010.10.12 03:23:25.654,0.98011,0.98023,1.00,2.00
2010.10.12 03:23:25.806,0.9801,0.98023,1.40,2.40
2010.10.12 03:23:25.843,0.98011,0.98023,1.00,1.60
2010.10.12 03:23:27.003,0.9801,0.98023,1.70,1.80
2010.10.12 03:23:27.954,0.98009,0.98023,0.54,1.50
2010.10.12 03:23:33.114,0.98011,0.98023,1.80,0.64
2010.10.12 03:23:47.044,0.9801,0.98023,1.90,2.00
2010.10.12 03:23:47.422,0.98012,0.98023,1.10,1.00
2010.10.12 03:23:47.666,0.98013,0.98025,0.92,2.00
2010.10.12 03:23:47.908,0.98016,0.98025,1.80,1.90
2010.10.12 03:23:48.130,0.98015,0.98025,1.10,2.30
2010.10.12 03:23:48.293,0.98014,0.98025,1.10,1.80
2010.10.12 03:23:48.417,0.98011,0.98023,1.40,1.20
2010.10.12 03:23:48.629,0.9801,0.98022,1.10,1.10
2010.10.12 03:23:48.772,0.98009,0.98021,1.40,1.00
2010.10.12 03:23:48.952,0.98008,0.9802,1.10,1.40
2010.10.12 03:23:49.168,0.98005,0.98017,0.87,1.40
2010.10.12 03:23:49.400,0.98004,0.98016,0.70,1.20
2010.10.12 03:23:49.913,0.98002,0.98014,1.20,1.70
2010.10.12 03:23:57.025,0.98003,0.98014,1.80,1.50
2010.10.12 03:23:57.610,0.98002,0.98014,0.90,2.70
2010.10.12 03:23:57.679,0.98,0.98013,1.50,0.86
2010.10.12 03:23:58.048,0.98001,0.98013,1.00,0.63
2010.10.12 03:23:58.310,0.98004,0.98014,0.43,1.60
2010.10.12 03:23:58.385,0.98001,0.98014,1.40,1.20
2010.10.12 03:23:58.500,0.98,0.98012,1.80,1.40
2010.10.12 03:23:58.684,0.97998,0.98009,1.60,1.90
2010.10.12 03:23:58.951,0.97997,0.98009,1.50,2.40
2010.10.12 03:23:59.267,0.97996,0.98009,1.90,0.78
2010.10.12 03:23:59.953,0.97994,0.98007,1.50,1.30
2010.10.12 03:24:03.779,0.97996,0.98007,1.70,2.10
2010.10.12 03:24:04.042,0.97997,0.98008,1.20,1.20
2010.10.12 03:24:04.465,0.97998,0.98012,0.83,0.81
2010.10.12 03:24:04.739,0.98,0.98012,1.90,2.50
2010.10.12 03:24:17.069,0.97998,0.98005,1.80,0.97
2010.10.12 03:24:17.623,0.97997,0.98005,1.00,1.10
2010.10.12 03:24:17.860,0.97996,0.98005,1.80,0.91
2010.10.12 03:24:18.914,0.97995,0.98005,2.60,1.30
2010.10.12 03:24:19.057,0.97994,0.98005,1.60,1.40
2010.10.12 03:24:19.518,0.97993,0.98005,1.80,1.30
2010.10.12 03:24:26.257,0.97995,0.98005,2.00,1.00
2010.10.12 03:24:30.054,0.97994,0.97999,0.76,1.20
2010.10.12 03:24:30.114,0.97993,0.97999,1.20,1.10
2010.10.12 03:24:30.231,0.97991,0.97999,2.30,0.98
2010.10.12 03:24:30.317,0.97989,0.97995,1.20,1.10
2010.10.12 03:24:30.377,0.97988,0.97995,1.50,0.81
2010.10.12 03:24:30.482,0.9799,0.97995,1.60,1.50
2010.10.12 03:24:30.568,0.97992,0.97999,0.57,0.46
2010.10.12 03:24:30.695,0.97991,0.97999,1.20,0.74
2010.10.12 03:24:30.816,0.97988,0.97999,1.30,0.88
2010.10.12 03:24:30.894,0.9799,0.97999,0.73,2.70
2010.10.12 03:24:30.933,0.97991,0.98004,0.70,0.98
2010.10.12 03:24:31.145,0.97994,0.98004,1.20,1.20
2010.10.12 03:24:31.801,0.97995,0.98005,2.00,1.20
2010.10.12 03:24:35.134,0.97992,0.98004,1.20,1.90
2010.10.12 03:24:35.843,0.97994,0.98004,1.20,1.60
2010.10.12 03:24:36.863,0.97995,0.98006,0.88,1.00
2010.10.12 03:24:37.328,0.97996,0.98007,1.40,1.40
2010.10.12 03:24:37.536,0.97997,0.98009,1.70,3.60
2010.10.12 03:24:37.851,0.97998,0.98012,3.40,1.00
2010.10.12 03:24:38.146,0.97999,0.98013,1.30,0.50
2010.10.12 03:24:38.526,0.97998,0.98012,1.20,1.60
2010.10.12 03:24:41.155,0.98,0.98013,0.84,1.10
2010.10.12 03:24:41.346,0.98001,0.98013,0.76,3.50
2010.10.12 03:24:41.748,0.98,0.98011,1.30,0.66
2010.10.12 03:24:41.826,0.97998,0.98012,1.50,1.50
2010.10.12 03:24:44.885,0.98,0.98012,1.40,1.20
2010.10.12 03:24:46.878,0.97998,0.98011,1.20,1.70
2010.10.12 03:24:47.427,0.97996,0.98008,1.10,2.50
2010.10.12 03:24:47.757,0.97999,0.98011,0.71,1.50
2010.10.12 03:24:48.679,0.97996,0.9801,0.88,1.20
2010.10.12 03:24:50.531,0.97997,0.9801,1.50,1.20
2010.10.12 03:24:56.002,0.97996,0.9801,2.00,0.92
2010.10.12 03:24:56.674,0.97997,0.9801,1.20,2.40
2010.10.12 03:24:59.023,0.97996,0.9801,2.00,0.91
2010.10.12 03:25:01.791,0.97998,0.9801,3.00,2.80
2010.10.12 03:25:02.933,0.97996,0.9801,1.50,0.83
2010.10.12 03:25:04.485,0.97998,0.9801,1.10,0.64
2010.10.12 03:25:06.397,0.97996,0.9801,1.30,1.50
2010.10.12 03:25:06.902,0.97997,0.9801,2.00,1.20
2010.10.12 03:25:07.152,0.97996,0.9801,1.40,0.65
2010.10.12 03:25:24.083,0.97995,0.98004,1.50,0.68
2010.10.12 03:25:24.273,0.97994,0.98004,1.40,0.84
2010.10.12 03:25:24.350,0.97992,0.98003,0.82,1.30
2010.10.12 03:25:24.650,0.97991,0.97999,1.30,1.50
2010.10.12 03:25:24.731,0.97988,0.97999,0.77,1.90
2010.10.12 03:25:24.885,0.97985,0.97997,1.50,0.91
2010.10.12 03:25:25.087,0.97983,0.97994,1.00,0.86
2010.10.12 03:25:25.340,0.97982,0.97993,1.50,1.00
2010.10.12 03:25:25.601,0.97981,0.97992,1.30,0.91
2010.10.12 03:25:25.800,0.97978,0.9799,1.90,2.70
2010.10.12 03:25:28.077,0.9798,0.9799,1.50,1.50
2010.10.12 03:25:28.445,0.97981,0.97993,1.40,1.10
2010.10.12 03:25:28.749,0.97982,0.97996,0.71,1.10
2010.10.12 03:25:30.324,0.97986,0.97995,1.20,0.88
2010.10.12 03:25:30.618,0.97987,0.97997,1.50,1.00
2010.10.12 03:25:31.185,0.97991,0.97999,1.70,0.88
2010.10.12 03:25:36.136,0.9799,0.98003,1.10,1.00
2010.10.12 03:25:36.628,0.97989,0.98002,1.10,1.30
2010.10.12 03:25:36.895,0.97988,0.98002,0.89,1.60
2010.10.12 03:25:37.738,0.97987,0.98,1.00,1.80
2010.10.12 03:25:38.013,0.97986,0.97995,1.70,1.10
2010.10.12 03:25:38.451,0.97983,0.97994,1.00,1.40
2010.10.12 03:25:38.695,0.97981,0.97993,1.50,1.40
2010.10.12 03:25:38.844,0.9798,0.97992,0.67,1.40
2010.10.12 03:26:02.492,0.97982,0.97995,1.50,1.70
2010.10.12 03:26:02.787,0.97981,0.97995,2.20,0.71
2010.10.12 03:26:03.151,0.9798,0.97994,1.40,0.86
2010.10.12 03:26:13.157,0.97978,0.9799,1.30,0.89
2010.10.12 03:26:13.498,0.97977,0.97985,1.10,1.10
2010.10.12 03:26:13.805,0.97976,0.97985,1.40,1.20
2010.10.12 03:26:15.963,0.97975,0.97985,2.60,1.00
2010.10.12 03:26:26.411,0.97973,0.97984,1.30,0.82
2010.10.12 03:26:27.435,0.9797,0.97983,1.30,0.72
2010.10.12 03:26:31.075,0.97971,0.97984,1.80,0.64
2010.10.12 03:26:31.175,0.97972,0.97985,1.80,1.80
2010.10.12 03:26:31.265,0.97974,0.97985,1.10,1.60
2010.10.12 03:26:31.444,0.97976,0.97985,1.10,0.78
2010.10.12 03:26:31.544,0.97977,0.97989,1.10,0.90
2010.10.12 03:26:31.702,0.97978,0.97989,1.30,1.50
2010.10.12 03:26:31.792,0.9798,0.9799,0.64,0.89
2010.10.12 03:26:31.972,0.97977,0.97989,1.10,1.50
2010.10.12 03:26:32.360,0.97978,0.9799,0.76,0.96
2010.10.12 03:26:32.762,0.9798,0.97992,0.74,2.10
2010.10.12 03:26:40.905,0.97978,0.9799,1.20,0.90
2010.10.12 03:26:41.282,0.97977,0.97988,1.00,1.40
2010.10.12 03:26:41.963,0.97974,0.97985,1.00,1.00
2010.10.12 03:26:42.392,0.97973,0.97984,1.80,0.96
2010.10.12 03:26:42.505,0.97972,0.97984,0.62,0.79
2010.10.12 03:26:44.342,0.97973,0.97985,0.64,4.30
2010.10.12 03:26:44.722,0.97972,0.97985,0.84,1.10
2010.10.12 03:26:58.336,0.97974,0.97984,1.00,0.58
2010.10.12 03:26:58.667,0.97975,0.97985,2.20,0.66
2010.10.12 03:27:00.046,0.97977,0.97985,1.80,1.40
2010.10.12 03:27:00.789,0.9798,0.9799,1.10,1.60
2010.10.12 03:27:01.193,0.97981,0.9799,0.91,2.00
2010.10.12 03:27:01.908,0.9798,0.9799,1.20,1.90
2010.10.12 03:27:02.159,0.97981,0.9799,0.68,2.20
2010.10.12 03:27:02.585,0.9798,0.9799,1.10,1.50
2010.10.12 03:27:02.941,0.97981,0.9799,1.20,0.94
2010.10.12 03:27:06.071,0.97982,0.9799,1.20,1.10
2010.10.12 03:27:08.354,0.97986,0.9799,0.75,1.90
2010.10.12 03:27:08.680,0.97987,0.97996,1.80,2.30
2010.10.12 03:27:09.217,0.97988,0.97995,1.50,0.71
2010.10.12 03:27:09.522,0.97987,0.97995,1.40,1.30
2010.10.12 03:27:11.305,0.97988,0.97997,0.70,2.50
2010.10.12 03:27:11.822,0.97991,0.98,0.81,1.20
2010.10.12 03:27:12.240,0.97995,0.98005,1.00,1.10
2010.10.12 03:27:12.456,0.97993,0.98005,1.60,1.50
2010.10.12 03:27:12.901,0.97994,0.98006,0.78,1.40
2010.10.12 03:27:13.417,0.97992,0.98004,1.00,1.90
2010.10.12 03:27:16.874,0.97994,0.98004,1.50,0.96
2010.10.12 03:27:26.613,0.97992,0.98004,0.98,1.20
2010.10.12 03:27:27.962,0.97994,0.98004,1.60,0.83
2010.10.12 03:27:50.713,0.97992,0.98003,0.78,1.10
2010.10.12 03:27:51.141,0.9799,0.97999,2.90,1.90
2010.10.12 03:27:51.477,0.97983,0.97997,1.60,1.20
2010.10.12 03:27:51.594,0.97982,0.97994,0.79,0.78
2010.10.12 03:27:51.877,0.97981,0.97994,1.40,3.40
2010.10.12 03:27:52.129,0.9798,0.97993,2.80,1.00
2010.10.12 03:27:52.269,0.97979,0.97991,1.10,1.30
2010.10.12 03:27:52.411,0.97978,0.97992,1.20,1.10
2010.10.12 03:27:52.508,0.97979,0.97993,1.40,2.30
2010.10.12 03:27:52.820,0.9798,0.97993,0.89,0.81
2010.10.12 03:27:52.866,0.97981,0.97993,1.30,1.00
2010.10.12 03:27:53.101,0.97982,0.97996,1.00,1.20
2010.10.12 03:27:53.933,0.97983,0.97997,0.86,3.00
2010.10.12 03:27:59.677,0.97982,0.97996,0.42,1.30
2010.10.12 03:28:00.119,0.97983,0.97997,1.60,1.30
2010.10.12 03:28:00.188,0.97981,0.97995,1.60,1.00
2010.10.12 03:28:00.294,0.9798,0.97992,1.30,1.70
2010.10.12 03:28:00.467,0.97979,0.97991,1.60,1.20
2010.10.12 03:28:00.614,0.97983,0.97993,0.73,1.10
2010.10.12 03:28:00.747,0.97979,0.97991,0.66,0.82
2010.10.12 03:28:00.857,0.97977,0.9799,1.20,1.60
2010.10.12 03:28:00.963,0.97979,0.97989,0.67,1.40
2010.10.12 03:28:01.363,0.97975,0.97989,1.40,1.00
2010.10.12 03:28:09.327,0.97976,0.97989,1.30,0.83
2010.10.12 03:28:09.462,0.97978,0.97989,1.10,1.20
2010.10.12 03:28:09.787,0.97982,0.97993,1.50,1.20
2010.10.12 03:28:10.008,0.97981,0.97994,1.10,1.20
2010.10.12 03:28:10.665,0.97982,0.97993,0.66,2.80
2010.10.12 03:28:10.753,0.97981,0.97993,1.00,1.50
2010.10.12 03:28:11.081,0.97983,0.97995,1.50,2.20
2010.10.12 03:28:11.593,0.97982,0.97996,1.00,1.50
2010.10.12 03:28:16.030,0.97981,0.97995,1.70,1.30
2010.10.12 03:28:18.461,0.97982,0.97995,1.20,1.00
2010.10.12 03:28:24.223,0.9798,0.97993,0.93,1.20
2010.10.12 03:28:24.899,0.97979,0.97993,0.89,1.60
2010.10.12 03:28:36.031,0.97981,0.97995,0.83,1.30
2010.10.12 03:28:37.198,0.9798,0.97993,0.80,1.50
2010.10.12 03:28:37.386,0.97979,0.97993,1.30,1.90
2010.10.12 03:28:37.688,0.9798,0.97994,2.50,0.78
2010.10.12 03:28:37.885,0.97981,0.97994,1.70,1.40
2010.10.12 03:28:38.102,0.9798,0.97994,1.90,1.10
2010.10.12 03:28:38.775,0.97981,0.97994,2.60,1.20
2010.10.12 03:28:45.775,0.97982,0.97996,1.30,0.96
2010.10.12 03:28:51.640,0.97981,0.97995,0.64,2.90
2010.10.12 03:28:52.205,0.97982,0.97996,0.87,0.76
2010.10.12 03:28:52.472,0.97983,0.97996,0.97,1.20
2010.10.12 03:28:52.697,0.97982,0.97996,1.20,0.80
2010.10.12 03:29:02.194,0.97983,0.97996,2.10,0.84
2010.10.12 03:29:04.043,0.97981,0.97995,0.82,1.40
2010.10.12 03:29:04.285,0.97983,0.97995,0.71,0.84
2010.10.12 03:29:04.584,0.97981,0.97995,1.00,3.10
2010.10.12 03:29:04.625,0.97984,0.97997,1.80,1.60
2010.10.12 03:29:04.849,0.97986,0.97998,1.60,1.00
2010.10.12 03:29:05.974,0.97987,0.97999,1.00,0.93
2010.10.12 03:29:07.300,0.97985,0.97999,0.69,1.60
2010.10.12 03:29:07.562,0.97984,0.97998,2.00,1.70
2010.10.12 03:29:08.895,0.97985,0.97999,0.61,0.94
2010.10.12 03:29:09.231,0.97986,0.97999,2.40,2.20
2010.10.12 03:29:09.730,0.97987,0.97999,2.80,1.30
2010.10.12 03:29:11.240,0.97988,0.98002,1.50,0.77
2010.10.12 03:29:11.873,0.9799,0.98001,1.60,0.77
2010.10.12 03:29:13.001,0.97991,0.98002,2.60,1.10
2010.10.12 03:29:13.241,0.97994,0.98004,1.40,1.30
2010.10.12 03:29:13.368,0.97995,0.98004,1.40,1.80
2010.10.12 03:29:13.541,0.97997,0.98006,1.20,1.30
2010.10.12 03:29:13.689,0.98,0.98008,0.97,1.60
2010.10.12 03:29:13.799,0.98002,0.98008,1.30,3.30
2010.10.12 03:29:13.927,0.98003,0.98011,1.00,0.98
2010.10.12 03:29:14.207,0.98007,0.98016,1.50,1.10
2010.10.12 03:29:14.491,0.98008,0.98016,1.30,0.45
2010.10.12 03:29:14.679,0.98011,0.98022,1.30,1.70
2010.10.12 03:29:14.947,0.98013,0.98024,1.20,1.90
2010.10.12 03:29:15.897,0.98014,0.98026,1.40,2.40
2010.10.12 03:29:16.789,0.98013,0.98027,0.85,1.30
2010.10.12 03:29:18.444,0.98017,0.98028,1.40,1.50
2010.10.12 03:29:18.626,0.98016,0.98029,1.60,0.67
2010.10.12 03:29:19.444,0.98021,0.98031,1.20,1.40
2010.10.12 03:29:19.909,0.98022,0.98031,1.30,1.70
2010.10.12 03:29:20.092,0.98015,0.98027,1.00,1.00
2010.10.12 03:29:20.228,0.98014,0.98025,1.50,1.10
2010.10.12 03:29:20.324,0.98013,0.98025,0.73,1.20
2010.10.12 03:29:20.535,0.98011,0.98024,1.80,1.50
2010.10.12 03:29:20.709,0.9801,0.98014,2.10,0.90
2010.10.12 03:29:20.841,0.98008,0.98014,0.75,1.10
2010.10.12 03:29:20.971,0.98005,0.98014,1.00,0.94
2010.10.12 03:29:21.197,0.98006,0.98014,0.80,1.00
2010.10.12 03:29:21.358,0.98007,0.98014,0.51,1.30
2010.10.12 03:29:21.571,0.98008,0.98019,0.46,1.90
2010.10.12 03:29:21.644,0.98007,0.98018,0.85,0.83
2010.10.12 03:29:21.970,0.98004,0.98016,1.40,2.00
2010.10.12 03:29:22.617,0.98001,0.98014,0.95,1.30
2010.10.12 03:29:23.218,0.98,0.98012,2.60,0.82
2010.10.12 03:29:23.624,0.98001,0.98012,0.94,0.75
2010.10.12 03:29:24.588,0.98003,0.98014,1.80,2.10
2010.10.12 03:29:25.041,0.98001,0.98013,1.40,0.94
2010.10.12 03:29:25.197,0.98003,0.98014,1.30,1.50
2010.10.12 03:29:25.276,0.98001,0.98013,1.20,1.10
2010.10.12 03:29:25.394,0.98004,0.98013,0.67,1.70
2010.10.12 03:29:25.450,0.98006,0.98016,1.10,0.91
2010.10.12 03:29:25.579,0.98007,0.98018,1.40,3.50
2010.10.12 03:29:25.694,0.98006,0.98014,1.40,0.76
2010.10.12 03:29:25.809,0.98005,0.98014,3.30,1.30
2010.10.12 03:29:25.889,0.97999,0.98013,1.50,2.80
2010.10.12 03:29:26.202,0.98001,0.98013,0.64,0.59
2010.10.12 03:29:26.886,0.98003,0.98014,1.30,0.79
2010.10.12 03:29:30.168,0.98,0.98013,1.40,0.77
2010.10.12 03:29:31.351,0.97997,0.98011,1.20,0.59
2010.10.12 03:29:31.743,0.97996,0.98009,1.10,1.80
2010.10.12 03:29:51.333,0.97995,0.98007,1.90,0.99
2010.10.12 03:29:56.688,0.97994,0.98005,1.20,0.63
2010.10.12 03:30:03.644,0.97995,0.98006,1.30,1.10
2010.10.12 03:30:06.030,0.97994,0.98006,0.81,0.98
2010.10.12 03:30:12.213,0.97995,0.98006,2.30,0.36
2010.10.12 03:30:15.405,0.97997,0.98007,0.70,0.59
2010.10.12 03:30:15.682,0.97995,0.98006,0.46,1.40
2010.10.12 03:30:35.097,0.97997,0.98006,1.20,2.50
2010.10.12 03:30:35.202,0.97998,0.9801,1.90,1.20
2010.10.12 03:30:35.571,0.98002,0.9801,1.20,1.40
2010.10.12 03:30:35.652,0.98003,0.98014,0.96,0.81
2010.10.12 03:30:35.859,0.98005,0.98015,1.10,1.70
2010.10.12 03:30:37.100,0.98004,0.98016,2.00,1.20
2010.10.12 03:30:37.752,0.98002,0.98015,0.79,1.10
2010.10.12 03:30:49.402,0.98,0.98011,1.30,0.67
2010.10.12 03:30:49.557,0.97998,0.9801,0.76,0.78
2010.10.12 03:30:50.981,0.97999,0.9801,1.50,0.79
2010.10.12 03:30:51.023,0.97997,0.98008,0.93,1.80
2010.10.12 03:30:51.610,0.97995,0.98006,1.50,1.80
2010.10.12 03:30:51.847,0.97997,0.98006,1.20,0.91
2010.10.12 03:30:52.063,0.97996,0.98007,1.10,1.10
2010.10.12 03:30:52.271,0.98002,0.98007,1.40,1.60
2010.10.12 03:30:52.402,0.98,0.98012,1.50,0.70
2010.10.12 03:30:52.606,0.97997,0.98009,1.20,1.00
2010.10.12 03:30:52.727,0.98,0.9801,1.40,0.89
2010.10.12 03:30:52.914,0.98002,0.9801,1.50,1.10
2010.10.12 03:31:01.183,0.98001,0.98011,0.98,1.80
2010.10.12 03:31:01.256,0.98,0.9801,1.40,3.00
2010.10.12 03:31:01.536,0.97999,0.9801,1.10,0.49
2010.10.12 03:31:01.765,0.97997,0.98009,1.10,1.20
2010.10.12 03:31:01.838,0.98002,0.98009,1.00,1.60
2010.10.12 03:31:07.182,0.98,0.98012,1.10,1.30
2010.10.12 03:31:07.458,0.97998,0.9801,1.20,1.50
2010.10.12 03:31:07.744,0.97997,0.98009,1.10,1.30
2010.10.12 03:31:07.761,0.98002,0.98009,1.30,0.89
2010.10.12 03:31:19.008,0.98005,0.98014,1.30,1.20
2010.10.12 03:31:20.005,0.98008,0.98019,2.20,1.90
2010.10.12 03:31:20.498,0.98009,0.98022,1.10,0.75
2010.10.12 03:31:20.719,0.98012,0.98022,0.77,1.30
2010.10.12 03:31:20.967,0.98013,0.98027,1.40,0.65
2010.10.12 03:31:21.764,0.98015,0.98028,0.86,1.60
2010.10.12 03:31:24.189,0.98013,0.98027,2.10,1.10
2010.10.12 03:31:24.358,0.98012,0.98025,1.40,1.30
2010.10.12 03:31:24.614,0.98013,0.98027,1.90,2.20
2010.10.12 03:31:24.966,0.98012,0.98026,0.86,1.50
2010.10.12 03:31:25.065,0.98013,0.98024,1.00,0.98
2010.10.12 03:31:25.642,0.98012,0.98025,2.50,1.40
2010.10.12 03:31:25.669,0.9801,0.98024,1.40,1.50
2010.10.12 03:31:26.140,0.98015,0.98024,1.30,2.30
2010.10.12 03:31:26.170,0.98017,0.98024,0.88,1.60
2010.10.12 03:31:26.325,0.98015,0.98018,1.00,2.80
2010.10.12 03:31:26.536,0.98012,0.98018,1.30,1.10
2010.10.12 03:31:26.676,0.98009,0.98018,0.90,1.00
2010.10.12 03:31:26.846,0.98012,0.9802,0.98,0.94
2010.10.12 03:31:26.860,0.9801,0.98023,1.50,1.90
2010.10.12 03:31:27.586,0.98009,0.98023,0.62,1.30
2010.10.12 03:31:29.087,0.98011,0.98023,1.30,0.88
2010.10.12 03:31:29.146,0.98012,0.98024,1.20,1.00
2010.10.12 03:31:29.251,0.98017,0.98024,1.40,1.80
2010.10.12 03:31:29.344,0.98015,0.98018,0.96,1.00
2010.10.12 03:31:29.453,0.98012,0.98018,1.10,0.93
2010.10.12 03:31:29.607,0.98009,0.98018,1.60,1.20
2010.10.12 03:31:29.717,0.98008,0.98017,0.91,1.40
2010.10.12 03:31:29.809,0.98007,0.98017,1.00,1.20
2010.10.12 03:31:29.930,0.98006,0.98016,0.80,2.50
2010.10.12 03:31:30.464,0.98005,0.98016,2.00,0.61
2010.10.12 03:31:30.891,0.98004,0.98015,0.74,1.70
2010.10.12 03:31:31.822,0.98005,0.98017,1.10,0.91
2010.10.12 03:31:32.542,0.98004,0.98016,1.90,1.50
2010.10.12 03:31:33.078,0.98006,0.98016,1.00,1.90
2010.10.12 03:31:33.349,0.98007,0.98018,1.60,1.10
2010.10.12 03:31:33.598,0.9801,0.9802,1.80,3.00
2010.10.12 03:31:33.920,0.98012,0.98022,1.00,1.10
2010.10.12 03:31:36.040,0.98018,0.98026,1.60,2.20
2010.10.12 03:31:36.654,0.98021,0.98033,1.70,1.40
2010.10.12 03:31:37.017,0.98017,0.98028,1.00,1.20
2010.10.12 03:31:37.324,0.98015,0.98028,1.10,1.20
2010.10.12 03:31:37.425,0.98014,0.98028,1.90,0.68
2010.10.12 03:31:37.624,0.98013,0.98027,1.50,2.20
2010.10.12 03:31:37.741,0.98015,0.98027,1.80,1.00
2010.10.12 03:31:37.996,0.9802,0.98029,0.90,1.30
2010.10.12 03:31:38.203,0.98018,0.98032,1.10,0.94
2010.10.12 03:31:40.022,0.98017,0.98028,1.30,1.50
2010.10.12 03:31:40.232,0.98023,0.98028,1.40,2.20
2010.10.12 03:31:40.391,0.98027,0.98031,0.84,1.50
2010.10.12 03:31:40.558,0.98025,0.98031,1.30,0.86
2010.10.12 03:31:40.758,0.98024,0.98031,1.30,2.40
2010.10.12 03:31:40.987,0.98026,0.98031,0.90,1.60
2010.10.12 03:31:41.141,0.98025,0.98036,0.51,0.78
2010.10.12 03:31:41.474,0.98024,0.98035,0.96,1.90
2010.10.12 03:31:41.556,0.98021,0.98033,1.70,0.73
2010.10.12 03:31:41.947,0.98022,0.98034,2.00,0.84
2010.10.12 03:31:43.496,0.9802,0.98032,1.20,0.93
2010.10.12 03:31:43.583,0.98019,0.98028,1.80,1.30
2010.10.12 03:31:45.085,0.98023,0.98028,1.70,1.70
2010.10.12 03:31:45.293,0.98027,0.9803,1.00,0.61
2010.10.12 03:31:45.414,0.98026,0.98033,0.72,1.50
2010.10.12 03:31:45.582,0.98025,0.98033,1.50,0.69
2010.10.12 03:31:45.689,0.98019,0.98033,1.90,1.30
2010.10.12 03:31:45.922,0.9802,0.98033,1.80,1.50
2010.10.12 03:31:46.207,0.98021,0.98033,1.90,0.71
2010.10.12 03:31:47.178,0.98023,0.98034,0.92,0.96
2010.10.12 03:31:47.399,0.9802,0.98032,0.98,2.00
2010.10.12 03:31:47.995,0.98018,0.9803,0.95,1.90
2010.10.12 03:31:48.237,0.98016,0.98028,1.20,2.00
2010.10.12 03:31:48.399,0.98017,0.98028,0.99,1.40
2010.10.12 03:31:48.732,0.98016,0.98028,1.20,1.60
2010.10.12 03:31:48.875,0.98013,0.98028,1.30,1.10
2010.10.12 03:31:49.765,0.98012,0.98024,1.00,1.40
2010.10.12 03:31:56.003,0.98011,0.98023,1.60,1.60
2010.10.12 03:31:56.315,0.9801,0.98022,1.40,2.80
2010.10.12 03:31:56.424,0.98007,0.98021,1.40,1.60
2010.10.12 03:31:56.554,0.9801,0.98022,1.50,1.10
2010.10.12 03:31:56.774,0.98011,0.98023,1.90,1.70
2010.10.12 03:31:56.834,0.98012,0.98023,1.10,1.00
2010.10.12 03:32:14.487,0.98008,0.98023,0.72,1.20
2010.10.12 03:32:14.654,0.98007,0.98023,2.70,1.10
2010.10.12 03:32:15.354,0.98006,0.98018,2.10,0.98
2010.10.12 03:32:18.314,0.98002,0.98016,2.20,1.70
2010.10.12 03:32:20.159,0.98003,0.98017,0.87,1.90
2010.10.12 03:32:22.359,0.98002,0.98016,1.50,1.90
2010.10.12 03:32:22.697,0.98003,0.98018,0.83,1.00
2010.10.12 03:32:28.401,0.98004,0.98018,2.20,1.70
2010.10.12 03:32:29.090,0.98005,0.98018,1.90,1.60
2010.10.12 03:32:29.276,0.98004,0.98018,1.60,2.00
2010.10.12 03:32:29.525,0.98005,0.98019,1.10,1.60
2010.10.12 03:32:29.777,0.98009,0.98019,1.50,1.50
2010.10.12 03:32:30.089,0.9801,0.98021,1.90,0.69
2010.10.12 03:32:31.287,0.98011,0.98024,2.10,1.40
2010.10.12 03:32:31.335,0.98013,0.98024,1.30,1.60
2010.10.12 03:32:31.792,0.98012,0.98024,2.00,1.70
2010.10.12 03:32:40.419,0.98015,0.98027,0.83,2.10
2010.10.12 03:32:52.176,0.98016,0.98028,1.10,0.96
2010.10.12 03:32:52.871,0.98015,0.98028,1.60,1.20
2010.10.12 03:32:55.283,0.98016,0.98028,2.00,1.00
2010.10.12 03:33:00.284,0.98015,0.98028,1.30,1.20
2010.10.12 03:33:08.184,0.98014,0.98028,1.20,0.74
2010.10.12 03:33:08.682,0.98015,0.98028,1.30,2.60
2010.10.12 03:33:17.422,0.98014,0.98028,0.83,0.74
2010.10.12 03:33:25.585,0.98013,0.98027,2.00,1.30
2010.10.12 03:33:31.755,0.98014,0.98028,0.98,1.50
2010.10.12 03:33:53.190,0.98013,0.98027,0.91,1.30
2010.10.12 03:33:53.446,0.98015,0.98023,1.20,1.00
2010.10.12 03:33:53.744,0.98016,0.98024,1.00,0.74
2010.10.12 03:33:53.763,0.98014,0.98026,0.74,0.83
2010.10.12 03:33:54.192,0.98012,0.98025,1.50,1.70
2010.10.12 03:33:54.768,0.98017,0.98026,0.96,1.20
2010.10.12 03:34:08.147,0.98015,0.98026,1.90,2.00
2010.10.12 03:34:10.140,0.9801,0.98023,0.88,2.50
2010.10.12 03:34:10.387,0.98012,0.98023,1.00,0.85
2010.10.12 03:34:10.558,0.98011,0.98023,1.90,1.20
2010.10.12 03:34:10.961,0.98012,0.98023,0.72,2.70
2010.10.12 03:34:12.077,0.9801,0.98018,0.82,1.60
2010.10.12 03:34:12.137,0.98008,0.98018,1.70,0.74
2010.10.12 03:34:12.258,0.98007,0.98018,1.00,1.70
2010.10.12 03:34:12.371,0.98008,0.98021,0.77,0.62
2010.10.12 03:34:12.491,0.98011,0.98023,1.10,0.81
2010.10.12 03:34:12.582,0.9801,0.98018,0.88,1.20
2010.10.12 03:34:12.704,0.98008,0.98018,1.30,1.70
2010.10.12 03:34:12.886,0.98006,0.98018,1.50,0.79
2010.10.12 03:34:12.959,0.98008,0.98018,1.10,1.30
2010.10.12 03:34:13.111,0.98012,0.98022,0.93,1.30
2010.10.12 03:34:13.143,0.98011,0.98023,1.50,1.70
2010.10.12 03:34:13.424,0.98016,0.98023,0.34,0.67
2010.10.12 03:34:13.470,0.98017,0.98023,0.94,1.40
2010.10.12 03:34:13.602,0.9802,0.98029,0.60,1.20
2010.10.12 03:34:13.775,0.98021,0.98028,1.20,2.70
2010.10.12 03:34:13.885,0.9802,0.98028,1.10,0.65
2010.10.12 03:34:14.469,0.98018,0.98028,0.64,3.10
2010.10.12 03:34:14.821,0.98017,0.98028,1.90,2.10
2010.10.12 03:34:16.193,0.98016,0.98028,1.20,0.66
2010.10.12 03:34:16.403,0.98017,0.98028,1.90,0.97
2010.10.12 03:34:16.881,0.98016,0.98028,0.80,2.50
2010.10.12 03:34:21.132,0.98017,0.98028,1.00,2.30
2010.10.12 03:34:22.005,0.98016,0.98027,0.96,1.70
2010.10.12 03:34:26.031,0.98017,0.98027,1.10,1.20
2010.10.12 03:34:27.896,0.98016,0.98027,1.20,1.20
2010.10.12 03:34:28.037,0.98013,0.98013,1.50,1.50
2010.10.12 03:34:28.163,0.98012,0.98013,0.87,0.73
2010.10.12 03:34:28.232,0.9801,0.98013,1.10,1.30
2010.10.12 03:34:28.261,0.98007,0.98013,0.92,1.50
2010.10.12 03:34:28.369,0.98004,0.98013,1.20,1.30
2010.10.12 03:34:28.454,0.98006,0.98013,1.90,1.00
2010.10.12 03:34:28.520,0.98007,0.98016,2.10,1.00
2010.10.12 03:34:28.651,0.98008,0.98023,1.00,4.20
2010.10.12 03:34:28.722,0.98012,0.98023,1.20,1.50
2010.10.12 03:34:28.795,0.98015,0.98024,1.70,0.83
2010.10.12 03:34:28.875,0.98017,0.98027,1.20,0.71
2010.10.12 03:34:28.939,0.98015,0.98027,0.74,0.94
2010.10.12 03:34:29.271,0.98017,0.98027,1.20,0.81
2010.10.12 03:34:29.942,0.98015,0.98027,2.20,1.80
2010.10.12 03:34:31.647,0.98017,0.98027,0.67,2.60
2010.10.12 03:34:39.842,0.98013,0.98025,1.10,1.60
2010.10.12 03:34:40.172,0.98016,0.98026,1.50,2.40
2010.10.12 03:34:40.324,0.98012,0.98025,1.40,1.30
2010.10.12 03:34:40.648,0.98016,0.98026,1.50,1.20
2010.10.12 03:34:40.999,0.98012,0.98026,0.86,0.52
2010.10.12 03:34:41.703,0.98015,0.98027,0.84,0.60
2010.10.12 03:34:49.289,0.98017,0.98027,1.30,2.10
2010.10.12 03:34:52.620,0.98015,0.98027,1.60,0.76
2010.10.12 03:34:57.527,0.98013,0.98027,1.30,1.80
2010.10.12 03:35:00.963,0.98012,0.98026,0.87,1.10
2010.10.12 03:35:06.337,0.98013,0.98027,1.10,1.40
2010.10.12 03:35:07.878,0.98012,0.98025,1.70,0.86
2010.10.12 03:35:39.336,0.98013,0.98029,1.10,1.30
2010.10.12 03:35:39.642,0.98014,0.98029,2.70,1.60
2010.10.12 03:35:40.012,0.98015,0.98029,2.30,1.40
2010.10.12 03:35:40.682,0.98016,0.98031,1.00,2.00
2010.10.12 03:35:42.084,0.98017,0.98032,1.10,0.73
2010.10.12 03:35:42.144,0.98019,0.98033,0.95,2.70
2010.10.12 03:35:42.338,0.98022,0.98034,0.84,1.00
2010.10.12 03:35:42.447,0.98024,0.98034,0.59,1.60
2010.10.12 03:35:42.579,0.98025,0.98036,1.20,1.60
2010.10.12 03:35:42.748,0.98028,0.98036,1.40,1.40
2010.10.12 03:35:42.836,0.98029,0.98037,2.20,1.60
2010.10.12 03:35:42.911,0.98031,0.98041,1.50,1.60
2010.10.12 03:35:44.028,0.98028,0.98033,1.40,0.94
2010.10.12 03:35:44.211,0.98025,0.98033,1.20,1.20
2010.10.12 03:35:44.353,0.98024,0.98033,0.80,2.40
2010.10.12 03:35:44.473,0.98027,0.98036,1.80,1.10
2010.10.12 03:35:44.705,0.98028,0.98036,0.68,2.40
2010.10.12 03:35:44.817,0.98029,0.98043,0.62,1.10
2010.10.12 03:35:44.986,0.98032,0.98044,1.60,1.10
2010.10.12 03:35:45.322,0.98033,0.98044,0.89,1.60
2010.10.12 03:35:45.527,0.98031,0.98046,0.94,1.20
2010.10.12 03:35:45.696,0.9803,0.98046,1.50,0.83
2010.10.12 03:35:46.139,0.98029,0.98046,1.40,0.61
2010.10.12 03:35:46.257,0.98031,0.98046,0.63,1.40
2010.10.12 03:35:46.391,0.98029,0.98041,1.30,1.00
2010.10.12 03:35:46.536,0.98028,0.98037,0.86,1.50
2010.10.12 03:35:46.742,0.98025,0.98037,1.40,1.20
2010.10.12 03:35:46.900,0.98024,0.98033,2.10,1.30
2010.10.12 03:35:47.002,0.98026,0.98033,0.87,1.70
2010.10.12 03:35:47.152,0.98027,0.98036,1.20,0.80
2010.10.12 03:35:47.262,0.98028,0.98036,1.10,0.66
2010.10.12 03:35:47.355,0.98029,0.98036,2.00,2.30
2010.10.12 03:35:47.364,0.98031,0.98039,0.53,0.95
2010.10.12 03:35:47.503,0.98032,0.98039,1.60,1.10
2010.10.12 03:35:47.633,0.98031,0.98039,1.70,1.70
2010.10.12 03:35:47.710,0.9803,0.98039,1.30,1.10
2010.10.12 03:35:47.798,0.98029,0.98039,1.60,1.70
2010.10.12 03:35:47.882,0.98031,0.98039,0.63,2.50
2010.10.12 03:35:47.955,0.98032,0.98039,1.10,0.80
2010.10.12 03:35:51.589,0.98033,0.98047,1.40,1.00
2010.10.12 03:35:52.019,0.98032,0.98042,0.84,2.40
2010.10.12 03:35:52.130,0.98031,0.98042,0.74,1.80
2010.10.12 03:35:52.298,0.9803,0.98042,1.10,1.20
2010.10.12 03:35:52.378,0.98029,0.98042,1.20,2.10
2010.10.12 03:35:52.481,0.98031,0.98038,1.80,0.72
2010.10.12 03:35:52.545,0.98028,0.98038,1.50,1.60
2010.10.12 03:35:52.653,0.98027,0.98038,1.10,1.90
2010.10.12 03:35:52.730,0.98026,0.98038,1.50,1.30
2010.10.12 03:35:52.892,0.98022,0.98038,0.93,0.88
2010.10.12 03:35:52.995,0.98025,0.98036,1.30,1.20
2010.10.12 03:35:53.184,0.98021,0.98036,1.80,1.10
2010.10.12 03:35:53.301,0.98022,0.98036,0.94,1.30
2010.10.12 03:35:53.658,0.98025,0.98037,1.10,1.80
2010.10.12 03:35:53.768,0.98022,0.98037,1.80,1.70
2010.10.12 03:35:56.144,0.98021,0.98033,1.60,2.00
2010.10.12 03:35:56.395,0.9802,0.98033,0.51,1.50
2010.10.12 03:35:56.613,0.98018,0.98033,0.79,0.84
2010.10.12 03:35:56.752,0.98017,0.98028,1.60,1.60
2010.10.12 03:36:00.919,0.98021,0.98031,1.30,0.96
2010.10.12 03:36:03.044,0.98026,0.98034,1.10,1.50
2010.10.12 03:36:03.559,0.98022,0.98037,1.80,0.76
2010.10.12 03:36:03.781,0.98021,0.98034,2.20,1.40
2010.10.12 03:36:05.297,0.9802,0.98031,0.78,1.70
2010.10.12 03:36:05.337,0.98018,0.98031,1.00,2.10
2010.10.12 03:36:05.967,0.98016,0.98031,1.20,1.20
2010.10.12 03:36:07.171,0.98017,0.98031,1.50,1.20
2010.10.12 03:36:07.417,0.98018,0.98033,0.98,1.60
2010.10.12 03:36:07.714,0.98019,0.98033,1.40,1.40
2010.10.12 03:36:07.944,0.98016,0.98033,0.79,0.84
2010.10.12 03:36:08.232,0.98018,0.98033,1.80,1.60
2010.10.12 03:36:08.552,0.98022,0.98033,1.00,2.30
2010.10.12 03:36:08.828,0.98025,0.98035,1.60,1.10
2010.10.12 03:36:14.211,0.98022,0.98037,1.50,1.50
2010.10.12 03:36:14.432,0.9802,0.98033,1.80,0.70
2010.10.12 03:36:14.906,0.98017,0.98033,1.40,1.10
2010.10.12 03:36:17.160,0.98016,0.98023,0.88,2.80
2010.10.12 03:36:17.406,0.98015,0.98023,1.90,1.30
2010.10.12 03:36:17.561,0.98012,0.98023,1.20,0.88
2010.10.12 03:36:17.914,0.98017,0.98023,0.92,1.90
2010.10.12 03:36:18.009,0.98022,0.98035,2.00,1.00
2010.10.12 03:36:18.173,0.98025,0.98036,1.50,1.10
2010.10.12 03:36:18.346,0.98023,0.98038,1.50,1.60
2010.10.12 03:36:18.583,0.98024,0.9804,1.30,1.10
2010.10.12 03:36:18.745,0.98025,0.9804,1.70,1.40
2010.10.12 03:36:18.880,0.98027,0.9804,0.78,1.20
2010.10.12 03:36:19.041,0.98028,0.98042,1.40,1.50
2010.10.12 03:36:19.422,0.9803,0.98042,0.69,0.61
2010.10.12 03:36:19.687,0.98031,0.98044,1.10,1.70
2010.10.12 03:36:19.761,0.98032,0.98046,0.74,0.83
2010.10.12 03:36:22.377,0.98031,0.98043,1.70,1.00
2010.10.12 03:36:23.008,0.98032,0.98046,0.96,0.86
2010.10.12 03:36:23.382,0.98034,0.98046,1.10,1.00
2010.10.12 03:36:23.480,0.98036,0.98048,1.10,1.00
2010.10.12 03:36:23.706,0.98037,0.98051,1.60,1.40
2010.10.12 03:36:23.843,0.98039,0.98048,0.44,0.59
2010.10.12 03:36:24.049,0.98038,0.98048,0.68,1.40
2010.10.12 03:36:24.126,0.98037,0.98048,0.73,0.98
2010.10.12 03:36:24.245,0.98036,0.98048,0.76,1.80
2010.10.12 03:36:24.333,0.98035,0.98048,1.10,1.10
2010.10.12 03:36:24.496,0.98032,0.98043,1.20,1.10
2010.10.12 03:36:24.605,0.98028,0.98033,2.70,1.30
2010.10.12 03:36:24.712,0.98027,0.98033,1.50,0.78
2010.10.12 03:36:24.820,0.98022,0.98033,1.30,1.40
2010.10.12 03:36:24.921,0.98018,0.98033,1.30,2.10
2010.10.12 03:36:25.001,0.98021,0.98033,1.90,0.91
2010.10.12 03:36:25.808,0.98022,0.98033,1.30,0.82
2010.10.12 03:36:26.659,0.98019,0.98032,1.30,1.80
2010.10.12 03:36:27.283,0.98017,0.98032,1.50,0.69
2010.10.12 03:36:36.491,0.98015,0.98028,1.20,1.20
2010.10.12 03:36:36.550,0.98012,0.98028,0.99,1.50
2010.10.12 03:36:37.782,0.98007,0.98018,2.20,1.20
2010.10.12 03:36:39.499,0.98009,0.98018,1.50,1.30
2010.10.12 03:36:41.564,0.98007,0.98018,1.30,1.20
2010.10.12 03:36:45.194,0.98009,0.98023,1.30,1.00
2010.10.12 03:36:45.596,0.9801,0.98023,1.60,1.40
2010.10.12 03:36:45.991,0.98012,0.98025,0.71,1.60
2010.10.12 03:36:46.565,0.98016,0.98025,0.94,1.00
2010.10.12 03:36:48.491,0.98013,0.98027,1.80,2.20
2010.10.12 03:36:48.812,0.98011,0.98027,1.10,1.10
2010.10.12 03:36:56.018,0.98016,0.98026,1.20,1.10
2010.10.12 03:36:56.284,0.98015,0.98028,1.90,0.66
2010.10.12 03:36:56.439,0.98012,0.98028,1.30,1.10
2010.10.12 03:36:56.565,0.9801,0.98023,2.00,0.89
2010.10.12 03:36:56.760,0.98009,0.98023,0.98,2.30
2010.10.12 03:36:56.933,0.98007,0.98023,0.88,1.80
2010.10.12 03:37:00.320,0.98006,0.98018,0.93,1.40
2010.10.12 03:37:00.636,0.98005,0.98018,1.40,1.70
2010.10.12 03:37:00.978,0.98002,0.98018,1.40,2.70
2010.10.12 03:37:04.163,0.98001,0.98013,1.60,0.97
2010.10.12 03:37:04.388,0.98,0.98013,1.00,1.40
2010.10.12 03:37:04.479,0.97997,0.98013,1.50,1.30
2010.10.12 03:37:04.661,0.98,0.98013,1.90,1.40
2010.10.12 03:37:04.865,0.98002,0.98016,1.40,1.80
2010.10.12 03:37:08.066,0.98004,0.98018,1.20,2.00
2010.10.12 03:37:08.408,0.98007,0.9802,0.61,1.40
2010.10.12 03:37:08.579,0.98005,0.98018,1.50,0.77
2010.10.12 03:37:08.844,0.98004,0.98018,1.60,3.50
2010.10.12 03:37:09.024,0.98002,0.98018,0.59,1.70
2010.10.12 03:37:20.143,0.98,0.98003,0.80,2.20
2010.10.12 03:37:20.298,0.97997,0.98003,1.40,1.40
2010.10.12 03:37:20.440,0.97993,0.98003,0.99,1.60
2010.10.12 03:37:20.669,0.97996,0.98003,3.10,1.30
2010.10.12 03:37:20.860,0.98002,0.98006,0.91,1.20
2010.10.12 03:37:21.122,0.98,0.98008,1.00,1.40
2010.10.12 03:37:21.499,0.97999,0.98008,1.90,2.30
2010.10.12 03:37:21.669,0.97998,0.98016,0.84,2.10
2010.10.12 03:37:21.861,0.98002,0.98016,0.88,1.30
2010.10.12 03:37:22.242,0.98,0.98017,1.10,2.00
2010.10.12 03:37:22.653,0.97999,0.98016,1.40,2.10
2010.10.12 03:37:22.891,0.97998,0.98016,1.60,0.77
2010.10.12 03:37:27.003,0.97997,0.98003,1.40,0.79
2010.10.12 03:37:27.135,0.97996,0.98003,0.97,1.10
2010.10.12 03:37:27.182,0.97995,0.98003,0.66,1.20
2010.10.12 03:37:27.296,0.97994,0.98003,1.20,0.66
2010.10.12 03:37:27.348,0.97996,0.98003,0.96,0.50
2010.10.12 03:37:27.493,0.97997,0.98003,0.95,1.40
2010.10.12 03:37:27.525,0.98002,0.98006,1.20,1.00
2010.10.12 03:37:27.603,0.98,0.98013,0.55,2.50
2010.10.12 03:37:27.671,0.97999,0.98013,1.70,1.20
2010.10.12 03:37:27.825,0.98,0.98013,1.10,0.94
2010.10.12 03:37:27.906,0.98002,0.98016,1.20,1.20
2010.10.12 03:37:27.971,0.98,0.98016,0.79,1.70
2010.10.12 03:37:29.900,0.97999,0.98016,1.10,1.10
2010.10.12 03:37:33.142,0.97996,0.98008,0.92,0.88
2010.10.12 03:37:35.398,0.97997,0.98011,1.30,1.40
2010.10.12 03:37:41.160,0.97998,0.98013,2.00,1.90
2010.10.12 03:37:41.776,0.98002,0.98016,0.77,1.30
2010.10.12 03:37:42.311,0.98002,0.98016,1.00,1.70
2010.10.12 03:38:00.085,0.98,0.98018,0.85,1.00
2010.10.12 03:38:00.680,0.97998,0.98016,1.60,1.90
2010.10.12 03:38:01.316,0.97996,0.98008,3.20,1.40
2010.10.12 03:38:09.277,0.97995,0.98008,1.80,1.70
2010.10.12 03:38:09.979,0.97994,0.98008,1.10,1.40
2010.10.12 03:38:22.537,0.97995,0.98011,0.73,1.30
2010.10.12 03:38:23.216,0.97996,0.98016,0.79,1.20
2010.10.12 03:38:23.513,0.97995,0.98016,1.20,0.90
2010.10.12 03:38:23.894,0.97996,0.98016,1.10,1.10
2010.10.12 03:38:26.188,0.97995,0.98013,0.81,1.50
2010.10.12 03:38:29.370,0.97994,0.98008,1.20,1.20
2010.10.12 03:38:32.214,0.97996,0.98008,1.30,1.90
2010.10.12 03:38:39.003,0.97997,0.98008,1.80,0.80
2010.10.12 03:38:39.469,0.98002,0.98011,1.10,0.91
2010.10.12 03:38:39.758,0.98006,0.98013,1.00,2.00
2010.10.12 03:38:40.137,0.98007,0.98016,1.30,1.40
2010.10.12 03:38:40.578,0.98002,0.98017,1.20,1.10
2010.10.12 03:38:40.818,0.98007,0.98017,0.61,2.10
2010.10.12 03:38:41.046,0.98002,0.98018,0.92,1.20
2010.10.12 03:38:41.210,0.98,0.98003,0.88,0.75
2010.10.12 03:38:41.367,0.97997,0.98003,2.10,0.58
2010.10.12 03:38:41.502,0.97995,0.98003,0.75,1.50
2010.10.12 03:38:41.669,0.97994,0.98006,0.93,1.90
2010.10.12 03:38:41.779,0.97995,0.98008,0.46,1.40
2010.10.12 03:38:41.942,0.97999,0.98012,1.10,1.30
2010.10.12 03:38:42.393,0.97997,0.98012,1.10,1.20
2010.10.12 03:38:42.808,0.97995,0.98008,1.30,1.30
2010.10.12 03:39:05.058,0.97996,0.98008,1.20,0.73
2010.10.12 03:39:05.168,0.97995,0.98008,0.91,1.30
2010.10.12 03:39:05.310,0.97996,0.98008,1.40,0.63
2010.10.12 03:39:05.378,0.97995,0.98008,1.40,1.00
2010.10.12 03:39:05.530,0.97996,0.98008,1.10,0.50
2010.10.12 03:39:05.636,0.97995,0.98008,1.50,1.80
2010.10.12 03:39:05.775,0.97996,0.98008,1.70,0.96
2010.10.12 03:39:05.954,0.97995,0.98008,0.84,2.30
2010.10.12 03:39:06.509,0.97996,0.98008,0.82,0.92
2010.10.12 03:39:07.890,0.97995,0.98008,1.50,0.79
2010.10.12 03:39:08.939,0.97996,0.98008,1.10,1.50
2010.10.12 03:39:10.126,0.97994,0.98008,1.20,2.40
2010.10.12 03:39:10.354,0.97996,0.98008,1.40,1.00
2010.10.12 03:39:10.746,0.97994,0.98008,1.30,0.96
2010.10.12 03:39:11.721,0.97996,0.98008,1.60,0.91
2010.10.12 03:39:12.243,0.97994,0.98006,1.20,1.10
2010.10.12 03:39:12.573,0.97992,0.98006,0.87,1.30
2010.10.12 03:39:12.873,0.97991,0.98003,1.40,0.73
2010.10.12 03:39:13.591,0.97992,0.98003,1.10,1.00
2010.10.12 03:39:17.232,0.97991,0.98003,0.64,0.92
2010.10.12 03:39:17.387,0.97987,0.97999,1.70,0.88
2010.10.12 03:39:17.626,0.97985,0.97993,0.64,1.50
2010.10.12 03:39:17.838,0.97984,0.97993,1.30,0.38
2010.10.12 03:39:18.021,0.97983,0.97993,1.40,1.70
2010.10.12 03:39:18.219,0.97979,0.97993,1.20,2.00
2010.10.12 03:39:18.477,0.97982,0.97993,1.20,1.60
2010.10.12 03:39:18.616,0.97984,0.97996,1.50,0.95
2010.10.12 03:39:18.916,0.97986,0.97998,1.70,0.60
2010.10.12 03:39:22.083,0.97987,0.98001,2.60,1.20
2010.10.12 03:39:22.521,0.97988,0.98001,1.10,2.00
2010.10.12 03:39:22.983,0.97989,0.98001,1.40,1.30
2010.10.12 03:39:26.089,0.97987,0.97993,0.84,1.80
2010.10.12 03:39:26.136,0.97986,0.97993,0.67,2.20
2010.10.12 03:39:26.263,0.97984,0.97993,1.60,1.50
2010.10.12 03:39:26.320,0.97986,0.97993,1.40,1.20
2010.10.12 03:39:26.429,0.97987,0.97996,1.10,0.81
2010.10.12 03:39:26.524,0.97986,0.97996,1.60,1.20
2010.10.12 03:39:26.631,0.97984,0.97993,1.00,1.10
2010.10.12 03:39:26.711,0.97983,0.97993,1.30,1.50
2010.10.12 03:39:26.737,0.97982,0.97988,1.50,0.45
2010.10.12 03:39:26.869,0.97978,0.97988,1.50,2.30
2010.10.12 03:39:26.953,0.97977,0.97988,1.00,1.30
2010.10.12 03:39:27.197,0.97976,0.97988,0.74,1.70
2010.10.12 03:39:27.960,0.97977,0.97988,1.30,2.60
2010.10.12 03:39:34.102,0.9798,0.97988,2.30,0.48
2010.10.12 03:39:34.568,0.97981,0.97991,1.90,1.10
2010.10.12 03:39:34.741,0.97979,0.97991,1.60,1.20
2010.10.12 03:39:35.104,0.97982,0.97996,0.66,1.40
2010.10.12 03:39:35.161,0.97984,0.97996,1.30,0.88
2010.10.12 03:39:35.300,0.97985,0.97997,0.64,1.40
2010.10.12 03:39:35.473,0.97987,0.98001,1.40,3.30
2010.10.12 03:39:35.626,0.9799,0.98002,2.10,1.40
2010.10.12 03:39:35.767,0.97989,0.98002,1.80,0.57
2010.10.12 03:39:35.971,0.97991,0.98002,1.20,2.00
2010.10.12 03:39:41.102,0.97988,0.98004,1.40,1.30
2010.10.12 03:39:41.513,0.97992,0.98004,0.81,0.54
2010.10.12 03:39:42.138,0.97991,0.98004,0.92,2.10
2010.10.12 03:39:42.455,0.9799,0.98003,1.00,1.50
2010.10.12 03:39:42.992,0.97988,0.98003,1.50,1.40
2010.10.12 03:39:43.045,0.97986,0.97998,1.30,1.90
2010.10.12 03:39:43.130,0.97985,0.97998,1.10,0.92
2010.10.12 03:39:43.277,0.97984,0.97998,1.10,2.70
2010.10.12 03:39:43.409,0.97986,0.97998,1.90,0.80
2010.10.12 03:39:43.602,0.97985,0.97998,1.50,0.54
2010.10.12 03:39:43.692,0.97982,0.97996,0.91,1.20
2010.10.12 03:39:43.758,0.9798,0.97996,1.90,1.60
2010.10.12 03:39:43.917,0.97981,0.97996,2.20,1.60
2010.10.12 03:39:48.084,0.9798,0.97991,0.93,1.10
2010.10.12 03:39:48.164,0.97977,0.97983,0.45,1.40
2010.10.12 03:39:48.232,0.97975,0.97983,1.80,1.40
2010.10.12 03:39:48.318,0.97974,0.97983,0.58,0.84
2010.10.12 03:39:48.447,0.97972,0.97983,0.95,1.60
2010.10.12 03:39:48.513,0.97969,0.97983,1.50,1.10
2010.10.12 03:39:48.599,0.97967,0.97978,1.30,0.96
2010.10.12 03:39:48.639,0.97966,0.97973,1.00,2.70
2010.10.12 03:39:48.771,0.97967,0.97976,1.30,1.90
2010.10.12 03:39:48.873,0.97966,0.97976,1.50,1.70
2010.10.12 03:39:48.962,0.97965,0.97976,1.70,1.50
2010.10.12 03:39:49.104,0.97963,0.97978,1.40,1.10
2010.10.12 03:39:49.317,0.97964,0.97978,0.95,1.80
2010.10.12 03:39:49.587,0.97965,0.97978,1.00,1.10
2010.10.12 03:39:49.951,0.97966,0.97978,2.30,1.10
2010.10.12 03:39:52.694,0.97965,0.97977,1.20,1.90
2010.10.12 03:39:54.240,0.97966,0.97978,1.50,1.10
2010.10.12 03:39:54.556,0.97965,0.97973,1.40,1.80
2010.10.12 03:39:54.956,0.97962,0.97973,0.86,1.80
2010.10.12 03:39:56.263,0.97961,0.97968,1.40,2.00
2010.10.12 03:39:56.705,0.97957,0.97968,3.20,0.90
2010.10.12 03:39:57.118,0.97956,0.97968,0.62,1.40
2010.10.12 03:39:57.485,0.97955,0.97968,0.72,1.50
2010.10.12 03:39:57.592,0.97954,0.97968,0.93,1.50
2010.10.12 03:39:57.816,0.97957,0.97968,1.20,1.40
2010.10.12 03:39:58.239,0.97954,0.97968,1.80,1.60
2010.10.12 03:39:58.719,0.97955,0.97968,1.20,1.10
2010.10.12 03:39:59.899,0.97954,0.97968,1.40,2.00
2010.10.12 03:40:00.081,0.97957,0.97968,1.10,1.40
2010.10.12 03:40:00.779,0.97955,0.97968,1.60,0.97
2010.10.12 03:40:01.081,0.97957,0.97968,1.30,0.75
2010.10.12 03:40:01.313,0.97955,0.97968,1.20,0.96
2010.10.12 03:40:01.467,0.97957,0.97968,1.50,0.78
2010.10.12 03:40:01.637,0.97955,0.97968,2.20,0.81
2010.10.12 03:40:01.946,0.97957,0.97968,1.30,1.50
2010.10.12 03:40:02.125,0.97955,0.97968,0.84,0.79
2010.10.12 03:40:02.512,0.97957,0.97968,1.20,1.40
2010.10.12 03:40:03.547,0.97956,0.97968,1.30,1.90
2010.10.12 03:40:04.191,0.97957,0.97968,1.80,1.20
2010.10.12 03:40:04.652,0.97955,0.97968,0.90,1.70
2010.10.12 03:40:04.695,0.97953,0.97968,1.40,1.50
2010.10.12 03:40:05.086,0.97955,0.97968,1.30,2.40
2010.10.12 03:40:05.864,0.97953,0.97968,3.40,1.10
2010.10.12 03:40:06.681,0.97955,0.97968,0.92,2.90
2010.10.12 03:40:08.959,0.97953,0.97968,2.50,1.60
2010.10.12 03:40:09.117,0.97956,0.97968,2.80,1.30
2010.10.12 03:40:09.141,0.97957,0.97971,0.70,1.80
2010.10.12 03:40:09.302,0.97959,0.97971,0.74,1.10
2010.10.12 03:40:09.450,0.97962,0.97974,1.70,0.87
2010.10.12 03:40:09.517,0.97963,0.97974,0.82,0.91
2010.10.12 03:40:09.660,0.97968,0.9798,1.10,1.30
2010.10.12 03:40:09.770,0.97965,0.97978,1.00,0.98
2010.10.12 03:40:09.945,0.97964,0.97978,1.40,1.10
2010.10.12 03:40:10.352,0.97966,0.97978,0.91,2.60
2010.10.12 03:40:10.910,0.97963,0.97978,1.80,1.10
2010.10.12 03:40:11.494,0.97966,0.97978,1.90,2.60
2010.10.12 03:40:12.208,0.97963,0.97978,1.10,0.72
2010.10.12 03:40:12.539,0.97966,0.97978,1.20,0.99
2010.10.12 03:40:12.994,0.97963,0.97978,1.10,1.90
2010.10.12 03:40:13.192,0.97966,0.97978,1.50,1.30
2010.10.12 03:40:13.389,0.97963,0.97978,2.30,1.00
2010.10.12 03:40:13.962,0.97965,0.97978,1.00,1.60
2010.10.12 03:40:14.108,0.97966,0.97978,2.20,1.50
2010.10.12 03:40:14.153,0.97965,0.97977,1.30,1.80
2010.10.12 03:40:14.331,0.97963,0.97976,1.10,1.00
2010.10.12 03:40:14.463,0.9796,0.97963,1.90,0.48
2010.10.12 03:40:14.575,0.97957,0.97963,0.77,1.40
2010.10.12 03:40:14.830,0.97953,0.97963,1.50,1.00
2010.10.12 03:40:14.981,0.97954,0.97966,1.40,1.60
2010.10.12 03:40:15.320,0.97955,0.97967,1.70,1.70
2010.10.12 03:40:15.340,0.97954,0.97967,1.90,1.70
2010.10.12 03:40:15.669,0.97955,0.97967,1.10,2.10
2010.10.12 03:40:16.160,0.97954,0.97967,1.20,1.10
2010.10.12 03:40:16.327,0.97955,0.97967,0.99,1.40
2010.10.12 03:40:16.462,0.97956,0.97967,0.87,2.60
2010.10.12 03:40:16.773,0.97954,0.97967,0.92,1.80
2010.10.12 03:40:16.841,0.97956,0.97968,1.10,1.40
2010.10.12 03:40:17.020,0.97958,0.9797,1.80,1.10
2010.10.12 03:40:17.508,0.97959,0.9797,1.10,1.00
2010.10.12 03:40:17.923,0.97957,0.9797,1.10,1.70
2010.10.12 03:40:19.225,0.97958,0.97973,1.00,2.40
2010.10.12 03:40:19.614,0.97957,0.97973,2.20,0.97
2010.10.12 03:40:21.221,0.97955,0.97973,1.20,1.10
2010.10.12 03:40:21.787,0.97952,0.97963,1.00,0.73
2010.10.12 03:40:22.196,0.97955,0.97965,1.20,0.94
2010.10.12 03:40:22.893,0.97957,0.97965,0.45,1.10
2010.10.12 03:40:23.141,0.9796,0.97968,1.50,1.90
2010.10.12 03:40:24.078,0.97961,0.97973,2.20,1.40
2010.10.12 03:40:24.259,0.97958,0.97963,2.00,1.40
2010.10.12 03:40:24.497,0.97955,0.97963,0.97,1.60
2010.10.12 03:40:24.643,0.97954,0.97963,2.00,0.87
2010.10.12 03:40:24.767,0.97955,0.97963,0.85,1.20
2010.10.12 03:40:24.933,0.97952,0.97963,0.87,2.20
2010.10.12 03:40:28.023,0.97956,0.97966,0.87,4.60
2010.10.12 03:40:28.310,0.97957,0.97968,1.10,1.50
2010.10.12 03:40:28.700,0.9796,0.97968,1.20,0.45
2010.10.12 03:40:28.931,0.97961,0.97968,1.60,0.63
2010.10.12 03:40:30.830,0.97957,0.97968,1.20,0.47
2010.10.12 03:40:32.035,0.97959,0.97971,1.10,1.30
2010.10.12 03:40:32.349,0.9796,0.97971,0.89,1.40
2010.10.12 03:40:32.987,0.97961,0.97972,1.30,1.20
2010.10.12 03:40:38.303,0.97957,0.97968,1.00,0.96
2010.10.12 03:40:43.051,0.97959,0.97968,1.40,0.78
2010.10.12 03:40:43.813,0.9796,0.97971,1.80,0.58
2010.10.12 03:40:45.227,0.97957,0.97968,1.00,2.00
2010.10.12 03:40:48.031,0.97956,0.97968,1.30,1.10
2010.10.12 03:40:48.131,0.97957,0.97968,1.30,0.63
2010.10.12 03:40:48.179,0.97956,0.97963,2.10,0.85
2010.10.12 03:40:48.276,0.97952,0.97963,1.30,2.20
2010.10.12 03:40:48.345,0.97955,0.97963,1.00,1.90
2010.10.12 03:40:48.417,0.97957,0.97966,1.60,0.65
2010.10.12 03:40:48.499,0.97958,0.97966,1.50,0.88
2010.10.12 03:40:48.586,0.9796,0.9797,1.90,1.00
2010.10.12 03:40:48.685,0.97959,0.97963,1.70,0.98
2010.10.12 03:40:48.759,0.97958,0.97963,1.70,0.99
2010.10.12 03:40:48.850,0.97955,0.97963,1.40,0.88
2010.10.12 03:40:48.974,0.97952,0.97963,0.91,0.86
2010.10.12 03:40:49.012,0.97955,0.97963,0.83,0.71
2010.10.12 03:40:49.270,0.97956,0.97963,1.30,2.40
2010.10.12 03:40:49.449,0.97957,0.97968,1.40,1.80
2010.10.12 03:40:49.552,0.97958,0.97969,1.80,0.98
2010.10.12 03:40:49.721,0.97961,0.97969,0.89,1.30
2010.10.12 03:40:49.956,0.97962,0.97972,1.30,1.30
2010.10.12 03:40:50.395,0.97957,0.97972,2.50,1.10
2010.10.12 03:40:50.915,0.97956,0.97968,1.90,1.70
2010.10.12 03:40:54.004,0.97959,0.97968,1.60,1.50
2010.10.12 03:40:54.280,0.97957,0.97968,1.20,0.60
2010.10.12 03:40:54.479,0.9796,0.97968,1.50,0.98
2010.10.12 03:40:54.729,0.97956,0.97963,0.98,0.68
2010.10.12 03:40:54.909,0.97955,0.97963,0.94,1.50
2010.10.12 03:40:55.457,0.97953,0.97963,0.87,3.70
2010.10.12 03:40:55.501,0.97952,0.97962,1.10,0.74
2010.10.12 03:40:57.012,0.97951,0.97961,2.20,0.72
2010.10.12 03:40:58.197,0.97949,0.97958,0.95,1.10
2010.10.12 03:40:58.743,0.97946,0.97957,1.20,1.10
2010.10.12 03:40:59.062,0.97945,0.97956,1.70,1.40
2010.10.12 03:40:59.501,0.97942,0.97953,1.70,1.40
2010.10.12 03:40:59.899,0.97941,0.97951,1.20,2.90
2010.10.12 03:41:00.097,0.97942,0.97952,0.46,2.70
2010.10.12 03:41:00.467,0.97939,0.9795,0.95,1.50
2010.10.12 03:41:00.734,0.97937,0.97947,0.79,1.40
2010.10.12 03:41:00.987,0.97936,0.97947,0.89,3.00
2010.10.12 03:41:01.008,0.97935,0.97946,1.50,1.10
2010.10.12 03:41:01.476,0.97936,0.97946,1.20,0.98
2010.10.12 03:41:01.610,0.97937,0.97948,0.87,1.50
2010.10.12 03:41:01.862,0.9794,0.97948,0.83,2.60
2010.10.12 03:41:02.145,0.97939,0.9795,0.97,1.60
2010.10.12 03:41:02.467,0.9794,0.9795,2.20,2.10
2010.10.12 03:41:02.733,0.97939,0.97949,0.72,1.10
2010.10.12 03:41:02.805,0.97937,0.97947,1.10,1.10
2010.10.12 03:41:03.211,0.97939,0.97949,1.40,1.40
2010.10.12 03:41:03.743,0.9794,0.9795,1.80,0.86
2010.10.12 03:41:04.460,0.97939,0.97949,0.81,1.50
2010.10.12 03:41:04.602,0.97937,0.97947,2.40,1.50
2010.10.12 03:41:06.354,0.97936,0.97947,1.00,0.93
2010.10.12 03:41:07.469,0.97937,0.97947,1.20,1.20
2010.10.12 03:41:08.832,0.97936,0.97946,1.80,1.60
2010.10.12 03:41:13.174,0.97935,0.97946,0.96,1.80
2010.10.12 03:41:13.685,0.97936,0.97946,0.79,0.62
2010.10.12 03:41:15.009,0.97935,0.97946,0.95,1.10
2010.10.12 03:41:15.166,0.97936,0.97946,1.80,1.30
2010.10.12 03:41:15.233,0.97935,0.97946,0.88,2.20
2010.10.12 03:41:15.383,0.97937,0.97946,1.00,1.10
2010.10.12 03:41:15.460,0.97938,0.97949,1.40,2.10
2010.10.12 03:41:15.595,0.9794,0.9795,1.50,1.50
2010.10.12 03:41:15.639,0.97939,0.97944,1.20,1.20
2010.10.12 03:41:15.786,0.97937,0.97943,0.67,0.95
2010.10.12 03:41:15.830,0.97936,0.97943,1.40,0.89
2010.10.12 03:41:15.980,0.97931,0.97942,1.10,1.60
2010.10.12 03:41:16.351,0.97932,0.97943,0.83,2.00
2010.10.12 03:41:16.563,0.97935,0.97944,0.94,1.30
2010.10.12 03:41:19.283,0.97934,0.97943,1.00,1.50
2010.10.12 03:41:19.565,0.97932,0.97942,0.52,1.50
2010.10.12 03:41:19.714,0.97931,0.97942,0.80,1.90
2010.10.12 03:41:20.177,0.97927,0.97939,1.30,1.80
2010.10.12 03:41:20.339,0.97926,0.97936,0.44,0.99
2010.10.12 03:41:20.631,0.97925,0.97935,1.40,0.89
2010.10.12 03:41:20.810,0.97924,0.97933,0.69,1.90
2010.10.12 03:41:21.070,0.97922,0.97933,1.10,0.63
2010.10.12 03:41:21.970,0.97924,0.97935,0.73,1.30
2010.10.12 03:41:22.748,0.97925,0.97936,0.63,0.72
2010.10.12 03:41:23.252,0.97924,0.97934,2.00,0.55
2010.10.12 03:41:23.823,0.97921,0.97932,1.90,0.97
2010.10.12 03:41:25.369,0.97922,0.97932,2.30,1.30
2010.10.12 03:41:25.522,0.97925,0.97936,1.30,0.75
2010.10.12 03:41:26.195,0.97926,0.97936,1.10,1.70
2010.10.12 03:41:26.645,0.97922,0.97934,1.90,0.93
2010.10.12 03:41:29.050,0.97925,0.97935,1.30,1.30
2010.10.12 03:41:29.482,0.97926,0.97937,1.50,0.81
2010.10.12 03:41:29.966,0.97927,0.97938,1.70,1.50
2010.10.12 03:41:30.930,0.9793,0.97941,1.60,2.10
2010.10.12 03:41:35.925,0.97929,0.97939,1.70,1.50
2010.10.12 03:41:36.236,0.97928,0.97939,0.73,2.30
2010.10.12 03:41:36.250,0.97926,0.97934,1.50,0.95
2010.10.12 03:41:36.510,0.97925,0.97934,1.00,1.50
2010.10.12 03:41:36.872,0.97926,0.97934,1.10,0.77
2010.10.12 03:41:37.107,0.97924,0.97934,0.99,1.30
2010.10.12 03:41:37.299,0.97922,0.97934,0.62,1.10
2010.10.12 03:41:37.580,0.97921,0.97929,2.30,0.88
2010.10.12 03:41:37.731,0.97919,0.97929,1.80,1.40
2010.10.12 03:41:37.853,0.97921,0.97929,2.00,1.20
2010.10.12 03:41:38.200,0.97919,0.97929,1.10,1.40
2010.10.12 03:41:38.660,0.97921,0.97929,1.60,1.50
2010.10.12 03:41:42.099,0.97917,0.97932,1.10,1.80
2010.10.12 03:41:42.245,0.97916,0.97923,1.50,1.70
2010.10.12 03:41:42.302,0.97915,0.97923,2.00,2.00
2010.10.12 03:41:42.471,0.97913,0.97923,0.86,0.92
2010.10.12 03:41:42.655,0.97912,0.97922,0.98,1.30
2010.10.12 03:41:42.714,0.9791,0.97921,0.90,1.10
2010.10.12 03:41:42.950,0.97911,0.97922,1.10,0.46
2010.10.12 03:41:47.533,0.97912,0.97922,1.30,0.86
2010.10.12 03:41:50.324,0.97911,0.97922,1.20,1.60
2010.10.12 03:41:51.456,0.97912,0.97923,1.40,1.40
2010.10.12 03:41:51.565,0.97911,0.97919,0.74,1.10
2010.10.12 03:41:52.095,0.97905,0.97903,1.30,1.90
2010.10.12 03:41:52.122,0.97906,0.97903,1.50,2.10
2010.10.12 03:41:52.241,0.97901,0.97903,1.00,2.00
2010.10.12 03:41:52.341,0.97895,0.97903,2.00,0.67
2010.10.12 03:41:52.453,0.97893,0.97903,2.80,1.70
2010.10.12 03:41:52.569,0.97892,0.97903,1.90,1.10
2010.10.12 03:41:52.675,0.97893,0.97903,1.60,1.30
2010.10.12 03:41:52.763,0.97895,0.97903,0.85,1.40
2010.10.12 03:41:52.834,0.97896,0.97907,2.30,1.60
2010.10.12 03:41:52.949,0.97897,0.97905,0.96,0.63
2010.10.12 03:41:54.046,0.97901,0.97908,2.60,1.70
2010.10.12 03:41:54.366,0.97902,0.97911,1.30,1.50
2010.10.12 03:41:54.834,0.97905,0.97913,1.20,0.54
2010.10.12 03:41:56.438,0.97906,0.97916,1.80,1.10
2010.10.12 03:41:56.966,0.97907,0.97917,0.98,1.90
2010.10.12 03:41:57.006,0.97906,0.97917,1.50,1.60
2010.10.12 03:41:58.519,0.97907,0.97917,1.00,0.85
2010.10.12 03:41:59.154,0.97906,0.97916,0.65,1.20
2010.10.12 03:41:59.882,0.97905,0.97916,1.40,1.30
2010.10.12 03:42:00.085,0.97902,0.97913,1.20,1.10
2010.10.12 03:42:00.216,0.97901,0.97912,3.00,1.30
2010.10.12 03:42:00.384,0.979,0.97909,0.65,2.20
2010.10.12 03:42:00.542,0.97898,0.97909,0.83,0.86
2010.10.12 03:42:00.697,0.97896,0.97909,1.00,1.30
2010.10.12 03:42:00.723,0.97897,0.97909,1.10,1.10
2010.10.12 03:42:00.906,0.97895,0.97906,0.80,1.30
2010.10.12 03:42:01.104,0.97897,0.97907,0.88,1.60
2010.10.12 03:42:01.443,0.97894,0.97907,2.00,1.70
