2010.10.11 21:00:01.317,0.98381,0.98403,3.40,0.81
2010.10.11 21:00:33.024,0.98377,0.98403,0.77,1.80
2010.10.11 21:00:49.748,0.98383,0.98403,2.10,1.90
2010.10.11 21:01:29.680,0.98377,0.98403,0.82,2.10
2010.10.11 21:01:31.909,0.98383,0.98403,0.75,1.20
2010.10.11 21:02:38.899,0.98362,0.98418,0.64,2.50
2010.10.11 21:02:40.782,0.98377,0.98418,1.10,1.00
2010.10.11 21:03:26.419,0.98382,0.98408,0.77,0.73
2010.10.11 21:03:27.031,0.98377,0.98403,3.00,0.66
2010.10.11 21:03:30.269,0.98372,0.98398,1.40,2.90
2010.10.11 21:03:38.249,0.98374,0.98398,1.30,0.71
2010.10.11 21:03:38.652,0.98377,0.98396,0.89,0.53
2010.10.11 21:03:38.989,0.98379,0.98396,0.43,1.40
2010.10.11 21:04:53.767,0.98385,0.98401,1.90,1.70
2010.10.11 21:04:54.338,0.98384,0.98393,1.70,0.53
2010.10.11 21:04:54.795,0.98376,0.98393,1.30,1.40
2010.10.11 21:06:22.536,0.98381,0.98393,1.20,1.90
2010.10.11 21:09:16.668,0.98376,0.98398,0.64,0.64
2010.10.11 21:09:17.282,0.98381,0.98398,0.63,1.20
2010.10.11 21:09:19.200,0.98377,0.98398,1.90,1.20
2010.10.11 21:09:20.070,0.98381,0.98393,5.00,0.35
2010.10.11 21:09:22.482,0.98377,0.98398,1.70,1.20
2010.10.11 21:09:26.556,0.9838,0.98393,1.40,0.82
2010.10.11 21:09:29.267,0.98377,0.98398,2.30,1.70
2010.10.11 21:09:32.029,0.9838,0.98393,0.88,1.10
2010.10.11 21:09:34.898,0.98377,0.98398,0.74,0.51
2010.10.11 21:09:51.203,0.98371,0.98388,1.30,2.00
2010.10.11 21:09:52.265,0.98364,0.98368,1.30,0.55
2010.10.11 21:09:52.503,0.98358,0.98368,2.40,1.70
2010.10.11 21:09:52.742,0.98351,0.98368,3.10,1.20
2010.10.11 21:09:55.435,0.98352,0.98368,0.49,2.00
2010.10.11 21:09:55.685,0.98361,0.98368,1.30,2.60
2010.10.11 21:10:07.487,0.98357,0.98375,0.85,2.30
2010.10.11 21:10:07.665,0.98353,0.98375,0.77,1.10
2010.10.11 21:10:18.489,0.98352,0.98371,2.70,3.80
2010.10.11 21:10:18.622,0.98346,0.98368,1.60,0.50
2010.10.11 21:10:24.954,0.98349,0.98368,1.50,1.10
2010.10.11 21:11:59.069,0.98352,0.98371,1.30,1.40
2010.10.11 21:11:59.904,0.98354,0.98371,1.30,0.35
2010.10.11 21:13:09.004,0.98352,0.98358,1.10,3.90
2010.10.11 21:13:09.297,0.9835,0.98358,1.90,2.80
2010.10.11 21:13:09.440,0.98346,0.98355,0.83,3.00
2010.10.11 21:13:09.646,0.98342,0.98355,0.82,1.40
2010.10.11 21:13:09.673,0.98351,0.98358,0.86,0.83
2010.10.11 21:13:09.843,0.98352,0.98373,0.83,1.90
2010.10.11 21:13:11.147,0.98355,0.98377,1.20,2.30
2010.10.11 21:13:11.169,0.98353,0.98361,1.60,1.40
2010.10.11 21:13:11.409,0.98352,0.98361,0.90,1.20
2010.10.11 21:13:11.606,0.98351,0.98355,1.20,0.94
2010.10.11 21:13:11.698,0.9835,0.98355,1.30,1.20
2010.10.11 21:13:11.981,0.9835,0.98355,0.72,2.10
2010.10.11 21:13:12.024,0.9835,0.98358,0.39,2.80
2010.10.11 21:13:18.123,0.98347,0.98355,2.60,1.40
2010.10.11 21:13:18.334,0.98346,0.98355,0.78,2.40
2010.10.11 21:13:18.570,0.98341,0.98355,1.50,0.75
2010.10.11 21:13:18.653,0.9834,0.9835,1.30,0.92
2010.10.11 21:13:18.876,0.98335,0.9835,1.00,1.40
2010.10.11 21:13:21.536,0.98331,0.98348,1.30,2.00
2010.10.11 21:13:35.257,0.98328,0.98348,1.90,1.60
2010.10.11 21:13:42.157,0.98326,0.98335,0.59,1.20
2010.10.11 21:13:42.365,0.98322,0.98335,3.00,2.10
2010.10.11 21:13:42.889,0.98324,0.98338,5.90,2.20
2010.10.11 21:13:43.654,0.98329,0.98347,4.30,2.30
2010.10.11 21:19:22.710,0.98332,0.98348,1.00,0.78
2010.10.11 21:19:51.692,0.98333,0.98348,1.50,4.50
2010.10.11 21:19:57.142,0.98332,0.98348,2.00,1.60
2010.10.11 21:19:57.696,0.98331,0.98343,3.30,1.30
2010.10.11 21:20:02.100,0.98327,0.98335,2.90,0.36
2010.10.11 21:20:02.205,0.98324,0.98323,0.54,0.95
2010.10.11 21:20:02.469,0.98322,0.98323,0.73,2.20
2010.10.11 21:20:02.607,0.98317,0.98323,1.40,2.90
2010.10.11 21:20:02.808,0.98315,0.98323,0.85,0.92
2010.10.11 21:20:02.833,0.98313,0.98323,3.10,1.30
2010.10.11 21:20:03.862,0.98312,0.98323,2.50,1.20
2010.10.11 21:20:05.192,0.98311,0.9832,1.20,3.40
2010.10.11 21:20:05.492,0.98308,0.9832,0.94,1.70
2010.10.11 21:20:05.750,0.98303,0.98319,1.10,3.00
2010.10.11 21:20:07.839,0.98312,0.98319,0.62,0.87
2010.10.11 21:20:08.276,0.98309,0.98331,1.60,1.20
2010.10.11 21:20:08.678,0.98313,0.98329,1.80,3.30
2010.10.11 21:20:11.241,0.98312,0.98328,0.77,2.50
2010.10.11 21:20:18.021,0.98309,0.98323,1.10,1.10
2010.10.11 21:20:48.277,0.98307,0.98323,0.85,2.20
2010.10.11 21:20:48.901,0.98304,0.98318,0.65,1.10
2010.10.11 21:20:54.162,0.98306,0.98318,2.00,0.64
2010.10.11 21:20:54.706,0.98307,0.98323,1.00,1.10
2010.10.11 21:21:44.061,0.98306,0.98328,2.00,1.40
2010.10.11 21:23:19.220,0.98309,0.98326,1.30,2.60
2010.10.11 21:23:19.610,0.98314,0.98326,1.10,3.10
2010.10.11 21:23:19.869,0.98315,0.98326,0.74,4.00
2010.10.11 21:23:22.020,0.9831,0.98326,2.30,1.80
2010.10.11 21:23:22.923,0.98306,0.98326,1.50,1.10
2010.10.11 21:23:24.181,0.9831,0.98326,1.40,1.40
2010.10.11 21:23:27.401,0.98312,0.98328,0.55,2.00
2010.10.11 21:25:25.612,0.98307,0.98323,2.00,1.30
2010.10.11 21:25:37.431,0.98303,0.98318,0.70,2.10
2010.10.11 21:25:45.087,0.98302,0.98318,2.70,1.80
2010.10.11 21:25:45.876,0.98297,0.98313,1.20,0.96
2010.10.11 21:26:01.776,0.98296,0.98308,0.71,1.70
2010.10.11 21:26:04.257,0.98299,0.98308,2.10,0.88
2010.10.11 21:26:04.579,0.98302,0.9831,1.40,2.30
2010.10.11 21:26:09.140,0.98299,0.98303,0.63,3.10
2010.10.11 21:26:09.650,0.98289,0.98303,1.70,3.10
2010.10.11 21:26:19.941,0.98303,0.98303,1.50,0.40
2010.10.11 21:26:24.172,0.98302,0.9831,1.20,1.50
2010.10.11 21:26:24.622,0.98299,0.9831,1.70,1.20
2010.10.11 21:26:24.746,0.98296,0.98307,3.00,1.10
2010.10.11 21:26:39.688,0.98297,0.98307,0.30,0.85
2010.10.11 21:29:31.439,0.98294,0.98308,1.20,0.86
2010.10.11 21:29:45.762,0.98298,0.98309,2.40,1.40
2010.10.11 21:29:51.296,0.98304,0.98313,1.70,0.56
2010.10.11 21:29:51.864,0.98308,0.98315,1.80,3.00
2010.10.11 21:30:35.965,0.98304,0.98319,0.93,0.96
2010.10.11 21:30:37.109,0.98317,0.98318,0.78,0.81
2010.10.11 21:30:37.405,0.98319,0.98318,1.50,0.91
2010.10.11 21:30:37.734,0.98322,0.98325,2.40,1.50
2010.10.11 21:30:37.943,0.98317,0.98333,1.20,1.40
2010.10.11 21:30:38.386,0.98319,0.98333,1.10,0.98
2010.10.11 21:30:38.607,0.98322,0.98333,0.63,2.20
2010.10.11 21:30:40.456,0.98317,0.98328,1.10,2.00
2010.10.11 21:30:40.976,0.98313,0.98328,1.60,0.31
2010.10.11 21:30:41.168,0.98312,0.98328,1.80,2.50
2010.10.11 21:30:49.896,0.98317,0.98328,1.20,0.21
2010.10.11 21:31:30.979,0.98312,0.98334,0.41,2.00
2010.10.11 21:31:34.183,0.98317,0.98333,1.30,1.50
2010.10.11 21:31:36.099,0.98312,0.98328,4.70,1.80
2010.10.11 21:31:46.364,0.98307,0.98318,0.49,1.60
2010.10.11 21:31:46.951,0.98304,0.98318,2.00,0.42
2010.10.11 21:34:34.246,0.98302,0.98323,3.10,0.79
2010.10.11 21:34:41.384,0.98309,0.98323,0.59,0.47
2010.10.11 21:34:41.562,0.98312,0.98328,0.84,1.80
2010.10.11 21:36:39.351,0.98324,0.98334,0.83,1.00
2010.10.11 21:36:39.586,0.98327,0.98339,1.30,1.40
2010.10.11 21:36:43.358,0.98322,0.98337,0.95,1.20
2010.10.11 21:36:43.943,0.98317,0.98333,1.60,4.00
2010.10.11 21:36:49.004,0.98319,0.98333,0.91,2.90
2010.10.11 21:36:49.590,0.98322,0.98333,0.84,1.20
2010.10.11 21:36:49.723,0.98327,0.98339,0.83,1.10
2010.10.11 21:36:50.974,0.98322,0.98338,2.00,3.00
2010.10.11 21:36:51.279,0.98317,0.98333,2.20,0.70
2010.10.11 21:37:05.920,0.98312,0.98328,1.60,2.60
2010.10.11 21:37:22.464,0.98313,0.98328,2.10,2.10
2010.10.11 21:37:22.511,0.98317,0.98333,0.57,1.30
2010.10.11 21:37:27.085,0.98319,0.98333,1.80,2.40
2010.10.11 21:37:27.534,0.98322,0.98333,1.30,0.95
2010.10.11 21:37:27.721,0.98327,0.98339,1.10,0.94
2010.10.11 21:37:28.765,0.98322,0.98338,0.77,1.80
2010.10.11 21:37:33.300,0.98327,0.98338,1.20,3.50
2010.10.11 21:37:33.546,0.98325,0.98328,1.20,0.46
2010.10.11 21:37:33.741,0.98312,0.98328,1.40,2.70
2010.10.11 21:37:36.157,0.98319,0.98328,1.30,1.20
2010.10.11 21:37:36.202,0.98322,0.98328,2.00,1.50
2010.10.11 21:37:36.588,0.98327,0.98339,2.00,1.60
2010.10.11 21:37:36.633,0.98324,0.98328,1.10,0.97
2010.10.11 21:37:36.817,0.98312,0.98328,1.40,1.20
2010.10.11 21:37:40.610,0.98307,0.98323,1.60,1.20
2010.10.11 21:37:41.245,0.98302,0.98318,0.98,2.20
2010.10.11 21:37:43.631,0.98307,0.98318,1.50,4.00
2010.10.11 21:37:56.084,0.98305,0.98303,0.92,1.60
2010.10.11 21:37:56.247,0.98302,0.98303,1.00,0.54
2010.10.11 21:37:56.420,0.98298,0.98303,0.84,2.70
2010.10.11 21:37:56.438,0.98291,0.98303,1.20,1.80
2010.10.11 21:37:56.670,0.98304,0.98303,0.76,1.70
2010.10.11 21:37:56.791,0.98302,0.98318,0.47,2.50
2010.10.11 21:37:56.987,0.98301,0.98313,1.00,1.80
2010.10.11 21:38:46.793,0.98302,0.98318,2.10,1.50
2010.10.11 21:39:02.101,0.98297,0.98313,0.57,0.53
2010.10.11 21:39:04.276,0.98292,0.98308,0.60,1.60
2010.10.11 21:39:17.302,0.98297,0.9831,1.00,1.70
2010.10.11 21:39:26.926,0.98292,0.98308,1.50,1.10
2010.10.11 21:40:05.985,0.9829,0.98312,1.40,0.87
2010.10.11 21:40:18.323,0.98292,0.98312,2.40,1.30
2010.10.11 21:40:55.626,0.9829,0.98312,3.10,2.30
2010.10.11 21:41:17.610,0.98292,0.98312,2.00,1.50
2010.10.11 21:41:25.213,0.98294,0.98312,1.10,1.60
2010.10.11 21:41:25.522,0.98297,0.98312,1.40,4.90
2010.10.11 21:41:26.082,0.98305,0.98312,1.20,1.10
2010.10.11 21:41:26.514,0.98306,0.98313,2.60,0.51
2010.10.11 21:41:26.895,0.98307,0.98321,1.70,1.00
2010.10.11 21:41:27.020,0.98312,0.98324,0.84,2.00
2010.10.11 21:41:36.127,0.98317,0.98327,5.90,0.90
2010.10.11 21:41:46.621,0.98312,0.98327,2.70,3.40
2010.10.11 21:41:48.198,0.98307,0.98323,0.85,1.30
2010.10.11 21:41:56.929,0.98297,0.98313,1.20,1.30
2010.10.11 21:42:02.080,0.98298,0.98313,1.70,1.70
2010.10.11 21:42:02.339,0.98302,0.98313,1.10,1.10
2010.10.11 21:42:02.847,0.98297,0.98313,2.40,4.50
2010.10.11 21:42:17.943,0.98292,0.98308,1.50,1.30
2010.10.11 21:43:07.046,0.98291,0.98318,0.97,4.10
2010.10.11 21:43:15.228,0.98297,0.98309,0.40,1.90
2010.10.11 21:43:22.849,0.98298,0.98313,1.00,0.64
2010.10.11 21:43:24.198,0.98297,0.98313,1.50,1.20
2010.10.11 21:43:49.821,0.98292,0.98308,1.60,2.30
2010.10.11 21:44:27.835,0.98291,0.98315,0.68,1.00
2010.10.11 21:44:37.179,0.98292,0.98308,1.80,1.50
2010.10.11 21:45:17.019,0.98291,0.98315,1.70,0.95
2010.10.11 21:45:22.894,0.98292,0.98308,0.70,2.20
2010.10.11 21:46:19.215,0.98291,0.98315,1.60,1.50
2010.10.11 21:46:33.235,0.98293,0.98315,1.10,1.80
2010.10.11 21:47:31.059,0.98292,0.98312,1.00,2.40
2010.10.11 21:47:51.255,0.9829,0.98312,1.10,1.80
2010.10.11 21:48:55.909,0.98297,0.98312,1.30,4.00
2010.10.11 21:49:03.595,0.98292,0.98308,0.50,0.67
2010.10.11 21:49:06.826,0.98297,0.98308,1.30,0.88
2010.10.11 21:49:56.681,0.98292,0.98314,2.70,0.62
2010.10.11 21:50:40.622,0.98297,0.98314,1.20,1.30
2010.10.11 21:50:48.556,0.98292,0.98308,1.30,2.10
2010.10.11 21:51:19.015,0.98287,0.98303,1.50,0.85
2010.10.11 21:51:29.368,0.98289,0.98303,1.10,0.52
2010.10.11 21:51:29.557,0.98292,0.98308,1.80,0.70
2010.10.11 21:52:32.141,0.98297,0.98311,0.51,2.00
2010.10.11 21:53:39.339,0.9829,0.98312,1.40,1.40
2010.10.11 21:53:39.556,0.98297,0.98312,2.10,0.53
2010.10.11 21:54:29.045,0.98296,0.98318,4.50,1.50
2010.10.11 21:54:30.950,0.98294,0.98318,0.73,2.30
2010.10.11 21:54:57.335,0.98297,0.98316,2.60,1.30
2010.10.11 21:55:00.106,0.98298,0.98314,1.90,1.20
2010.10.11 21:55:05.239,0.98302,0.98314,1.70,1.00
2010.10.11 21:55:05.576,0.98303,0.98314,1.50,0.87
2010.10.11 21:55:05.668,0.98308,0.98324,0.71,2.20
2010.10.11 21:55:06.327,0.98309,0.98324,1.80,1.10
2010.10.11 21:55:06.793,0.98313,0.98329,1.20,2.10
2010.10.11 21:55:19.064,0.98314,0.98329,0.98,0.76
2010.10.11 21:55:19.731,0.98318,0.98332,2.60,5.30
2010.10.11 21:55:22.313,0.98315,0.98324,1.00,1.70
2010.10.11 21:55:22.445,0.98308,0.98324,1.10,1.10
2010.10.11 21:55:22.902,0.98303,0.98319,1.80,0.96
2010.10.11 21:55:23.750,0.98302,0.98318,1.40,1.40
2010.10.11 21:55:24.222,0.98307,0.98323,0.72,1.10
2010.10.11 21:55:24.434,0.98309,0.98323,0.63,0.87
2010.10.11 21:55:24.999,0.98312,0.98328,1.90,0.49
2010.10.11 21:55:30.296,0.98307,0.98323,1.40,0.66
2010.10.11 21:56:02.414,0.98312,0.98328,0.80,0.87
2010.10.11 21:56:02.960,0.98317,0.98332,1.40,0.95
2010.10.11 21:56:39.424,0.98319,0.98332,2.50,0.97
2010.10.11 21:56:39.504,0.98322,0.98336,1.30,0.86
2010.10.11 21:56:49.287,0.98327,0.98336,1.50,0.75
2010.10.11 21:56:59.023,0.98336,0.98343,0.98,1.00
2010.10.11 21:56:59.921,0.98344,0.98343,0.84,1.10
2010.10.11 21:57:03.373,0.98343,0.98359,0.97,2.20
2010.10.11 21:57:08.117,0.98336,0.98349,0.82,1.20
2010.10.11 21:57:08.591,0.98333,0.98348,1.40,0.81
2010.10.11 21:57:08.969,0.98328,0.98344,0.73,2.90
2010.10.11 21:57:10.073,0.98334,0.98344,1.60,0.59
2010.10.11 21:57:10.265,0.98338,0.98353,1.10,1.20
2010.10.11 21:57:10.613,0.98339,0.98353,0.92,0.60
2010.10.11 21:57:10.759,0.98343,0.98356,0.88,0.67
2010.10.11 21:57:30.414,0.98348,0.98363,0.70,0.79
2010.10.11 21:57:33.117,0.98349,0.98364,2.20,0.57
2010.10.11 21:57:33.932,0.98353,0.98369,2.90,1.10
2010.10.11 21:57:34.269,0.98348,0.98364,0.95,3.70
2010.10.11 21:57:41.440,0.98356,0.98364,3.80,0.64
2010.10.11 21:57:42.116,0.98358,0.98374,1.30,2.50
2010.10.11 21:57:44.783,0.98353,0.98369,0.95,1.20
2010.10.11 21:57:52.294,0.98352,0.98368,1.10,2.90
2010.10.11 21:57:52.345,0.98353,0.98368,0.58,0.72
2010.10.11 21:57:52.783,0.98357,0.98373,0.73,0.79
2010.10.11 21:57:53.155,0.98352,0.98368,2.50,2.00
2010.10.11 21:57:53.344,0.98354,0.98368,1.70,4.40
2010.10.11 21:57:53.887,0.98357,0.98368,2.00,1.80
2010.10.11 21:58:17.206,0.98359,0.98376,0.68,1.20
2010.10.11 21:58:17.681,0.9836,0.9838,1.10,0.63
2010.10.11 21:58:18.509,0.98357,0.98375,1.80,1.30
2010.10.11 21:58:37.151,0.98355,0.98368,2.10,2.40
2010.10.11 21:58:37.471,0.98352,0.98358,0.87,1.50
2010.10.11 21:58:37.576,0.98346,0.98358,0.65,1.00
2010.10.11 21:58:37.917,0.98337,0.98358,1.60,1.10
2010.10.11 21:58:38.774,0.98335,0.98355,1.30,1.10
2010.10.11 21:59:30.223,0.98337,0.98355,1.10,1.90
2010.10.11 21:59:30.956,0.9834,0.98355,2.50,1.30
