2018.05.18 20:00:00.146,0.75083,0.75094,1.87,1.29
2018.05.18 20:00:00.527,0.75083,0.75093,1.00,1.31
2018.05.18 20:00:00.579,0.75083,0.75094,1.87,1.31
2018.05.18 20:00:02.271,0.75083,0.75094,2.81,1.87
2018.05.18 20:00:02.798,0.75083,0.75095,2.06,6.45
2018.05.18 20:00:05.148,0.75083,0.75094,1.12,1.12
2018.05.18 20:00:05.692,0.75083,0.75095,1.69,5.25
2018.05.18 20:00:07.832,0.75083,0.75094,2.81,1.44
2018.05.18 20:00:22.924,0.75083,0.75094,1.87,1.87
2018.05.18 20:00:23.451,0.75083,0.75094,2.06,1.19
2018.05.18 20:00:24.898,0.75083,0.75095,2.81,1.12
2018.05.18 20:00:24.951,0.75087,0.75097,1.00,2.89
2018.05.18 20:00:25.177,0.75087,0.75099,3.94,1.76
2018.05.18 20:00:25.436,0.75088,0.75098,1.00,1.69
2018.05.18 20:00:26.490,0.75087,0.75097,1.00,1.25
2018.05.18 20:00:30.616,0.75088,0.75098,1.00,3.64
2018.05.18 20:00:32.097,0.75088,0.75097,1.00,1.19
2018.05.18 20:00:33.086,0.75088,0.75097,1.00,1.25
2018.05.18 20:00:36.386,0.75087,0.75097,1.00,1.25
2018.05.18 20:00:44.209,0.75087,0.75098,1.12,4.01
2018.05.18 20:00:49.890,0.75087,0.75097,1.12,1.25
2018.05.18 20:01:17.838,0.75086,0.75097,4.31,1.00
2018.05.18 20:01:18.341,0.75086,0.75097,4.31,1.00
2018.05.18 20:01:37.928,0.75087,0.75099,1.62,2.70
2018.05.18 20:01:38.451,0.75086,0.75098,3.56,1.37
2018.05.18 20:01:39.077,0.75087,0.75099,1.62,2.70
2018.05.18 20:01:39.596,0.75086,0.75099,3.56,3.45
2018.05.18 20:01:41.726,0.75088,0.75097,1.00,1.00
2018.05.18 20:01:48.573,0.75089,0.75097,1.00,1.00
2018.05.18 20:01:56.614,0.75091,0.75099,1.00,1.85
2018.05.18 20:02:00.857,0.75088,0.75099,1.00,1.75
2018.05.18 20:02:12.836,0.75087,0.75097,2.06,1.00
2018.05.18 20:03:12.089,0.75087,0.75098,2.81,1.69
2018.05.18 20:04:18.294,0.75087,0.75099,1.50,3.26
2018.05.18 20:04:21.545,0.75087,0.75099,1.87,2.44
2018.05.18 20:04:22.094,0.75087,0.75099,1.12,2.14
2018.05.18 20:04:22.641,0.75087,0.75099,1.31,2.06
2018.05.18 20:04:23.647,0.75088,0.75099,1.87,1.57
2018.05.18 20:04:23.802,0.75088,0.75099,1.00,1.57
2018.05.18 20:04:26.131,0.75088,0.75099,2.25,1.00
2018.05.18 20:04:26.489,0.75088,0.75099,1.50,1.50
2018.05.18 20:04:30.370,0.75088,0.75099,1.87,1.00
2018.05.18 20:04:30.978,0.75088,0.75099,1.00,1.12
2018.05.18 20:04:46.462,0.7509,0.751,1.00,4.01
2018.05.18 20:04:50.099,0.75092,0.75102,2.62,1.00
2018.05.18 20:04:50.655,0.75094,0.75104,1.25,1.56
2018.05.18 20:04:56.919,0.75094,0.75104,1.19,1.69
2018.05.18 20:04:57.498,0.75094,0.75104,1.25,1.19
2018.05.18 20:05:10.809,0.75094,0.75104,1.00,1.69
2018.05.18 20:05:19.658,0.75096,0.75106,3.19,1.12
2018.05.18 20:05:20.224,0.75097,0.75108,3.00,2.06
2018.05.18 20:05:23.816,0.75097,0.75108,1.37,2.06
2018.05.18 20:05:24.559,0.75096,0.75108,3.26,2.06
2018.05.18 20:05:25.228,0.75096,0.75108,2.44,3.56
2018.05.18 20:05:25.833,0.75096,0.75107,2.25,1.31
2018.05.18 20:05:43.540,0.75096,0.75107,1.87,1.31
2018.05.18 20:05:44.343,0.75096,0.75107,1.87,1.31
2018.05.18 20:05:58.623,0.75095,0.75106,2.44,1.25
2018.05.18 20:06:01.912,0.75095,0.75105,1.87,1.00
2018.05.18 20:06:06.988,0.75096,0.75106,1.62,1.00
2018.05.18 20:06:17.732,0.75097,0.75107,1.31,2.81
2018.05.18 20:06:18.961,0.75097,0.75107,1.69,2.06
2018.05.18 20:06:27.396,0.75097,0.75104,3.37,1.00
2018.05.18 20:06:28.007,0.75096,0.75104,4.57,1.00
2018.05.18 20:06:28.552,0.75096,0.75104,4.31,1.00
2018.05.18 20:06:44.836,0.75096,0.75103,1.31,1.00
2018.05.18 20:06:50.313,0.75096,0.75104,2.81,1.00
2018.05.18 20:06:51.858,0.75096,0.75104,3.56,1.50
2018.05.18 20:07:07.084,0.75096,0.75103,3.56,1.00
2018.05.18 20:07:49.098,0.75096,0.75103,1.69,1.00
2018.05.18 20:07:51.674,0.75096,0.75103,1.62,1.00
2018.05.18 20:08:17.033,0.75096,0.75104,2.06,1.50
2018.05.18 20:08:40.059,0.75095,0.75104,6.19,1.00
2018.05.18 20:08:57.539,0.75096,0.75104,2.06,1.50
2018.05.18 20:08:58.071,0.75096,0.75104,2.81,1.50
2018.05.18 20:09:07.039,0.75096,0.75103,2.81,1.00
2018.05.18 20:09:07.559,0.75095,0.75102,1.50,1.00
2018.05.18 20:09:37.725,0.75094,0.75102,1.20,1.00
2018.05.18 20:10:13.071,0.75094,0.75102,1.19,1.50
2018.05.18 20:10:13.639,0.75094,0.75102,1.25,1.50
2018.05.18 20:10:25.815,0.75093,0.75101,2.70,1.00
2018.05.18 20:10:26.125,0.75092,0.75099,1.25,1.00
2018.05.18 20:10:31.777,0.75092,0.75099,1.31,1.00
2018.05.18 20:10:34.097,0.75093,0.751,1.25,1.00
2018.05.18 20:10:46.054,0.75093,0.75099,1.12,1.00
2018.05.18 20:10:46.591,0.75093,0.751,1.12,1.00
2018.05.18 20:10:46.695,0.75089,0.75097,2.51,1.00
2018.05.18 20:10:47.331,0.75088,0.75097,1.57,1.00
2018.05.18 20:10:48.533,0.75088,0.75097,2.25,1.00
2018.05.18 20:10:52.291,0.75093,0.75099,1.00,1.00
2018.05.18 20:10:52.813,0.75094,0.751,1.25,1.00
2018.05.18 20:11:13.610,0.75092,0.75097,1.19,1.00
2018.05.18 20:11:13.663,0.75088,0.75096,1.26,1.00
2018.05.18 20:11:13.715,0.75087,0.75094,2.32,1.00
2018.05.18 20:11:14.260,0.75087,0.75094,1.47,1.00
2018.05.18 20:11:16.669,0.75086,0.75094,3.26,1.00
2018.05.18 20:11:57.059,0.75086,0.75095,2.32,1.00
2018.05.18 20:11:57.653,0.75086,0.75094,3.07,1.00
2018.05.18 20:12:15.454,0.75087,0.75095,3.45,1.00
2018.05.18 20:12:16.181,0.75087,0.75095,1.95,1.00
2018.05.18 20:12:30.202,0.75087,0.75096,3.26,1.00
2018.05.18 20:12:30.253,0.75087,0.75099,3.26,3.37
2018.05.18 20:12:31.276,0.75088,0.75099,1.00,3.37
2018.05.18 20:12:31.635,0.7509,0.75103,5.14,5.44
2018.05.18 20:12:31.688,0.75093,0.75104,1.00,4.39
2018.05.18 20:12:32.201,0.75093,0.75104,1.76,1.19
2018.05.18 20:12:35.135,0.75093,0.75106,1.76,3.56
2018.05.18 20:12:35.673,0.75093,0.75104,1.76,1.00
2018.05.18 20:12:40.022,0.75093,0.75106,1.69,3.00
2018.05.18 20:12:49.252,0.75094,0.75106,1.00,5.81
2018.05.18 20:13:07.542,0.75094,0.75106,1.50,3.64
2018.05.18 20:13:18.888,0.75093,0.75106,3.26,2.70
2018.05.18 20:13:24.928,0.75093,0.75105,3.19,1.31
2018.05.18 20:13:24.980,0.75093,0.75106,3.19,2.06
2018.05.18 20:13:27.608,0.75094,0.75105,1.00,1.25
2018.05.18 20:13:39.698,0.75094,0.75105,1.87,1.25
2018.05.18 20:14:05.714,0.75094,0.75106,2.14,1.31
2018.05.18 20:14:06.398,0.75094,0.75106,1.66,1.31
2018.05.18 20:14:09.555,0.75093,0.75105,4.39,1.19
2018.05.18 20:14:11.061,0.75093,0.75106,2.70,2.81
2018.05.18 20:14:23.602,0.75094,0.75106,1.25,4.12
2018.05.18 20:14:24.215,0.75094,0.75106,1.19,4.12
2018.05.18 20:14:25.967,0.75094,0.75106,1.00,3.19
2018.05.18 20:14:43.587,0.75094,0.75106,1.25,5.51
2018.05.18 20:14:44.145,0.75095,0.75106,1.00,4.76
2018.05.18 20:14:46.618,0.75093,0.75105,1.25,2.06
2018.05.18 20:14:50.138,0.75093,0.75105,1.62,1.31
2018.05.18 20:15:00.008,0.75092,0.75105,4.39,2.06
2018.05.18 20:15:00.588,0.75092,0.75105,4.20,1.31
2018.05.18 20:15:18.353,0.75092,0.75104,2.81,1.01
2018.05.18 20:15:22.540,0.75092,0.75104,2.81,1.29
2018.05.18 20:15:28.215,0.75092,0.75105,3.75,2.06
2018.05.18 20:15:42.003,0.75094,0.75106,1.50,2.51
2018.05.18 20:16:18.538,0.75095,0.75105,1.00,2.44
2018.05.18 20:16:19.131,0.75093,0.75105,1.50,4.76
2018.05.18 20:16:41.553,0.75093,0.75104,1.00,2.81
2018.05.18 20:16:42.094,0.75092,0.75104,2.44,2.89
2018.05.18 20:16:52.537,0.75092,0.75104,3.00,2.06
2018.05.18 20:16:58.353,0.75093,0.75104,2.81,1.31
2018.05.18 20:17:13.840,0.75093,0.75104,2.62,1.31
2018.05.18 20:17:31.539,0.75092,0.75104,2.25,2.89
2018.05.18 20:17:37.643,0.75093,0.75104,1.00,2.51
2018.05.18 20:18:07.543,0.75093,0.75104,1.50,1.76
2018.05.18 20:18:08.118,0.75093,0.75104,1.50,1.76
2018.05.18 20:18:09.160,0.75093,0.75104,1.00,2.51
2018.05.18 20:18:09.213,0.75093,0.75104,1.00,2.51
2018.05.18 20:18:09.265,0.75093,0.75104,1.69,1.76
2018.05.18 20:18:10.718,0.75095,0.75104,1.00,1.01
2018.05.18 20:18:10.777,0.75093,0.75104,1.25,1.25
2018.05.18 20:18:12.431,0.75094,0.75104,1.00,1.25
2018.05.18 20:18:12.972,0.75093,0.75104,2.25,1.31
2018.05.18 20:18:13.880,0.75094,0.75104,1.00,1.25
2018.05.18 20:18:14.391,0.75095,0.75106,1.00,1.39
2018.05.18 20:18:21.717,0.75095,0.75106,1.25,1.12
2018.05.18 20:18:39.542,0.75095,0.75106,1.69,1.31
2018.05.18 20:18:51.173,0.75097,0.75106,1.00,1.12
2018.05.18 20:19:03.374,0.75097,0.75108,1.00,1.69
2018.05.18 20:19:25.655,0.75097,0.75108,1.00,1.76
2018.05.18 20:19:31.178,0.75096,0.75108,1.50,1.76
2018.05.18 20:19:52.565,0.75096,0.75108,1.69,2.51
2018.05.18 20:20:05.467,0.75095,0.75108,1.95,4.39
2018.05.18 20:20:22.581,0.75095,0.75108,1.31,3.94
2018.05.18 20:20:23.539,0.75095,0.75108,1.12,3.94
2018.05.18 20:20:24.284,0.75096,0.75108,1.00,3.19
2018.05.18 20:20:29.741,0.75096,0.75108,1.00,4.69
2018.05.18 20:20:41.723,0.75097,0.75108,1.00,2.89
2018.05.18 20:20:50.039,0.75097,0.75108,1.00,1.31
2018.05.18 20:20:55.835,0.75097,0.75108,1.87,1.31
2018.05.18 20:20:59.277,0.75097,0.75108,3.19,1.25
2018.05.18 20:20:59.432,0.75097,0.75108,3.00,1.69
2018.05.18 20:21:00.080,0.75097,0.75108,2.89,1.69
2018.05.18 20:21:18.537,0.75098,0.75109,1.50,2.44
2018.05.18 20:21:19.049,0.75103,0.75113,1.00,1.57
2018.05.18 20:21:19.590,0.75104,0.75116,1.20,4.31
2018.05.18 20:21:20.104,0.75105,0.75117,1.12,5.51
2018.05.18 20:21:20.157,0.75107,0.75117,1.00,2.51
2018.05.18 20:21:20.659,0.75107,0.75118,1.00,2.89
2018.05.18 20:21:21.379,0.75107,0.75117,1.00,1.69
2018.05.18 20:21:22.040,0.75107,0.75118,1.00,3.64
2018.05.18 20:21:35.630,0.75109,0.75116,1.00,1.00
2018.05.18 20:21:35.734,0.75109,0.75119,2.06,1.12
2018.05.18 20:21:36.449,0.75109,0.75119,1.01,1.87
2018.05.18 20:21:42.642,0.75109,0.75119,1.01,1.12
2018.05.18 20:21:44.511,0.75109,0.7512,1.25,2.81
2018.05.18 20:21:45.060,0.75109,0.75119,1.25,1.12
2018.05.18 20:21:46.527,0.75109,0.75119,1.25,1.50
2018.05.18 20:21:47.040,0.75109,0.75119,1.25,1.12
2018.05.18 20:21:52.126,0.75109,0.75119,1.25,1.87
2018.05.18 20:21:53.063,0.75109,0.75119,1.25,1.00
2018.05.18 20:22:00.431,0.75109,0.75119,1.00,1.87
2018.05.18 20:22:01.240,0.75109,0.75119,1.50,1.00
2018.05.18 20:22:02.002,0.75109,0.75119,1.00,1.87
2018.05.18 20:22:04.067,0.75109,0.75119,1.50,1.00
2018.05.18 20:22:04.646,0.75109,0.75119,1.25,1.50
2018.05.18 20:22:28.374,0.75109,0.75119,1.12,1.00
2018.05.18 20:22:29.084,0.75109,0.75119,1.00,1.87
2018.05.18 20:22:44.162,0.7511,0.75119,1.00,1.87
2018.05.18 20:22:44.503,0.7511,0.7512,1.12,2.06
2018.05.18 20:22:45.255,0.7511,0.75119,1.00,1.00
2018.05.18 20:23:08.816,0.7511,0.7512,1.00,1.12
2018.05.18 20:23:09.086,0.7511,0.75121,1.00,1.69
2018.05.18 20:23:09.245,0.7511,0.7512,1.00,1.47
2018.05.18 20:23:09.658,0.7511,0.75121,1.00,1.76
2018.05.18 20:23:09.862,0.7511,0.7512,1.00,1.37
2018.05.18 20:23:16.370,0.7511,0.75121,1.12,1.69
2018.05.18 20:23:16.877,0.7511,0.75119,1.00,1.37
2018.05.18 20:23:21.477,0.7511,0.7512,1.00,1.37
2018.05.18 20:23:21.530,0.7511,0.75121,1.00,1.76
2018.05.18 20:23:22.551,0.7511,0.75119,1.00,1.37
2018.05.18 20:23:26.820,0.7511,0.75121,1.37,1.29
2018.05.18 20:23:27.733,0.7511,0.75121,1.50,1.20
2018.05.18 20:23:27.989,0.7511,0.75119,1.00,1.37
2018.05.18 20:23:28.501,0.7511,0.7512,1.00,1.37
2018.05.18 20:23:28.692,0.7511,0.75121,1.12,1.57
2018.05.18 20:23:28.744,0.7511,0.75119,1.00,1.00
2018.05.18 20:23:28.796,0.7511,0.75121,1.12,2.32
2018.05.18 20:23:29.054,0.7511,0.7512,1.00,1.12
2018.05.18 20:23:29.453,0.7511,0.75121,1.00,1.20
2018.05.18 20:23:30.044,0.7511,0.75121,1.00,1.47
2018.05.18 20:23:30.563,0.7511,0.7512,1.00,1.12
2018.05.18 20:23:31.084,0.7511,0.75119,1.00,1.00
2018.05.18 20:23:31.736,0.7511,0.75119,1.00,1.37
2018.05.18 20:23:31.789,0.7511,0.75121,1.00,1.39
2018.05.18 20:23:32.356,0.7511,0.7512,1.00,1.50
2018.05.18 20:23:32.965,0.7511,0.75121,1.00,2.14
2018.05.18 20:23:33.493,0.7511,0.75119,1.00,1.00
2018.05.18 20:23:34.025,0.7511,0.75121,1.00,2.14
2018.05.18 20:23:34.182,0.7511,0.7512,1.00,1.75
2018.05.18 20:23:34.716,0.7511,0.7512,1.00,1.50
2018.05.18 20:23:35.227,0.7511,0.75119,1.00,1.37
2018.05.18 20:23:35.467,0.7511,0.75121,1.00,1.39
2018.05.18 20:23:37.075,0.7511,0.7512,1.00,1.50
2018.05.18 20:23:37.597,0.7511,0.75121,1.12,1.69
2018.05.18 20:23:38.037,0.7511,0.75119,1.00,1.37
2018.05.18 20:23:38.594,0.7511,0.75121,1.00,3.64
2018.05.18 20:23:38.721,0.7511,0.7512,1.00,1.75
2018.05.18 20:23:38.772,0.7511,0.75121,1.00,1.76
2018.05.18 20:23:39.507,0.7511,0.7512,1.00,1.50
2018.05.18 20:23:40.908,0.7511,0.7512,1.12,1.00
2018.05.18 20:23:41.435,0.7511,0.75119,1.00,1.00
2018.05.18 20:23:43.404,0.7511,0.7512,1.00,1.85
2018.05.18 20:23:43.456,0.7511,0.75121,1.12,2.06
2018.05.18 20:23:44.238,0.7511,0.7512,1.00,1.50
2018.05.18 20:23:46.490,0.7511,0.75121,1.00,1.76
2018.05.18 20:23:46.593,0.7511,0.7512,1.00,1.75
2018.05.18 20:23:47.225,0.7511,0.75121,1.00,2.14
2018.05.18 20:23:47.906,0.7511,0.75119,1.00,1.00
2018.05.18 20:23:50.050,0.7511,0.75121,1.00,2.14
2018.05.18 20:23:50.153,0.7511,0.75119,1.00,1.37
2018.05.18 20:23:52.587,0.7511,0.75121,1.00,2.89
2018.05.18 20:23:52.691,0.7511,0.7512,1.00,1.12
2018.05.18 20:23:54.498,0.7511,0.7512,1.12,1.00
2018.05.18 20:23:55.037,0.7511,0.75119,1.00,1.00
2018.05.18 20:23:56.487,0.7511,0.7512,1.12,1.00
2018.05.18 20:23:57.041,0.7511,0.75119,1.00,1.00
2018.05.18 20:23:58.196,0.7511,0.75121,1.00,3.26
2018.05.18 20:23:58.729,0.7511,0.75119,1.00,1.00
2018.05.18 20:24:01.707,0.7511,0.75121,1.00,2.81
2018.05.18 20:24:02.223,0.7511,0.75119,1.00,1.00
2018.05.18 20:24:11.792,0.7511,0.75121,1.12,2.14
2018.05.18 20:24:12.000,0.7511,0.7512,1.00,1.75
2018.05.18 20:24:15.417,0.7511,0.75121,1.00,2.51
2018.05.18 20:24:15.952,0.7511,0.7512,1.00,1.50
2018.05.18 20:24:18.281,0.7511,0.7512,1.12,1.00
2018.05.18 20:24:19.195,0.7511,0.75121,1.87,1.76
2018.05.18 20:24:19.940,0.7511,0.7512,1.00,1.50
2018.05.18 20:24:20.596,0.7511,0.75121,1.00,2.89
2018.05.18 20:24:21.269,0.7511,0.7512,1.00,1.50
2018.05.18 20:24:28.752,0.7511,0.75121,1.50,1.66
2018.05.18 20:24:28.857,0.7511,0.75121,1.87,1.56
2018.05.18 20:24:28.909,0.7511,0.7512,1.00,1.62
2018.05.18 20:24:29.066,0.7511,0.75121,2.25,2.14
2018.05.18 20:24:29.222,0.7511,0.75121,1.00,2.51
2018.05.18 20:24:30.868,0.7511,0.75121,1.00,4.69
2018.05.18 20:24:41.509,0.7511,0.75121,1.00,2.51
2018.05.18 20:24:41.768,0.7511,0.75119,1.00,1.37
2018.05.18 20:24:42.635,0.7511,0.7512,1.00,1.62
2018.05.18 20:24:43.173,0.7511,0.75121,1.00,2.14
2018.05.18 20:24:43.767,0.7511,0.75121,1.00,4.01
2018.05.18 20:24:44.426,0.7511,0.75121,1.00,2.14
2018.05.18 20:24:45.275,0.7511,0.75119,1.00,1.37
2018.05.18 20:24:46.376,0.7511,0.75121,1.12,2.06
2018.05.18 20:24:46.889,0.7511,0.75119,1.00,1.00
2018.05.18 20:24:51.035,0.7511,0.75121,1.00,2.89
2018.05.18 20:24:51.892,0.7511,0.75119,1.00,1.00
2018.05.18 20:24:53.287,0.7511,0.75121,1.00,2.89
2018.05.18 20:24:53.477,0.7511,0.75119,1.00,1.37
2018.05.18 20:24:53.635,0.7511,0.75121,1.00,2.51
2018.05.18 20:24:53.877,0.7511,0.7512,1.00,1.20
2018.05.18 20:24:54.216,0.7511,0.75121,1.00,3.64
2018.05.18 20:24:54.717,0.7511,0.7512,1.00,1.20
2018.05.18 20:24:54.935,0.7511,0.75121,1.00,4.01
2018.05.18 20:24:56.517,0.7511,0.7512,1.00,1.20
2018.05.18 20:24:56.837,0.7511,0.75121,1.00,3.26
2018.05.18 20:24:56.971,0.7511,0.7512,1.00,1.20
2018.05.18 20:24:59.174,0.7511,0.75121,1.12,2.89
2018.05.18 20:24:59.380,0.7511,0.7512,1.00,1.12
2018.05.18 20:24:59.588,0.7511,0.75121,1.50,2.81
2018.05.18 20:24:59.941,0.7511,0.7512,1.00,1.20
2018.05.18 20:25:00.096,0.7511,0.75121,1.12,3.26
2018.05.18 20:25:00.989,0.7511,0.75121,1.00,2.89
2018.05.18 20:25:01.145,0.7511,0.75119,1.00,1.37
2018.05.18 20:25:01.324,0.7511,0.75121,2.44,1.31
2018.05.18 20:25:01.839,0.7511,0.75121,1.00,2.81
2018.05.18 20:25:03.169,0.7511,0.75121,2.25,2.44
2018.05.18 20:25:03.732,0.7511,0.7512,1.00,1.25
2018.05.18 20:25:23.722,0.7511,0.75122,1.50,2.81
2018.05.18 20:25:24.453,0.7511,0.75122,1.25,2.81
2018.05.18 20:25:31.808,0.75112,0.75124,1.00,6.26
2018.05.18 20:25:32.120,0.75115,0.75127,1.01,1.19
2018.05.18 20:25:32.632,0.75117,0.75129,1.25,1.31
2018.05.18 20:25:32.685,0.75117,0.75129,1.69,2.44
2018.05.18 20:25:32.919,0.75119,0.7513,1.12,1.66
2018.05.18 20:25:33.234,0.7512,0.75132,1.12,2.44
2018.05.18 20:25:33.398,0.75119,0.7513,3.07,1.12
2018.05.18 20:25:39.101,0.75119,0.7513,2.62,1.37
2018.05.18 20:25:40.022,0.75119,0.7513,2.32,1.37
2018.05.18 20:25:48.804,0.75119,0.7513,2.14,1.37
2018.05.18 20:25:59.051,0.75118,0.7513,1.47,1.69
2018.05.18 20:25:59.565,0.75118,0.7513,1.39,1.50
2018.05.18 20:26:01.376,0.75118,0.7513,1.39,1.00
2018.05.18 20:26:01.555,0.75117,0.7513,1.58,1.37
2018.05.18 20:26:03.296,0.75117,0.7513,1.39,2.06
2018.05.18 20:26:03.454,0.75115,0.75128,1.95,2.44
2018.05.18 20:26:03.558,0.75114,0.75126,1.01,2.06
2018.05.18 20:26:04.074,0.75113,0.75126,1.76,1.37
2018.05.18 20:26:20.834,0.75112,0.75122,1.10,1.31
2018.05.18 20:26:21.045,0.75106,0.75116,1.10,1.12
2018.05.18 20:26:21.687,0.75105,0.75116,1.00,1.12
2018.05.18 20:26:23.879,0.75106,0.75116,1.37,1.00
2018.05.18 20:26:24.135,0.75107,0.75119,1.81,1.37
2018.05.18 20:26:24.240,0.75109,0.7512,1.37,1.10
2018.05.18 20:26:30.127,0.75109,0.75119,1.10,1.00
2018.05.18 20:26:34.478,0.75108,0.75119,1.25,1.10
2018.05.18 20:26:35.030,0.75107,0.75118,1.37,1.12
2018.05.18 20:26:35.966,0.75105,0.75117,3.75,1.25
2018.05.18 20:26:36.621,0.75105,0.75116,2.25,1.00
2018.05.18 20:26:42.775,0.75104,0.75115,1.69,1.00
2018.05.18 20:26:43.553,0.75104,0.75115,1.25,1.00
2018.05.18 20:26:53.539,0.75103,0.75115,3.94,1.00
2018.05.18 20:26:56.568,0.75103,0.75115,2.44,1.57
2018.05.18 20:26:57.199,0.75103,0.75115,2.62,1.95
2018.05.18 20:26:59.718,0.75103,0.75115,2.62,1.57
2018.05.18 20:27:00.261,0.75103,0.75116,2.62,1.57
2018.05.18 20:27:07.111,0.75103,0.75116,3.37,1.95
2018.05.18 20:27:14.319,0.75105,0.75116,1.75,1.95
2018.05.18 20:27:14.859,0.75106,0.75118,1.50,1.01
2018.05.18 20:27:26.096,0.75108,0.75118,1.37,1.01
2018.05.18 20:27:26.406,0.75108,0.75119,1.25,1.95
2018.05.18 20:27:28.688,0.75108,0.75119,1.12,1.95
2018.05.18 20:27:28.740,0.75106,0.75119,3.00,2.32
2018.05.18 20:27:30.378,0.75106,0.75119,2.81,3.45
2018.05.18 20:27:30.981,0.75106,0.75119,2.81,2.51
2018.05.18 20:27:31.086,0.75106,0.75119,3.56,2.51
2018.05.18 20:27:31.202,0.75106,0.75119,3.56,3.45
2018.05.18 20:27:31.418,0.75106,0.75119,2.81,3.45
2018.05.18 20:27:31.536,0.75107,0.75119,1.00,3.45
2018.05.18 20:27:35.664,0.75106,0.75119,3.00,2.51
2018.05.18 20:27:36.216,0.75108,0.75119,1.00,3.07
2018.05.18 20:27:40.803,0.75108,0.75119,1.63,3.07
2018.05.18 20:27:42.865,0.75107,0.75119,1.56,2.51
2018.05.18 20:27:54.004,0.75106,0.75118,2.44,1.20
2018.05.18 20:27:54.200,0.75109,0.75118,1.00,1.20
2018.05.18 20:27:54.724,0.75107,0.75118,1.13,1.57
2018.05.18 20:27:55.369,0.75107,0.75118,1.13,1.57
2018.05.18 20:28:00.037,0.75107,0.75118,1.63,1.57
2018.05.18 20:28:13.145,0.75107,0.75119,2.25,2.14
2018.05.18 20:28:16.881,0.75107,0.75119,2.25,2.14
2018.05.18 20:28:17.315,0.75107,0.75118,2.06,1.07
2018.05.18 20:28:18.459,0.75107,0.75119,2.06,2.14
2018.05.18 20:28:18.686,0.75107,0.75118,2.06,1.07
2018.05.18 20:28:18.907,0.75107,0.75119,2.25,2.14
2018.05.18 20:28:19.464,0.75107,0.75118,2.06,1.57
2018.05.18 20:28:37.335,0.75106,0.75118,1.75,1.01
2018.05.18 20:28:47.687,0.75106,0.75118,1.75,1.01
2018.05.18 20:28:47.739,0.75106,0.75118,1.75,1.01
2018.05.18 20:28:49.424,0.75106,0.75117,1.50,1.01
2018.05.18 20:28:56.440,0.75106,0.75117,1.37,1.39
2018.05.18 20:28:56.543,0.75106,0.75117,1.37,1.57
2018.05.18 20:28:56.647,0.75106,0.75117,1.37,1.57
2018.05.18 20:29:07.433,0.75107,0.75117,1.37,1.10
2018.05.18 20:29:09.031,0.75106,0.75117,1.81,1.10
2018.05.18 20:29:20.773,0.75106,0.75117,1.37,1.39
2018.05.18 20:29:21.522,0.75106,0.75117,1.62,1.10
2018.05.18 20:29:22.051,0.75106,0.75119,3.19,2.89
2018.05.18 20:29:22.766,0.75106,0.75119,3.19,2.89
2018.05.18 20:29:27.934,0.75106,0.75119,3.19,2.89
2018.05.18 20:29:30.127,0.75106,0.75119,3.19,3.26
2018.05.18 20:29:30.956,0.75106,0.75119,1.88,2.51
2018.05.18 20:29:31.497,0.75106,0.75119,1.88,2.51
2018.05.18 20:29:32.559,0.75108,0.75118,1.00,1.39
2018.05.18 20:29:33.162,0.75107,0.75118,1.31,1.39
2018.05.18 20:29:36.443,0.7511,0.7512,2.06,1.07
2018.05.18 20:29:36.797,0.75108,0.7512,1.50,1.95
2018.05.18 20:29:37.358,0.75108,0.7512,1.50,1.76
2018.05.18 20:29:40.687,0.75108,0.7512,1.00,3.07
2018.05.18 20:29:41.958,0.75116,0.75122,1.00,1.20
2018.05.18 20:29:42.010,0.75113,0.75123,1.12,1.45
2018.05.18 20:29:42.063,0.75114,0.75123,1.00,1.00
2018.05.18 20:29:42.593,0.75115,0.75126,1.00,4.39
2018.05.18 20:29:43.116,0.75113,0.75126,1.62,2.14
2018.05.18 20:29:43.704,0.75113,0.75125,1.25,1.32
2018.05.18 20:29:43.958,0.75118,0.75126,1.00,1.26
2018.05.18 20:29:44.010,0.75114,0.75126,1.12,1.76
2018.05.18 20:29:44.322,0.75113,0.75124,1.00,1.32
2018.05.18 20:29:44.426,0.75113,0.75125,1.00,2.14
2018.05.18 20:29:46.451,0.75113,0.75125,1.87,1.76
2018.05.18 20:29:51.373,0.75113,0.75124,1.87,1.32
2018.05.18 20:29:51.426,0.75112,0.75124,1.87,1.39
2018.05.18 20:29:51.480,0.7511,0.75122,1.00,3.56
2018.05.18 20:29:51.538,0.75107,0.75119,2.62,1.62
2018.05.18 20:29:51.591,0.75107,0.75118,1.12,1.76
2018.05.18 20:29:52.570,0.75108,0.7512,1.12,1.70
2018.05.18 20:29:56.008,0.75106,0.75116,1.00,1.00
2018.05.18 20:30:00.849,0.75106,0.75118,1.00,2.14
2018.05.18 20:30:01.268,0.75108,0.75119,1.37,2.14
2018.05.18 20:30:01.423,0.75106,0.75119,2.25,2.14
2018.05.18 20:30:03.215,0.75106,0.75119,1.50,1.01
2018.05.18 20:30:03.268,0.75108,0.7512,1.81,1.57
2018.05.18 20:30:03.524,0.75108,0.75121,1.95,3.07
2018.05.18 20:30:09.652,0.75108,0.75121,2.62,1.76
2018.05.18 20:30:10.195,0.75109,0.75121,1.50,1.45
2018.05.18 20:30:26.096,0.7511,0.75123,3.00,1.95
2018.05.18 20:30:26.410,0.75111,0.75123,1.81,1.07
2018.05.18 20:30:27.895,0.75113,0.75125,2.19,2.32
2018.05.18 20:30:30.048,0.75113,0.75125,2.00,1.76
2018.05.18 20:30:46.619,0.75113,0.75125,1.62,1.70
2018.05.18 20:30:47.189,0.75114,0.75126,1.37,1.76
2018.05.18 20:30:48.762,0.75111,0.75123,1.62,1.20
2018.05.18 20:30:48.907,0.75108,0.75119,1.00,1.01
2018.05.18 20:30:49.010,0.75108,0.75119,1.00,2.14
2018.05.18 20:30:50.021,0.75107,0.75118,1.37,3.07
2018.05.18 20:30:50.834,0.75107,0.75118,1.37,2.14
2018.05.18 20:30:57.052,0.75107,0.75118,1.37,2.14
2018.05.18 20:30:59.019,0.75107,0.75118,1.37,3.07
2018.05.18 20:31:07.614,0.75107,0.75118,1.62,1.95
2018.05.18 20:31:08.150,0.75107,0.75118,1.62,1.29
2018.05.18 20:31:12.523,0.75107,0.75118,1.69,1.95
2018.05.18 20:31:19.832,0.75107,0.75118,1.50,1.32
2018.05.18 20:31:27.780,0.75106,0.75117,1.88,1.10
2018.05.18 20:31:33.121,0.75106,0.75117,1.31,1.10
2018.05.18 20:31:33.967,0.75107,0.75117,1.00,1.10
2018.05.18 20:31:35.399,0.75105,0.75117,4.88,1.10
2018.05.18 20:31:38.001,0.7511,0.75122,2.62,1.95
2018.05.18 20:31:38.313,0.75111,0.75125,4.87,2.14
2018.05.18 20:31:38.578,0.75111,0.75125,3.37,2.14
2018.05.18 20:31:39.172,0.75112,0.75125,1.12,1.20
2018.05.18 20:31:46.487,0.75112,0.75125,1.19,2.32
2018.05.18 20:31:55.146,0.75112,0.75125,1.69,1.39
2018.05.18 20:31:59.060,0.75112,0.75126,1.69,3.07
2018.05.18 20:32:02.397,0.75112,0.75126,1.25,2.14
2018.05.18 20:32:11.653,0.75112,0.75126,1.44,1.39
2018.05.18 20:32:12.498,0.75112,0.75126,1.25,1.39
2018.05.18 20:32:13.010,0.75112,0.75126,1.19,1.39
2018.05.18 20:32:13.525,0.75112,0.75126,1.25,1.39
2018.05.18 20:32:14.035,0.75112,0.75126,1.44,1.39
2018.05.18 20:32:14.648,0.75112,0.75126,1.25,1.39
2018.05.18 20:32:15.610,0.75112,0.75126,1.19,1.39
2018.05.18 20:32:16.193,0.75112,0.75126,1.31,1.39
2018.05.18 20:32:17.052,0.75112,0.75126,1.69,1.39
2018.05.18 20:32:17.575,0.75112,0.75126,1.69,1.39
2018.05.18 20:32:18.083,0.75112,0.75126,1.87,1.39
2018.05.18 20:32:18.593,0.75112,0.75126,2.44,1.64
2018.05.18 20:32:28.700,0.75112,0.75125,1.69,1.20
2018.05.18 20:32:30.042,0.75112,0.75125,1.69,1.20
2018.05.18 20:32:30.924,0.75112,0.75125,2.44,1.20
2018.05.18 20:32:32.540,0.75112,0.75125,2.44,1.45
2018.05.18 20:32:34.360,0.75112,0.75125,1.69,1.39
2018.05.18 20:32:41.681,0.75112,0.75125,2.62,1.45
2018.05.18 20:32:42.196,0.75113,0.75125,1.44,1.45
2018.05.18 20:32:46.724,0.75112,0.75125,1.69,1.95
2018.05.18 20:32:48.773,0.75111,0.75125,7.88,1.95
2018.05.18 20:32:49.325,0.75111,0.75125,6.75,1.95
2018.05.18 20:32:50.639,0.75111,0.75125,7.50,1.95
2018.05.18 20:32:51.190,0.75111,0.75125,6.75,1.95
2018.05.18 20:32:57.698,0.75111,0.75125,2.19,1.95
2018.05.18 20:32:58.399,0.75111,0.75125,2.19,1.95
2018.05.18 20:33:00.035,0.75111,0.75125,2.19,1.95
2018.05.18 20:33:01.661,0.75111,0.75125,2.62,1.95
2018.05.18 20:33:02.200,0.75111,0.75125,2.81,1.95
2018.05.18 20:33:12.391,0.75112,0.75124,1.12,2.51
2018.05.18 20:33:18.725,0.75111,0.75124,1.12,1.20
2018.05.18 20:33:19.595,0.75111,0.75124,1.87,1.57
2018.05.18 20:33:20.214,0.75111,0.75124,1.87,1.57
2018.05.18 20:33:24.885,0.75111,0.75124,1.87,1.57
2018.05.18 20:33:28.685,0.75111,0.75124,1.87,2.51
2018.05.18 20:33:34.480,0.75111,0.75124,1.87,1.20
2018.05.18 20:33:35.140,0.75111,0.75124,2.62,1.57
2018.05.18 20:33:37.247,0.75111,0.75124,3.37,1.57
2018.05.18 20:33:37.782,0.75111,0.75124,1.87,1.57
2018.05.18 20:33:45.016,0.75111,0.75124,1.87,2.51
2018.05.18 20:33:46.746,0.75111,0.75124,4.12,1.57
2018.05.18 20:33:48.421,0.75111,0.75124,4.50,1.57
2018.05.18 20:33:49.624,0.75113,0.75124,1.19,1.20
2018.05.18 20:33:53.878,0.75112,0.75124,1.31,1.57
2018.05.18 20:33:54.186,0.75111,0.75124,4.12,1.57
2018.05.18 20:33:54.737,0.75111,0.75124,1.87,1.57
2018.05.18 20:34:00.816,0.75111,0.75124,1.87,2.14
2018.05.18 20:34:22.544,0.75111,0.75123,2.81,1.10
2018.05.18 20:34:28.294,0.75111,0.75123,3.00,1.10
2018.05.18 20:34:28.845,0.75111,0.75124,3.56,1.76
2018.05.18 20:34:30.064,0.75111,0.75124,1.50,2.14
2018.05.18 20:34:34.665,0.75112,0.75124,1.81,1.07
2018.05.18 20:34:37.540,0.75112,0.75124,1.56,1.07
2018.05.18 20:34:38.540,0.75112,0.75124,1.50,1.20
2018.05.18 20:34:40.846,0.75112,0.75124,1.31,1.07
2018.05.18 20:34:41.538,0.75112,0.75124,1.31,1.07
2018.05.18 20:34:42.086,0.75112,0.75124,1.31,1.20
2018.05.18 20:34:53.219,0.75112,0.75123,1.31,1.10
2018.05.18 20:34:53.601,0.75111,0.75124,1.87,2.14
2018.05.18 20:34:53.910,0.75111,0.75125,3.37,1.20
2018.05.18 20:34:54.438,0.75111,0.75125,3.37,1.45
2018.05.18 20:34:54.490,0.75111,0.75125,3.56,1.20
2018.05.18 20:35:01.049,0.75111,0.75125,6.94,1.20
2018.05.18 20:35:09.020,0.75114,0.75126,2.44,2.51
2018.05.18 20:35:09.078,0.75114,0.75127,3.56,2.14
2018.05.18 20:35:09.293,0.75113,0.75125,1.19,1.57
2018.05.18 20:35:09.925,0.75113,0.75125,1.44,2.51
2018.05.18 20:35:13.384,0.75113,0.75125,2.25,1.57
2018.05.18 20:35:13.437,0.75113,0.75125,1.50,1.57
2018.05.18 20:35:14.488,0.75113,0.75125,2.06,1.57
2018.05.18 20:35:15.016,0.75113,0.75124,2.25,1.00
2018.05.18 20:35:15.596,0.75113,0.75125,1.50,1.57
2018.05.18 20:35:32.591,0.75113,0.75127,1.50,2.32
2018.05.18 20:35:37.540,0.75113,0.75127,1.50,2.51
2018.05.18 20:35:47.705,0.75113,0.75127,2.25,1.57
2018.05.18 20:35:48.482,0.75113,0.75127,2.25,1.57
2018.05.18 20:35:52.179,0.75113,0.75127,3.00,1.57
2018.05.18 20:35:58.383,0.75113,0.75127,2.25,1.20
2018.05.18 20:35:59.617,0.75113,0.75127,2.25,1.20
2018.05.18 20:36:08.934,0.75113,0.75126,1.56,1.39
2018.05.18 20:36:09.461,0.75111,0.75126,4.12,2.51
2018.05.18 20:36:12.417,0.75112,0.75126,1.00,2.14
2018.05.18 20:36:12.979,0.75112,0.75126,1.25,2.14
2018.05.18 20:36:16.861,0.75111,0.75126,4.87,2.14
2018.05.18 20:36:21.762,0.75113,0.75126,1.31,1.70
2018.05.18 20:36:30.093,0.75113,0.75126,1.31,1.70
2018.05.18 20:36:31.160,0.75113,0.75127,1.31,3.64
2018.05.18 20:36:31.419,0.75114,0.75128,1.50,1.57
2018.05.18 20:36:43.770,0.75114,0.75128,4.12,1.07
2018.05.18 20:36:45.123,0.75115,0.75128,1.00,1.32
2018.05.18 20:36:45.752,0.75115,0.75128,1.00,2.14
2018.05.18 20:36:46.467,0.75114,0.75128,2.81,2.89
2018.05.18 20:36:48.875,0.75114,0.75128,2.81,2.70
2018.05.18 20:36:50.937,0.75116,0.75128,1.31,1.20
2018.05.18 20:36:51.450,0.75116,0.75129,2.06,1.07
2018.05.18 20:36:52.042,0.75117,0.75128,1.00,1.10
2018.05.18 20:36:53.144,0.75117,0.75128,1.00,1.07
2018.05.18 20:36:53.721,0.75117,0.75128,1.00,1.10
2018.05.18 20:37:05.356,0.75117,0.75128,1.19,1.07
2018.05.18 20:37:06.426,0.75117,0.75128,1.00,1.07
2018.05.18 20:37:06.985,0.75117,0.75128,1.12,1.10
2018.05.18 20:37:31.648,0.75117,0.75129,1.69,1.00
2018.05.18 20:37:37.580,0.75117,0.75129,1.69,1.50
2018.05.18 20:37:42.802,0.75117,0.75129,2.25,1.12
2018.05.18 20:37:42.989,0.75117,0.75129,2.06,1.12
2018.05.18 20:37:54.721,0.75118,0.75132,1.41,4.39
2018.05.18 20:37:54.772,0.75121,0.75134,1.50,3.26
2018.05.18 20:37:55.351,0.75121,0.75134,4.01,3.45
2018.05.18 20:37:57.822,0.75122,0.75134,1.69,2.70
2018.05.18 20:37:58.665,0.75122,0.75134,2.06,1.47
2018.05.18 20:37:58.717,0.75124,0.75135,1.19,1.62
2018.05.18 20:37:59.178,0.75124,0.75135,1.19,1.31
2018.05.18 20:38:00.102,0.75124,0.75135,1.19,1.62
2018.05.18 20:38:00.308,0.75124,0.75137,2.06,2.81
2018.05.18 20:38:00.817,0.75124,0.75137,1.31,2.06
2018.05.18 20:38:18.539,0.75124,0.75137,1.76,3.64
2018.05.18 20:38:22.540,0.75124,0.75137,1.29,2.14
2018.05.18 20:38:32.458,0.75124,0.75137,1.76,2.51
2018.05.18 20:38:52.596,0.75122,0.75136,1.39,3.82
2018.05.18 20:38:56.306,0.75122,0.75136,2.14,2.06
2018.05.18 20:38:57.090,0.75122,0.75136,2.51,2.06
2018.05.18 20:39:14.538,0.75121,0.75135,4.01,1.37
2018.05.18 20:39:20.631,0.75122,0.75135,2.14,1.12
2018.05.18 20:39:22.577,0.75122,0.75135,2.14,1.31
2018.05.18 20:39:35.664,0.75122,0.75135,2.06,1.00
2018.05.18 20:39:37.006,0.75123,0.75136,1.69,1.87
2018.05.18 20:39:37.544,0.75123,0.75136,1.62,3.26
2018.05.18 20:39:38.073,0.75123,0.75136,1.25,3.07
2018.05.18 20:39:38.456,0.75121,0.7513,1.00,1.31
2018.05.18 20:39:39.008,0.75121,0.7513,1.00,2.14
2018.05.18 20:39:39.426,0.75115,0.7513,2.70,3.64
2018.05.18 20:39:42.688,0.75115,0.75129,2.62,1.20
2018.05.18 20:39:43.088,0.75115,0.7513,1.87,2.14
2018.05.18 20:39:43.242,0.75121,0.75132,5.62,1.07
2018.05.18 20:39:43.294,0.75123,0.75134,1.25,1.01
2018.05.18 20:39:43.346,0.75125,0.75136,1.19,3.26
2018.05.18 20:39:43.500,0.75126,0.75137,1.25,2.89
2018.05.18 20:39:46.806,0.75126,0.75139,1.44,2.32
2018.05.18 20:39:46.858,0.75126,0.75139,1.44,1.95
2018.05.18 20:39:47.890,0.75126,0.75139,2.06,1.10
2018.05.18 20:39:48.409,0.75126,0.75139,1.50,1.95
2018.05.18 20:39:49.014,0.75126,0.75139,1.50,2.14
2018.05.18 20:39:50.022,0.75126,0.75139,1.50,2.51
2018.05.18 20:39:50.543,0.75123,0.75136,1.19,1.70
2018.05.18 20:39:50.965,0.75121,0.75135,1.69,3.64
2018.05.18 20:39:51.019,0.75121,0.75135,2.06,5.14
2018.05.18 20:39:56.359,0.7512,0.75133,4.13,1.20
2018.05.18 20:39:56.872,0.75121,0.75133,1.19,1.57
2018.05.18 20:39:57.408,0.7512,0.75133,6.75,1.20
2018.05.18 20:40:00.855,0.7512,0.75133,4.69,1.57
2018.05.18 20:40:01.013,0.75118,0.75132,4.57,1.20
2018.05.18 20:40:02.118,0.75118,0.75132,4.12,1.57
2018.05.18 20:40:03.833,0.7512,0.75133,3.75,1.32
2018.05.18 20:40:03.935,0.75121,0.75134,1.31,1.45
2018.05.18 20:40:04.150,0.75116,0.7513,1.31,2.89
2018.05.18 20:40:04.477,0.75116,0.75128,2.44,1.32
2018.05.18 20:40:05.036,0.75116,0.75129,3.19,1.76
2018.05.18 20:40:05.610,0.75116,0.75129,2.63,1.76
2018.05.18 20:40:05.929,0.75115,0.75128,1.19,1.76
2018.05.18 20:40:06.502,0.75114,0.75127,4.50,1.07
2018.05.18 20:40:07.072,0.75114,0.75127,1.63,1.32
2018.05.18 20:40:08.671,0.75114,0.75127,1.56,1.32
2018.05.18 20:40:09.373,0.75114,0.75128,1.56,2.51
2018.05.18 20:40:10.048,0.75114,0.75127,1.56,1.32
2018.05.18 20:40:11.258,0.75113,0.75127,2.44,1.32
2018.05.18 20:40:11.788,0.75113,0.75127,2.44,1.32
2018.05.18 20:40:12.610,0.75113,0.75127,3.38,1.01
2018.05.18 20:40:12.662,0.75113,0.75127,2.63,1.32
2018.05.18 20:40:12.768,0.75113,0.75127,2.63,1.01
2018.05.18 20:40:12.871,0.75113,0.75127,2.25,1.32
2018.05.18 20:40:12.975,0.75113,0.75127,3.38,1.01
2018.05.18 20:40:13.156,0.75113,0.75127,4.13,1.32
2018.05.18 20:40:13.672,0.75113,0.75127,2.63,1.32
2018.05.18 20:40:14.185,0.75113,0.75127,2.25,1.01
2018.05.18 20:40:14.288,0.75113,0.75127,4.13,1.32
2018.05.18 20:40:16.007,0.75113,0.75127,2.63,1.07
2018.05.18 20:40:16.511,0.75113,0.75127,2.44,1.07
2018.05.18 20:40:17.080,0.75113,0.75127,2.81,1.07
2018.05.18 20:40:20.397,0.75113,0.75127,2.63,1.07
2018.05.18 20:40:20.500,0.75113,0.75128,2.06,2.51
2018.05.18 20:40:20.870,0.75113,0.75127,2.06,1.07
2018.05.18 20:40:20.972,0.75113,0.75128,2.63,2.89
2018.05.18 20:40:21.499,0.75113,0.75127,2.44,1.07
2018.05.18 20:40:21.607,0.75113,0.75128,2.25,2.89
2018.05.18 20:40:22.224,0.75113,0.75127,2.06,1.07
2018.05.18 20:40:22.328,0.75113,0.75128,2.06,2.51
2018.05.18 20:40:22.431,0.75113,0.75127,2.63,1.07
2018.05.18 20:40:22.965,0.75113,0.75127,2.63,1.07
2018.05.18 20:40:23.625,0.75113,0.75128,3.38,2.51
2018.05.18 20:40:24.604,0.75113,0.75128,2.44,2.89
2018.05.18 20:40:26.314,0.75115,0.75128,1.19,1.76
2018.05.18 20:40:26.832,0.75114,0.75128,1.56,1.57
2018.05.18 20:40:31.162,0.75114,0.75129,2.19,4.01
2018.05.18 20:40:31.712,0.75114,0.75129,2.06,3.26
2018.05.18 20:40:32.967,0.75113,0.75128,3.19,1.07
2018.05.18 20:40:37.385,0.75113,0.75128,3.19,1.07
2018.05.18 20:40:40.034,0.75113,0.75128,3.19,1.07
2018.05.18 20:40:56.736,0.75114,0.75128,1.81,1.76
2018.05.18 20:40:57.559,0.75114,0.75128,1.94,1.20
2018.05.18 20:40:58.071,0.75114,0.75128,1.56,1.57
2018.05.18 20:40:58.586,0.75114,0.75128,1.56,1.20
2018.05.18 20:40:59.652,0.75114,0.75128,1.69,1.57
2018.05.18 20:41:00.774,0.75114,0.75128,1.56,1.57
2018.05.18 20:41:01.336,0.75114,0.75128,1.94,1.57
2018.05.18 20:41:01.841,0.75114,0.75128,2.00,1.20
2018.05.18 20:41:02.876,0.75114,0.75128,1.69,1.57
2018.05.18 20:41:03.501,0.75114,0.75128,1.56,1.20
2018.05.18 20:41:04.038,0.75114,0.75128,1.69,1.57
2018.05.18 20:41:09.749,0.75114,0.75128,1.31,1.45
2018.05.18 20:41:11.342,0.75114,0.75128,1.63,1.20
2018.05.18 20:41:11.887,0.75114,0.75128,2.81,1.20
2018.05.18 20:41:12.431,0.75114,0.75128,2.06,1.45
2018.05.18 20:41:16.312,0.75114,0.75128,1.69,1.45
2018.05.18 20:41:16.853,0.75114,0.75128,2.06,1.20
2018.05.18 20:41:18.715,0.75114,0.75128,1.69,1.45
2018.05.18 20:41:18.769,0.75114,0.75128,2.06,1.45
2018.05.18 20:41:19.283,0.75114,0.75128,1.69,1.45
2018.05.18 20:41:21.183,0.75114,0.75128,1.19,1.20
2018.05.18 20:41:21.478,0.75114,0.75128,1.31,1.20
2018.05.18 20:41:22.004,0.75113,0.75129,3.19,1.57
2018.05.18 20:41:22.073,0.75113,0.75129,3.19,1.57
2018.05.18 20:41:22.587,0.75114,0.75129,1.31,1.70
2018.05.18 20:41:23.098,0.75114,0.75129,1.50,1.70
2018.05.18 20:41:23.201,0.75113,0.75129,2.81,1.70
2018.05.18 20:41:25.363,0.75113,0.75129,4.01,1.45
2018.05.18 20:41:26.096,0.75114,0.75129,1.31,1.95
2018.05.18 20:41:26.202,0.75114,0.75129,1.19,1.20
2018.05.18 20:41:26.770,0.75114,0.75129,1.19,1.20
2018.05.18 20:41:27.276,0.75114,0.75129,1.69,1.39
2018.05.18 20:41:27.533,0.75114,0.75129,1.31,1.95
2018.05.18 20:41:27.738,0.75113,0.75129,3.56,1.76
2018.05.18 20:41:28.251,0.75114,0.75129,1.19,1.45
2018.05.18 20:41:29.156,0.75114,0.75129,1.31,2.14
2018.05.18 20:41:29.259,0.75113,0.75129,4.69,1.20
2018.05.18 20:41:30.287,0.75114,0.75129,1.31,2.14
2018.05.18 20:41:31.698,0.75114,0.75129,1.69,1.95
2018.05.18 20:41:32.202,0.75114,0.75129,2.44,2.14
2018.05.18 20:41:32.766,0.75114,0.75129,1.50,1.39
2018.05.18 20:41:33.286,0.75114,0.75129,1.69,1.32
2018.05.18 20:41:34.176,0.75114,0.75129,1.69,1.70
2018.05.18 20:41:34.718,0.75114,0.75129,1.69,1.32
2018.05.18 20:41:35.231,0.75114,0.75129,2.06,2.51
2018.05.18 20:41:36.006,0.75114,0.75129,1.69,1.32
2018.05.18 20:41:36.522,0.75114,0.75129,1.31,1.39
2018.05.18 20:41:37.052,0.75114,0.75129,2.44,1.76
2018.05.18 20:41:38.035,0.75114,0.75129,2.44,2.14
2018.05.18 20:41:38.546,0.75114,0.75129,1.69,1.32
2018.05.18 20:41:39.123,0.75114,0.75129,2.44,2.14
2018.05.18 20:41:39.738,0.75114,0.75129,1.69,1.39
2018.05.18 20:41:40.744,0.75114,0.75129,1.50,1.70
2018.05.18 20:41:41.258,0.75114,0.75129,2.44,2.14
2018.05.18 20:41:42.644,0.75114,0.75128,2.06,1.20
2018.05.18 20:41:43.178,0.75114,0.75128,2.81,1.10
2018.05.18 20:41:44.653,0.75114,0.75128,3.19,1.07
2018.05.18 20:41:45.356,0.75114,0.75128,2.06,1.20
2018.05.18 20:41:47.136,0.75114,0.75128,3.38,1.07
2018.05.18 20:41:47.774,0.75117,0.7513,1.19,1.57
2018.05.18 20:41:47.829,0.75119,0.75131,1.81,1.00
2018.05.18 20:41:48.038,0.75123,0.75135,1.25,1.39
2018.05.18 20:41:48.558,0.75123,0.75135,1.69,1.01
2018.05.18 20:41:52.118,0.75123,0.75135,2.44,1.00
2018.05.18 20:41:52.661,0.75123,0.75135,2.44,1.00
2018.05.18 20:41:53.169,0.75123,0.75135,2.44,1.00
2018.05.18 20:41:53.749,0.75123,0.75135,2.44,1.00
2018.05.18 20:41:55.627,0.75123,0.75135,2.44,1.00
2018.05.18 20:41:56.743,0.75123,0.75135,2.44,1.00
2018.05.18 20:41:56.911,0.75123,0.75135,2.44,1.00
2018.05.18 20:41:57.457,0.75123,0.75135,2.44,1.00
2018.05.18 20:41:58.043,0.75123,0.75135,2.44,1.00
2018.05.18 20:41:58.620,0.75123,0.75135,2.44,1.00
2018.05.18 20:42:00.414,0.75123,0.75135,1.69,1.00
2018.05.18 20:42:00.915,0.75123,0.75138,1.69,5.14
2018.05.18 20:42:36.173,0.75123,0.75137,1.69,1.07
2018.05.18 20:42:36.688,0.75123,0.75137,1.69,1.20
2018.05.18 20:42:42.566,0.75123,0.75138,1.87,3.82
2018.05.18 20:42:43.151,0.75124,0.75138,1.50,4.58
2018.05.18 20:43:03.230,0.75125,0.75137,1.00,2.14
2018.05.18 20:43:42.854,0.75125,0.75137,1.00,1.69
2018.05.18 20:43:43.412,0.75125,0.75137,1.00,2.14
2018.05.18 20:43:47.250,0.75124,0.75137,1.25,1.57
2018.05.18 20:43:57.089,0.75124,0.75137,1.00,1.20
2018.05.18 20:44:01.674,0.75123,0.75137,2.06,1.95
2018.05.18 20:44:08.182,0.75123,0.75137,2.06,2.14
2018.05.18 20:44:09.216,0.75123,0.75137,2.06,1.95
2018.05.18 20:44:09.766,0.75123,0.75137,2.06,1.95
2018.05.18 20:44:10.344,0.75123,0.75137,1.87,1.95
2018.05.18 20:44:12.357,0.75123,0.75137,1.31,1.26
2018.05.18 20:44:12.895,0.75123,0.75137,1.12,1.26
2018.05.18 20:44:14.114,0.75123,0.75137,2.06,1.57
2018.05.18 20:44:14.661,0.75123,0.75137,1.31,1.32
2018.05.18 20:44:15.020,0.75123,0.75137,1.31,1.32
2018.05.18 20:44:15.123,0.75123,0.75137,1.31,1.32
2018.05.18 20:44:17.055,0.75123,0.75137,1.25,1.76
2018.05.18 20:44:17.578,0.75123,0.75136,1.19,1.29
2018.05.18 20:44:35.565,0.75123,0.75136,1.12,1.32
2018.05.18 20:44:43.845,0.75123,0.75136,1.44,1.07
2018.05.18 20:44:44.728,0.75123,0.75136,1.25,1.32
2018.05.18 20:45:00.100,0.75123,0.75136,1.25,1.01
2018.05.18 20:45:00.625,0.75123,0.75137,1.00,1.69
2018.05.18 20:45:01.164,0.75123,0.75136,1.69,1.25
2018.05.18 20:45:03.140,0.75123,0.75136,1.69,1.19
2018.05.18 20:45:06.304,0.75123,0.75137,1.00,2.25
2018.05.18 20:45:11.093,0.75123,0.75137,1.00,1.76
2018.05.18 20:45:11.862,0.75124,0.75138,1.50,1.39
2018.05.18 20:45:12.500,0.75124,0.75139,1.00,2.14
2018.05.18 20:45:14.713,0.75125,0.7514,1.00,2.51
2018.05.18 20:45:15.251,0.75125,0.7514,1.00,2.14
2018.05.18 20:45:17.234,0.75125,0.7514,1.25,1.76
2018.05.18 20:45:17.285,0.75125,0.7514,1.00,1.76
2018.05.18 20:45:17.462,0.75125,0.7514,1.00,2.51
2018.05.18 20:45:31.714,0.75125,0.7514,1.00,1.64
2018.05.18 20:45:32.185,0.75125,0.7514,1.00,2.14
2018.05.18 20:45:34.751,0.75125,0.7514,1.00,2.51
2018.05.18 20:45:35.391,0.75124,0.7514,1.19,1.76
2018.05.18 20:45:37.405,0.75124,0.7514,1.69,1.76
2018.05.18 20:45:39.458,0.75124,0.75139,1.69,2.32
2018.05.18 20:45:46.941,0.75124,0.75139,1.25,1.76
2018.05.18 20:45:47.932,0.75124,0.75139,1.25,1.20
2018.05.18 20:45:54.638,0.75124,0.75137,1.25,1.25
2018.05.18 20:45:55.307,0.75125,0.75139,1.00,1.26
2018.05.18 20:45:56.683,0.75125,0.75139,1.00,1.26
2018.05.18 20:46:00.311,0.75125,0.75139,1.25,1.76
2018.05.18 20:46:00.769,0.75125,0.75139,1.19,1.76
2018.05.18 20:46:06.216,0.75125,0.75139,1.19,1.01
2018.05.18 20:46:18.545,0.75125,0.75139,1.19,1.10
2018.05.18 20:46:19.805,0.75125,0.75139,1.19,1.07
2018.05.18 20:46:20.551,0.75125,0.75139,1.19,1.10
2018.05.18 20:46:22.582,0.75125,0.75139,1.19,1.01
2018.05.18 20:46:28.741,0.75125,0.75139,1.19,1.32
2018.05.18 20:46:29.468,0.75126,0.75139,1.19,1.01
2018.05.18 20:46:37.573,0.75126,0.75139,1.25,1.10
2018.05.18 20:46:42.387,0.75124,0.7514,1.31,1.39
2018.05.18 20:46:43.032,0.75123,0.7514,2.51,1.39
2018.05.18 20:46:43.480,0.75124,0.7514,1.19,1.29
2018.05.18 20:47:05.776,0.75123,0.75139,1.39,1.29
2018.05.18 20:47:06.298,0.75122,0.75139,1.64,1.29
2018.05.18 20:47:08.826,0.75122,0.75139,2.51,1.01
2018.05.18 20:47:09.596,0.75122,0.75139,1.64,1.29
2018.05.18 20:47:10.292,0.75124,0.75139,1.19,1.01
2018.05.18 20:47:30.561,0.75123,0.75138,1.39,1.00
2018.05.18 20:47:37.541,0.75123,0.75138,1.39,1.00
2018.05.18 20:47:49.108,0.75123,0.75138,1.26,1.00
2018.05.18 20:47:49.786,0.75123,0.75139,1.26,1.76
2018.05.18 20:48:01.277,0.75124,0.75139,1.25,1.69
2018.05.18 20:48:04.597,0.75124,0.75139,1.19,1.69
2018.05.18 20:48:05.191,0.75123,0.75139,1.29,1.69
2018.05.18 20:48:07.517,0.75124,0.75138,1.29,1.00
2018.05.18 20:48:16.701,0.75124,0.7514,2.51,1.29
2018.05.18 20:48:25.561,0.75123,0.7514,1.76,2.51
2018.05.18 20:48:34.856,0.75123,0.75139,2.51,1.01
2018.05.18 20:48:35.358,0.75123,0.75139,2.51,1.29
2018.05.18 20:48:36.236,0.75123,0.75139,2.51,1.29
2018.05.18 20:48:36.584,0.75124,0.75139,1.32,1.29
2018.05.18 20:48:37.119,0.75122,0.75136,1.76,1.19
2018.05.18 20:48:38.786,0.75122,0.75136,2.14,1.19
2018.05.18 20:48:43.230,0.75122,0.75136,1.57,1.19
2018.05.18 20:48:43.591,0.75123,0.75136,1.07,1.00
2018.05.18 20:48:44.061,0.75123,0.75139,1.64,1.26
2018.05.18 20:48:50.414,0.75123,0.75139,1.39,1.19
2018.05.18 20:48:53.335,0.75123,0.75139,1.66,1.19
2018.05.18 20:48:53.993,0.75123,0.75139,1.66,1.25
2018.05.18 20:48:57.012,0.75122,0.75139,2.51,1.25
2018.05.18 20:48:58.590,0.75123,0.75139,1.66,1.19
2018.05.18 20:49:00.311,0.75123,0.75139,1.66,1.19
2018.05.18 20:49:00.913,0.75122,0.75138,1.29,1.69
2018.05.18 20:49:03.810,0.75123,0.75136,1.07,1.19
2018.05.18 20:49:03.863,0.75122,0.75136,1.10,1.19
2018.05.18 20:49:04.615,0.75123,0.75136,1.00,1.19
2018.05.18 20:49:06.126,0.75122,0.75136,1.10,1.19
2018.05.18 20:49:06.864,0.75122,0.75136,1.01,1.25
2018.05.18 20:49:08.750,0.75123,0.75136,1.00,1.25
2018.05.18 20:49:09.719,0.75122,0.75136,1.01,1.25
2018.05.18 20:49:17.169,0.75123,0.75136,1.00,1.25
2018.05.18 20:49:24.542,0.75123,0.75137,1.25,1.69
2018.05.18 20:49:25.347,0.75123,0.75137,1.00,1.69
2018.05.18 20:49:36.769,0.75122,0.75137,1.25,1.69
2018.05.18 20:49:44.757,0.75123,0.75137,1.00,2.44
2018.05.18 20:49:47.810,0.75122,0.75137,1.39,1.76
2018.05.18 20:49:48.813,0.75123,0.75137,1.00,2.51
2018.05.18 20:49:52.540,0.75123,0.75137,1.25,2.51
2018.05.18 20:49:53.107,0.75123,0.75137,1.00,2.51
2018.05.18 20:49:56.166,0.75122,0.75136,1.31,1.25
2018.05.18 20:49:56.284,0.75122,0.75136,1.31,1.25
2018.05.18 20:49:58.850,0.75122,0.75139,1.56,1.76
2018.05.18 20:49:59.158,0.75123,0.75139,1.62,2.51
2018.05.18 20:49:59.570,0.75124,0.75139,1.31,1.39
2018.05.18 20:49:59.622,0.75124,0.75138,1.31,1.01
2018.05.18 20:50:00.126,0.75122,0.75138,1.64,1.19
2018.05.18 20:50:04.625,0.75122,0.75139,1.76,1.39
2018.05.18 20:50:05.167,0.75125,0.75138,1.00,1.69
2018.05.18 20:50:05.741,0.75124,0.75138,1.25,1.76
2018.05.18 20:50:08.806,0.75124,0.75138,1.50,1.29
2018.05.18 20:50:20.843,0.75124,0.75138,1.00,1.29
2018.05.18 20:50:20.947,0.75122,0.75138,1.39,1.26
2018.05.18 20:50:21.104,0.75122,0.75131,1.00,1.00
2018.05.18 20:50:21.157,0.75113,0.75129,1.95,1.19
2018.05.18 20:50:21.964,0.75113,0.75128,1.76,1.26
2018.05.18 20:50:22.505,0.75111,0.75128,4.01,1.26
2018.05.18 20:50:23.286,0.75111,0.75128,1.26,1.26
2018.05.18 20:50:23.549,0.7511,0.75126,2.07,1.69
2018.05.18 20:50:24.281,0.75111,0.75126,2.89,3.26
2018.05.18 20:50:29.136,0.75113,0.75127,1.25,1.19
2018.05.18 20:50:35.058,0.75111,0.75126,3.64,1.32
2018.05.18 20:50:35.266,0.7511,0.75125,2.81,1.25
2018.05.18 20:50:39.184,0.7511,0.75125,3.26,1.25
2018.05.18 20:50:39.702,0.75105,0.7512,1.70,1.19
2018.05.18 20:50:39.807,0.75104,0.75118,1.01,1.69
2018.05.18 20:50:39.860,0.751,0.75112,2.14,1.00
2018.05.18 20:50:39.913,0.751,0.75112,3.26,1.00
2018.05.18 20:50:40.022,0.75096,0.75112,1.01,1.00
2018.05.18 20:50:40.078,0.751,0.75117,2.06,2.32
2018.05.18 20:50:43.659,0.751,0.75117,3.26,1.01
2018.05.18 20:50:50.407,0.75101,0.75118,2.89,1.39
2018.05.18 20:50:50.922,0.75101,0.75118,2.89,1.25
2018.05.18 20:50:51.423,0.75102,0.75118,1.32,1.01
2018.05.18 20:50:51.932,0.75102,0.75117,1.32,1.00
2018.05.18 20:50:55.726,0.75102,0.75119,1.01,1.07
2018.05.18 20:50:56.281,0.75103,0.75119,1.01,1.00
2018.05.18 20:51:04.255,0.75103,0.7512,1.89,1.25
2018.05.18 20:51:11.510,0.75103,0.75119,1.01,1.19
2018.05.18 20:51:12.257,0.75103,0.75119,1.95,1.00
2018.05.18 20:51:13.799,0.75103,0.75121,1.01,1.76
2018.05.18 20:51:21.426,0.75103,0.7512,1.95,1.00
2018.05.18 20:51:21.959,0.75103,0.7512,1.01,1.19
2018.05.18 20:51:22.491,0.75103,0.7512,1.01,1.25
2018.05.18 20:51:23.761,0.75103,0.7512,1.01,1.19
2018.05.18 20:51:33.243,0.75102,0.75122,1.01,2.70
2018.05.18 20:51:34.147,0.75102,0.75121,1.01,1.39
2018.05.18 20:51:34.568,0.75102,0.7512,1.32,1.57
2018.05.18 20:51:39.181,0.75103,0.7512,1.07,1.26
2018.05.18 20:51:52.594,0.75101,0.75121,1.95,3.64
2018.05.18 20:51:54.768,0.75107,0.75121,1.12,2.14
2018.05.18 20:51:54.821,0.75108,0.75125,1.31,1.64
2018.05.18 20:51:54.875,0.75109,0.75125,1.50,1.76
2018.05.18 20:51:54.927,0.75105,0.75121,1.01,1.69
2018.05.18 20:51:54.981,0.75111,0.75125,1.50,1.07
2018.05.18 20:51:55.086,0.75111,0.75127,1.25,2.14
2018.05.18 20:51:55.407,0.7511,0.75127,1.25,2.14
2018.05.18 20:51:55.935,0.75111,0.75126,1.00,1.39
2018.05.18 20:51:56.721,0.7511,0.75126,1.25,1.01
2018.05.18 20:52:00.126,0.7511,0.75126,1.19,1.76
2018.05.18 20:52:00.178,0.7511,0.75126,1.76,2.04
2018.05.18 20:52:00.230,0.75111,0.75126,1.19,2.32
2018.05.18 20:52:00.283,0.7511,0.75127,1.76,1.76
2018.05.18 20:52:05.173,0.75109,0.75125,1.19,1.66
2018.05.18 20:52:15.363,0.75109,0.75127,1.39,2.89
2018.05.18 20:52:16.028,0.7511,0.75126,1.29,1.01
2018.05.18 20:52:16.907,0.7511,0.75127,1.19,2.51
2018.05.18 20:52:31.683,0.75111,0.75126,2.44,1.39
2018.05.18 20:52:31.890,0.7511,0.75124,1.29,1.01
2018.05.18 20:52:36.416,0.75111,0.75126,2.44,1.69
2018.05.18 20:52:37.326,0.75108,0.75126,1.39,1.69
2018.05.18 20:52:37.907,0.75108,0.75124,2.32,1.20
2018.05.18 20:52:40.501,0.75108,0.75124,2.32,1.57
2018.05.18 20:52:43.503,0.75106,0.75122,2.32,1.37
2018.05.18 20:52:44.178,0.75107,0.75124,1.76,1.57
2018.05.18 20:52:48.703,0.75108,0.75124,1.76,1.45
2018.05.18 20:52:48.811,0.75103,0.7512,1.64,1.31
2018.05.18 20:52:48.863,0.751,0.7512,3.82,4.01
2018.05.18 20:52:49.599,0.75102,0.75119,1.20,1.76
2018.05.18 20:52:53.369,0.75102,0.75117,1.20,1.12
2018.05.18 20:52:54.160,0.75102,0.7512,1.57,1.51
2018.05.18 20:52:54.421,0.75103,0.75121,1.57,1.07
2018.05.18 20:52:54.574,0.75106,0.75124,1.95,1.26
2018.05.18 20:52:55.364,0.75104,0.75123,1.76,1.64
2018.05.18 20:52:56.018,0.75102,0.75122,1.95,1.20
2018.05.18 20:52:56.616,0.75102,0.75122,1.76,1.26
2018.05.18 20:52:57.198,0.75103,0.75122,1.01,1.39
2018.05.18 20:52:57.251,0.75101,0.75119,1.64,2.44
2018.05.18 20:52:57.304,0.751,0.75118,1.01,1.76
2018.05.18 20:52:57.357,0.751,0.75118,1.76,1.32
2018.05.18 20:52:57.498,0.75101,0.7512,1.01,1.01
2018.05.18 20:52:57.652,0.751,0.7512,3.26,1.26
2018.05.18 20:52:58.220,0.751,0.7512,3.26,1.26
2018.05.18 20:52:59.034,0.75101,0.7512,2.89,1.26
2018.05.18 20:53:06.630,0.75102,0.75121,1.66,1.01
2018.05.18 20:53:07.158,0.75101,0.75121,1.76,1.64
2018.05.18 20:53:10.474,0.75102,0.7512,1.01,1.07
2018.05.18 20:53:11.044,0.75101,0.75121,4.01,1.01
2018.05.18 20:53:19.403,0.75101,0.75121,1.01,1.39
2018.05.18 20:53:19.912,0.75101,0.75121,1.76,1.32
2018.05.18 20:53:37.672,0.75102,0.75121,1.66,1.51
2018.05.18 20:53:43.062,0.75102,0.75121,1.66,1.32
2018.05.18 20:53:43.720,0.75103,0.75121,1.39,1.32
2018.05.18 20:53:44.048,0.75102,0.75121,1.64,1.32
2018.05.18 20:53:44.826,0.75102,0.75121,1.64,1.32
2018.05.18 20:54:02.541,0.75102,0.75122,1.01,1.70
2018.05.18 20:54:03.326,0.75102,0.75122,1.76,1.64
2018.05.18 20:54:07.064,0.75109,0.75123,1.25,2.32
2018.05.18 20:54:07.118,0.75106,0.75125,1.01,2.89
2018.05.18 20:54:07.171,0.75105,0.75124,1.26,1.76
2018.05.18 20:54:07.275,0.75102,0.75122,3.26,1.20
2018.05.18 20:54:09.331,0.75103,0.75121,1.26,1.20
2018.05.18 20:54:10.461,0.75102,0.75122,1.76,1.39
2018.05.18 20:54:14.071,0.75102,0.75122,1.76,1.39
2018.05.18 20:54:14.873,0.75102,0.75122,1.76,1.64
2018.05.18 20:54:20.367,0.75102,0.75122,1.01,1.20
2018.05.18 20:54:21.159,0.75102,0.75122,1.01,1.20
2018.05.18 20:54:24.148,0.75103,0.75121,1.26,1.32
2018.05.18 20:54:24.773,0.75102,0.75121,1.01,1.32
2018.05.18 20:54:25.379,0.75103,0.75121,1.26,1.39
2018.05.18 20:54:26.029,0.75101,0.75121,4.95,1.39
2018.05.18 20:54:26.539,0.75103,0.75121,1.26,1.32
2018.05.18 20:54:28.436,0.75102,0.75122,1.01,1.01
2018.05.18 20:54:29.019,0.75102,0.75122,1.01,1.01
2018.05.18 20:54:41.429,0.75103,0.75121,1.01,1.19
2018.05.18 20:54:41.480,0.75102,0.75122,1.01,1.64
2018.05.18 20:54:41.583,0.75102,0.75122,1.76,1.01
2018.05.18 20:54:42.966,0.75102,0.75122,1.01,1.64
2018.05.18 20:54:43.515,0.75103,0.75121,1.32,1.51
2018.05.18 20:54:45.666,0.75103,0.75121,1.07,1.70
2018.05.18 20:54:46.580,0.75101,0.75121,4.20,1.70
2018.05.18 20:54:51.926,0.75102,0.75122,1.01,1.20
2018.05.18 20:54:52.539,0.75102,0.75122,1.01,1.20
2018.05.18 20:54:53.196,0.75102,0.75122,1.01,1.20
2018.05.18 20:55:00.232,0.75111,0.75126,1.69,1.01
2018.05.18 20:55:00.285,0.7511,0.75128,3.56,1.20
2018.05.18 20:55:00.344,0.75111,0.75129,2.51,1.76
2018.05.18 20:55:00.877,0.7511,0.75128,3.26,1.26
2018.05.18 20:55:01.393,0.7511,0.75128,4.20,1.26
2018.05.18 20:55:02.230,0.7511,0.75129,3.64,1.51
2018.05.18 20:55:03.090,0.75111,0.7513,1.01,1.01
2018.05.18 20:55:03.193,0.7511,0.7513,4.20,1.26
2018.05.18 20:55:03.722,0.7511,0.7513,4.20,1.26
2018.05.18 20:55:04.675,0.75111,0.7513,1.01,1.01
2018.05.18 20:55:05.171,0.7511,0.7513,3.26,1.26
2018.05.18 20:55:05.753,0.75111,0.7513,2.89,1.51
2018.05.18 20:55:11.775,0.75111,0.75131,3.26,1.01
2018.05.18 20:55:12.281,0.75111,0.7513,3.26,1.32
2018.05.18 20:55:17.437,0.75111,0.75131,1.01,1.07
2018.05.18 20:55:35.351,0.7511,0.75132,4.95,1.01
2018.05.18 20:55:37.547,0.7511,0.75132,4.95,1.01
2018.05.18 20:55:39.841,0.7511,0.75132,4.95,1.01
2018.05.18 20:55:40.448,0.7511,0.75132,4.57,1.01
2018.05.18 20:55:51.219,0.75111,0.75133,2.89,5.14
2018.05.18 20:55:51.815,0.75111,0.75131,3.82,1.26
2018.05.18 20:55:55.265,0.75111,0.75133,1.89,2.89
2018.05.18 20:55:57.570,0.7511,0.75133,4.57,2.14
2018.05.18 20:55:58.308,0.7511,0.75133,4.57,2.14
2018.05.18 20:56:02.145,0.7511,0.75133,4.57,1.20
2018.05.18 20:56:05.764,0.75111,0.75133,3.82,4.20
2018.05.18 20:56:06.285,0.75111,0.75133,2.89,4.20
2018.05.18 20:56:09.097,0.75111,0.75133,2.89,4.01
2018.05.18 20:56:10.739,0.7511,0.75133,3.82,1.01
2018.05.18 20:56:11.317,0.75111,0.75133,2.51,4.20
2018.05.18 20:56:13.759,0.75111,0.75133,3.45,5.14
2018.05.18 20:56:14.533,0.75111,0.75132,1.32,1.70
2018.05.18 20:56:22.541,0.7511,0.75133,3.82,1.95
2018.05.18 20:56:28.531,0.75111,0.75132,2.51,1.51
2018.05.18 20:56:29.176,0.7511,0.75132,3.82,1.51
2018.05.18 20:56:35.534,0.75111,0.75132,2.51,1.26
2018.05.18 20:56:36.321,0.75111,0.75133,2.89,3.82
2018.05.18 20:56:37.465,0.75121,0.75141,2.25,2.89
2018.05.18 20:56:37.623,0.75121,0.7514,2.32,1.29
2018.05.18 20:56:38.139,0.7512,0.75139,4.01,1.44
2018.05.18 20:56:38.963,0.7512,0.75139,3.45,1.29
2018.05.18 20:56:43.305,0.7512,0.7514,3.45,1.26
2018.05.18 20:56:45.592,0.75121,0.75138,1.10,1.19
2018.05.18 20:56:46.111,0.7512,0.7514,4.39,1.70
2018.05.18 20:56:46.995,0.7512,0.7514,3.45,1.39
2018.05.18 20:56:47.098,0.7512,0.7514,2.32,1.20
2018.05.18 20:56:49.938,0.75121,0.75139,2.32,1.29
2018.05.18 20:56:50.534,0.75121,0.75139,2.32,1.19
2018.05.18 20:56:51.369,0.7512,0.7514,1.57,2.14
2018.05.18 20:56:54.845,0.7512,0.7514,1.57,2.51
2018.05.18 20:56:55.590,0.75121,0.75138,1.00,1.44
2018.05.18 20:57:00.024,0.75118,0.75139,3.82,1.20
2018.05.18 20:57:02.569,0.75121,0.75139,1.00,1.20
2018.05.18 20:57:03.177,0.75118,0.75138,3.07,1.19
2018.05.18 20:57:05.078,0.75118,0.75138,3.07,1.29
2018.05.18 20:57:06.954,0.75118,0.75139,2.32,1.57
2018.05.18 20:57:07.541,0.75118,0.75139,2.32,1.57
2018.05.18 20:57:11.152,0.75117,0.75137,2.89,1.29
2018.05.18 20:57:11.764,0.75117,0.75139,3.07,1.76
2018.05.18 20:57:17.625,0.75117,0.75139,3.07,1.76
2018.05.18 20:57:18.440,0.75117,0.75138,2.89,1.51
2018.05.18 20:57:19.839,0.75119,0.75139,2.51,1.01
2018.05.18 20:57:21.444,0.75118,0.7514,2.89,1.01
2018.05.18 20:57:28.449,0.75119,0.75141,1.07,4.00
2018.05.18 20:57:29.540,0.75119,0.75141,1.07,4.00
2018.05.18 20:57:37.540,0.75118,0.7514,3.64,1.70
2018.05.18 20:57:39.438,0.75121,0.75141,1.50,2.51
2018.05.18 20:57:39.975,0.7512,0.75141,1.57,2.51
2018.05.18 20:57:53.165,0.75118,0.75134,1.07,2.44
2018.05.18 20:57:53.217,0.75111,0.75133,2.32,1.29
2018.05.18 20:57:53.269,0.75112,0.7513,1.39,1.19
2018.05.18 20:57:53.577,0.75111,0.75133,1.00,1.19
2018.05.18 20:57:53.629,0.75104,0.75136,1.00,1.87
2018.05.18 20:57:53.682,0.75101,0.75141,1.37,1.75
2018.05.18 20:57:59.235,0.751,0.75143,1.75,1.69
2018.05.18 20:58:02.395,0.75097,0.75144,2.25,2.06
2018.05.18 20:58:04.161,0.75094,0.75143,1.75,1.81
2018.05.18 20:58:04.263,0.75091,0.75133,1.37,1.37
2018.05.18 20:58:04.567,0.75091,0.75133,1.50,1.50
2018.05.18 20:58:06.270,0.75087,0.75137,1.75,1.87
2018.05.18 20:58:08.713,0.7509,0.75134,1.37,1.75
2018.05.18 20:58:09.472,0.7509,0.75134,1.37,1.50
2018.05.18 20:58:11.329,0.7509,0.75134,1.00,1.00
2018.05.18 20:58:13.212,0.75087,0.75133,1.00,1.00
2018.05.18 20:58:13.265,0.75085,0.75134,1.00,1.00
2018.05.18 20:58:13.926,0.75084,0.75134,1.00,1.00
2018.05.18 20:58:14.213,0.75084,0.75136,1.00,1.00
2018.05.18 20:58:14.587,0.75091,0.75133,1.00,1.00
2018.05.18 20:58:14.903,0.75087,0.75137,1.00,1.25
2018.05.18 20:58:19.167,0.75084,0.75133,1.25,1.00
2018.05.18 20:58:19.540,0.75085,0.75124,1.00,1.00
2018.05.18 20:58:20.254,0.75085,0.75127,1.00,1.25
2018.05.18 20:58:20.483,0.75085,0.75124,1.00,1.00
2018.05.18 20:58:21.047,0.75085,0.75123,1.00,1.00
2018.05.18 20:58:21.340,0.75081,0.75123,1.00,1.00
2018.05.18 20:58:21.392,0.75081,0.75123,1.00,1.19
2018.05.18 20:58:23.663,0.7508,0.75124,1.00,1.00
2018.05.18 20:58:24.447,0.75081,0.75123,1.00,1.00
2018.05.18 20:58:27.573,0.7508,0.75124,1.00,1.00
2018.05.18 20:58:28.132,0.75081,0.75123,1.00,1.00
2018.05.18 20:58:48.834,0.7508,0.75124,1.00,1.00
2018.05.18 20:58:51.770,0.75081,0.75123,1.00,1.00
2018.05.18 20:58:59.808,0.75079,0.75123,1.00,1.00
2018.05.18 20:59:00.235,0.75081,0.75123,0.75,0.75
2018.05.18 20:59:00.595,0.75077,0.75123,0.75,0.75
2018.05.18 20:59:01.367,0.75076,0.75124,0.75,0.75
2018.05.18 20:59:02.361,0.75074,0.75126,0.75,0.75
2018.05.18 20:59:10.740,0.75073,0.75127,0.75,0.75
2018.05.18 20:59:11.459,0.75074,0.75126,0.75,0.75
2018.05.18 20:59:18.137,0.75078,0.75126,0.19,0.75
2018.05.18 20:59:26.140,0.75078,0.75127,0.19,0.75
2018.05.18 20:59:30.191,0.75078,0.75128,0.19,0.19
2018.05.18 20:59:35.718,0.75077,0.75129,0.19,0.75
2018.05.18 20:59:36.246,0.75078,0.75129,0.19,0.75
2018.05.18 20:59:40.022,0.75082,0.75129,0.19,0.75
2018.05.18 20:59:41.528,0.75071,0.75129,0.75,0.75
2018.05.18 20:59:46.432,0.75085,0.75129,0.75,0.75
2018.05.18 20:59:46.484,0.75085,0.75134,0.75,0.75
2018.05.18 20:59:47.968,0.75071,0.75134,0.75,0.75
2018.05.18 20:59:52.486,0.7507,0.75134,0.75,0.75
2018.05.18 20:59:55.166,0.75064,0.75134,0.75,0.75
