2008.10.02 21:00:00.284,0.7723,0.7727,0.43,1.60
2008.10.02 21:00:00.561,0.7722,0.77275,3.50,1.30
2008.10.02 21:00:05.280,0.7723,0.77285,5.40,0.74
2008.10.02 21:00:07.701,0.77235,0.77285,0.86,3.60
2008.10.02 21:00:21.064,0.77222,0.77302,1.00,1.80
2008.10.02 21:00:43.493,0.77237,0.77292,0.42,0.87
2008.10.02 21:01:12.630,0.7725,0.77305,1.60,0.58
2008.10.02 21:01:18.436,0.77245,0.773,0.62,1.50
2008.10.02 21:01:18.804,0.7724,0.77295,0.79,1.40
2008.10.02 21:01:19.852,0.77195,0.77335,0.90,1.80
2008.10.02 21:01:23.683,0.7721,0.77325,1.10,2.50
2008.10.02 21:01:23.907,0.7721,0.7732,3.80,1.70
2008.10.02 21:01:25.635,0.77205,0.77325,4.20,1.80
2008.10.02 21:01:31.675,0.7721,0.77315,0.63,1.20
2008.10.02 21:01:37.411,0.772,0.77325,0.48,1.20
2008.10.02 21:02:13.023,0.7721,0.7732,1.10,0.91
2008.10.02 21:02:13.671,0.7723,0.773,1.10,0.94
2008.10.02 21:03:25.013,0.7724,0.7726,2.50,0.93
2008.10.02 21:03:27.972,0.77238,0.77263,0.93,1.10
2008.10.02 21:03:28.193,0.77238,0.77263,1.80,1.60
2008.10.02 21:03:31.057,0.77233,0.77268,1.00,1.90
2008.10.02 21:03:31.297,0.77233,0.77268,1.20,1.50
2008.10.02 21:03:31.537,0.77233,0.77268,3.90,0.36
2008.10.02 21:03:32.561,0.77233,0.77268,1.30,2.60
2008.10.02 21:03:34.125,0.77235,0.77265,0.94,0.52
2008.10.02 21:03:34.881,0.77235,0.77265,0.71,2.00
2008.10.02 21:03:35.093,0.77235,0.77265,1.60,1.10
2008.10.02 21:03:44.205,0.77235,0.77265,1.70,1.00
2008.10.02 21:03:44.457,0.7724,0.7726,1.30,1.70
2008.10.02 21:03:45.005,0.77243,0.77258,3.10,0.78
2008.10.02 21:03:45.258,0.77243,0.77258,0.63,0.65
2008.10.02 21:03:45.674,0.77243,0.77258,1.80,1.50
2008.10.02 21:03:46.893,0.77235,0.77265,2.10,1.80
2008.10.02 21:03:48.811,0.77235,0.77265,2.00,2.70
2008.10.02 21:03:49.146,0.77235,0.77265,1.20,0.96
2008.10.02 21:03:50.914,0.77235,0.77265,1.30,0.81
2008.10.02 21:03:51.105,0.77233,0.77268,1.70,1.50
2008.10.02 21:03:54.164,0.77233,0.77268,1.10,3.30
2008.10.02 21:03:54.861,0.77233,0.77268,0.77,1.60
2008.10.02 21:03:56.281,0.77233,0.77268,2.70,3.70
2008.10.02 21:03:56.890,0.77233,0.77268,0.93,0.57
2008.10.02 21:03:57.441,0.77238,0.77263,4.50,0.80
2008.10.02 21:03:58.107,0.77233,0.77268,1.90,1.10
2008.10.02 21:03:58.537,0.77233,0.77268,0.70,1.50
2008.10.02 21:04:50.143,0.7722,0.773,0.91,0.67
2008.10.02 21:04:50.499,0.7721,0.773,2.10,1.50
2008.10.02 21:04:50.731,0.7719,0.773,1.10,1.00
2008.10.02 21:04:57.631,0.772,0.773,1.40,1.00
2008.10.02 21:05:00.639,0.7721,0.773,1.60,1.80
2008.10.02 21:05:01.392,0.7721,0.77295,1.30,2.60
2008.10.02 21:05:01.591,0.7721,0.77265,0.37,1.70
2008.10.02 21:05:07.419,0.77192,0.77287,0.36,1.60
2008.10.02 21:05:11.271,0.7721,0.77265,3.20,1.80
2008.10.02 21:05:27.811,0.77192,0.77287,0.94,0.99
2008.10.02 21:05:30.564,0.7721,0.7729,1.90,1.30
2008.10.02 21:05:31.299,0.7721,0.77255,1.50,4.40
2008.10.02 21:06:14.259,0.772,0.7724,0.93,0.60
2008.10.02 21:06:17.833,0.7719,0.7724,1.30,1.60
2008.10.02 21:06:18.007,0.7719,0.7724,1.20,1.50
2008.10.02 21:06:21.015,0.7719,0.7722,1.20,0.98
2008.10.02 21:06:24.534,0.7719,0.7722,1.00,0.43
2008.10.02 21:06:33.071,0.7719,0.7722,1.40,1.40
2008.10.02 21:06:41.979,0.7719,0.7722,0.96,1.80
2008.10.02 21:06:45.676,0.7719,0.7721,1.40,0.78
2008.10.02 21:06:46.012,0.7718,0.772,0.86,2.10
2008.10.02 21:07:02.976,0.7718,0.772,0.68,2.20
2008.10.02 21:07:03.154,0.7718,0.7721,2.10,2.90
2008.10.02 21:07:03.666,0.7719,0.7721,0.98,0.87
2008.10.02 21:07:03.983,0.7719,0.7722,0.71,2.00
2008.10.02 21:07:17.919,0.7719,0.77215,2.20,0.59
2008.10.02 21:07:18.120,0.7718,0.7721,1.20,1.70
2008.10.02 21:07:25.159,0.7718,0.7721,1.60,2.70
2008.10.02 21:07:25.384,0.7718,0.772,2.70,1.50
2008.10.02 21:07:31.318,0.7718,0.7721,1.70,1.20
2008.10.02 21:07:33.338,0.7718,0.7722,1.30,1.20
2008.10.02 21:07:35.887,0.7718,0.77215,1.30,2.50
2008.10.02 21:07:36.328,0.7718,0.7721,1.90,1.60
2008.10.02 21:07:51.898,0.7718,0.7721,3.10,2.30
2008.10.02 21:07:52.236,0.7718,0.772,1.20,2.80
2008.10.02 21:08:00.844,0.7718,0.7721,3.30,0.94
2008.10.02 21:08:01.273,0.7718,0.7722,1.10,1.90
2008.10.02 21:08:03.816,0.7718,0.7722,1.30,2.40
2008.10.02 21:08:04.032,0.7718,0.7722,0.95,1.90
2008.10.02 21:08:17.127,0.7719,0.7722,3.90,1.50
2008.10.02 21:08:19.748,0.772,0.7723,0.93,2.60
2008.10.02 21:08:22.328,0.772,0.7724,0.69,1.70
2008.10.02 21:08:28.001,0.7722,0.7724,0.36,2.20
2008.10.02 21:08:28.244,0.772,0.7724,3.20,0.82
2008.10.02 21:08:33.743,0.772,0.7724,0.38,1.50
2008.10.02 21:08:35.626,0.7721,0.7724,2.40,0.72
2008.10.02 21:08:37.661,0.7722,0.7724,0.68,1.30
2008.10.02 21:08:45.635,0.7721,0.7724,0.64,0.53
2008.10.02 21:09:15.194,0.7722,0.7724,0.88,1.20
2008.10.02 21:09:33.468,0.7724,0.7725,1.90,1.10
2008.10.02 21:09:33.856,0.7724,0.7726,0.86,1.20
2008.10.02 21:09:34.536,0.7723,0.7726,1.50,0.80
2008.10.02 21:09:36.103,0.7725,0.7726,1.10,1.30
2008.10.02 21:09:36.619,0.7725,0.7726,0.44,2.20
2008.10.02 21:09:36.959,0.7725,0.7727,2.00,1.60
2008.10.02 21:09:37.370,0.7727,0.7728,2.70,0.96
2008.10.02 21:09:38.163,0.7727,0.7731,1.60,0.56
2008.10.02 21:09:44.718,0.7725,0.773,2.10,2.40
2008.10.02 21:09:45.816,0.7725,0.7728,0.71,1.30
2008.10.02 21:09:59.576,0.77225,0.773,0.64,1.60
2008.10.02 21:10:05.326,0.7724,0.7728,2.40,3.30
2008.10.02 21:10:05.758,0.77238,0.77277,0.73,0.34
2008.10.02 21:10:05.978,0.7723,0.7725,0.85,1.70
2008.10.02 21:10:08.769,0.7722,0.7725,2.10,1.40
2008.10.02 21:10:56.454,0.7721,0.7725,1.20,1.70
2008.10.02 21:10:57.042,0.7721,0.7725,1.60,1.00
2008.10.02 21:10:58.818,0.7721,0.7726,0.88,1.10
2008.10.02 21:10:59.862,0.7722,0.7726,0.89,1.10
2008.10.02 21:11:04.400,0.77245,0.7726,1.20,2.20
2008.10.02 21:11:04.598,0.77245,0.7727,0.43,1.90
2008.10.02 21:11:08.242,0.77223,0.77288,0.40,1.30
2008.10.02 21:11:08.550,0.77226,0.77281,0.84,0.87
2008.10.02 21:11:14.184,0.7724,0.7726,1.10,1.70
2008.10.02 21:11:32.502,0.7722,0.7726,1.50,1.00
2008.10.02 21:11:42.558,0.7722,0.7726,0.76,0.75
2008.10.02 21:11:43.011,0.7722,0.7726,1.50,1.20
2008.10.02 21:11:52.291,0.7722,0.7726,1.60,1.10
2008.10.02 21:12:46.418,0.77217,0.77243,0.97,0.59
2008.10.02 21:12:46.582,0.7722,0.77235,1.80,0.88
2008.10.02 21:12:46.747,0.77215,0.77245,2.10,1.10
2008.10.02 21:12:49.766,0.77215,0.77245,1.10,0.60
2008.10.02 21:12:49.920,0.77212,0.77248,1.50,0.47
2008.10.02 21:12:50.928,0.77215,0.77245,1.50,2.40
2008.10.02 21:12:51.113,0.77212,0.77248,1.00,0.98
2008.10.02 21:12:52.978,0.77215,0.77245,1.00,1.10
2008.10.02 21:12:53.206,0.77215,0.77245,4.30,2.00
2008.10.02 21:12:53.932,0.77215,0.77245,1.70,0.67
2008.10.02 21:12:54.033,0.77212,0.77248,1.90,1.80
2008.10.02 21:13:28.139,0.7722,0.77235,0.70,0.93
2008.10.02 21:13:28.337,0.7722,0.77235,1.20,2.20
2008.10.02 21:13:28.534,0.7721,0.77235,0.79,0.71
2008.10.02 21:13:34.809,0.7721,0.7722,0.72,1.20
2008.10.02 21:13:34.949,0.7719,0.7722,0.98,1.50
2008.10.02 21:13:36.287,0.77165,0.7725,1.20,1.00
2008.10.02 21:13:36.473,0.77177,0.77242,1.50,1.30
2008.10.02 21:13:38.914,0.77194,0.77229,0.67,0.97
2008.10.02 21:13:42.102,0.77184,0.77244,1.10,0.93
2008.10.02 21:13:48.611,0.7721,0.7725,0.58,0.73
2008.10.02 21:13:49.176,0.7721,0.7725,1.10,3.00
2008.10.02 21:13:50.673,0.7721,0.7725,0.66,0.63
2008.10.02 21:13:50.801,0.7722,0.7725,0.69,0.99
2008.10.02 21:13:50.911,0.7722,0.7726,0.69,0.44
2008.10.02 21:14:16.113,0.7722,0.77255,1.00,0.79
2008.10.02 21:14:16.319,0.7721,0.7725,0.60,1.00
2008.10.02 21:14:29.597,0.7721,0.7723,0.94,2.30
2008.10.02 21:14:30.105,0.7721,0.7723,0.92,0.98
2008.10.02 21:14:37.179,0.7721,0.7725,3.80,0.82
2008.10.02 21:14:42.829,0.7721,0.77235,2.10,1.10
2008.10.02 21:14:43.225,0.7721,0.7726,0.72,1.70
2008.10.02 21:14:47.302,0.7721,0.7724,0.45,1.50
2008.10.02 21:14:47.877,0.7721,0.7724,1.10,0.93
2008.10.02 21:14:50.285,0.7721,0.7723,1.70,1.50
2008.10.02 21:14:50.446,0.7721,0.7723,1.50,0.62
2008.10.02 21:14:55.813,0.7721,0.7724,0.71,0.49
2008.10.02 21:14:56.001,0.7721,0.7725,0.90,2.60
2008.10.02 21:14:58.804,0.7721,0.7723,1.10,1.90
2008.10.02 21:14:59.413,0.7721,0.7723,0.92,1.80
2008.10.02 21:15:06.639,0.7721,0.7723,1.70,1.30
2008.10.02 21:15:06.837,0.77208,0.77228,0.42,1.30
2008.10.02 21:15:07.072,0.77206,0.77226,0.31,0.68
2008.10.02 21:15:07.290,0.7719,0.7721,0.74,1.10
2008.10.02 21:15:25.153,0.7719,0.7721,1.10,1.00
2008.10.02 21:15:25.313,0.7719,0.7722,2.50,1.00
2008.10.02 21:15:30.103,0.7719,0.7721,0.45,2.10
2008.10.02 21:15:30.501,0.7719,0.7721,1.90,2.00
2008.10.02 21:15:35.257,0.7719,0.7721,1.10,0.79
2008.10.02 21:15:35.361,0.7719,0.7723,1.70,2.00
2008.10.02 21:15:42.720,0.7719,0.7723,1.90,1.80
2008.10.02 21:15:44.990,0.7719,0.7723,0.79,1.60
2008.10.02 21:15:56.841,0.7719,0.77235,0.54,2.00
2008.10.02 21:16:33.420,0.7719,0.7725,1.90,0.88
2008.10.02 21:16:36.196,0.7719,0.7725,1.10,1.00
2008.10.02 21:16:55.196,0.7719,0.7725,1.40,1.70
2008.10.02 21:16:59.373,0.7721,0.7725,1.50,1.10
2008.10.02 21:17:00.816,0.7722,0.7725,0.68,1.60
2008.10.02 21:17:54.799,0.7722,0.7725,1.10,1.50
2008.10.02 21:17:55.372,0.7721,0.7724,2.10,0.89
2008.10.02 21:18:06.220,0.7722,0.7725,1.00,1.30
2008.10.02 21:18:16.771,0.7722,0.7725,4.00,1.30
2008.10.02 21:18:17.484,0.77218,0.77248,1.60,0.55
2008.10.02 21:18:25.528,0.77211,0.7725,1.10,1.10
2008.10.02 21:18:27.880,0.77208,0.77248,0.78,2.10
2008.10.02 21:18:28.588,0.772,0.7723,0.33,2.10
2008.10.02 21:19:13.608,0.7719,0.7723,0.94,0.30
2008.10.02 21:19:16.288,0.7719,0.7723,0.84,1.60
2008.10.02 21:19:16.789,0.7721,0.7723,0.47,1.10
2008.10.02 21:19:17.071,0.7721,0.7724,1.90,2.30
2008.10.02 21:19:31.360,0.7721,0.7723,2.00,0.94
2008.10.02 21:19:31.596,0.7719,0.7723,0.58,0.56
2008.10.02 21:19:32.306,0.7719,0.7724,1.40,1.40
2008.10.02 21:19:35.066,0.7719,0.7724,1.10,2.10
2008.10.02 21:19:35.590,0.772,0.7724,4.90,1.10
2008.10.02 21:19:37.616,0.7722,0.7725,1.70,0.95
2008.10.02 21:20:39.339,0.77218,0.77248,1.10,0.43
2008.10.02 21:20:40.137,0.77216,0.77246,1.30,2.20
2008.10.02 21:20:41.874,0.77212,0.77237,0.48,1.50
2008.10.02 21:20:41.952,0.77217,0.77243,0.70,1.50
2008.10.02 21:20:42.123,0.77214,0.77244,0.77,3.50
2008.10.02 21:20:45.366,0.77211,0.77241,0.97,0.69
2008.10.02 21:20:45.420,0.77207,0.77237,0.71,2.00
2008.10.02 21:20:45.522,0.77208,0.77238,4.30,1.60
2008.10.02 21:20:45.919,0.77213,0.77243,1.20,0.91
2008.10.02 21:20:46.058,0.7722,0.77245,0.99,1.20
2008.10.02 21:20:46.140,0.77219,0.77244,0.73,1.40
2008.10.02 21:20:46.303,0.77219,0.77244,1.30,2.10
2008.10.02 21:20:46.976,0.7722,0.77245,1.70,1.30
2008.10.02 21:20:49.752,0.77215,0.77245,0.93,1.20
2008.10.02 21:21:36.952,0.7723,0.7725,1.30,1.40
2008.10.02 21:21:51.107,0.7722,0.7725,1.30,1.80
2008.10.02 21:21:51.312,0.7722,0.7725,1.40,0.67
2008.10.02 21:22:52.853,0.77223,0.77243,0.77,1.10
2008.10.02 21:22:53.035,0.77221,0.77241,2.70,1.30
2008.10.02 21:22:55.791,0.77216,0.77241,1.40,0.78
2008.10.02 21:22:56.550,0.77207,0.77233,0.63,1.40
2008.10.02 21:23:23.927,0.77207,0.77233,0.32,1.20
2008.10.02 21:23:31.750,0.77197,0.77223,0.44,1.00
2008.10.02 21:23:47.003,0.77207,0.77233,1.30,2.00
2008.10.02 21:23:47.394,0.77207,0.77233,3.80,1.90
2008.10.02 21:23:50.834,0.77207,0.77233,1.20,3.20
2008.10.02 21:23:50.971,0.77207,0.77233,1.10,0.85
2008.10.02 21:23:51.102,0.77205,0.77235,1.40,1.40
2008.10.02 21:23:51.229,0.7721,0.7723,0.84,2.20
2008.10.02 21:24:06.450,0.7722,0.7725,0.83,1.00
2008.10.02 21:24:06.675,0.77198,0.77268,1.50,2.40
2008.10.02 21:24:06.899,0.77198,0.77263,0.91,2.00
2008.10.02 21:24:23.739,0.7719,0.7724,0.85,2.00
2008.10.02 21:24:35.876,0.7719,0.7724,2.20,0.52
2008.10.02 21:24:36.212,0.7719,0.77245,1.80,1.20
2008.10.02 21:24:45.375,0.7719,0.7724,1.10,1.20
2008.10.02 21:24:45.539,0.7719,0.7724,0.80,1.60
2008.10.02 21:24:46.280,0.77195,0.77245,0.47,1.50
2008.10.02 21:24:58.691,0.772,0.7725,1.60,3.00
2008.10.02 21:24:58.811,0.772,0.7725,0.64,1.80
2008.10.02 21:25:26.919,0.772,0.7725,1.00,0.49
2008.10.02 21:25:36.804,0.772,0.7725,0.72,7.20
2008.10.02 21:25:37.005,0.77205,0.7725,1.60,0.86
2008.10.02 21:25:37.662,0.772,0.7725,2.10,1.50
2008.10.02 21:25:37.737,0.772,0.7725,1.10,1.10
2008.10.02 21:25:38.207,0.772,0.7725,1.00,1.70
2008.10.02 21:26:04.135,0.772,0.7725,1.30,1.40
2008.10.02 21:26:04.231,0.77205,0.7725,2.80,1.60
2008.10.02 21:26:37.683,0.77225,0.7725,1.10,0.72
2008.10.02 21:26:38.046,0.7724,0.7725,0.93,1.70
2008.10.02 21:26:38.420,0.7724,0.7727,1.50,0.74
2008.10.02 21:26:38.732,0.7724,0.7727,0.95,3.10
2008.10.02 21:26:53.522,0.77225,0.7726,1.70,4.90
2008.10.02 21:26:53.728,0.77205,0.77275,1.50,1.20
2008.10.02 21:26:58.226,0.77208,0.77268,1.50,3.90
2008.10.02 21:27:17.686,0.77195,0.7725,1.10,0.98
2008.10.02 21:27:17.850,0.77195,0.7725,0.90,4.80
2008.10.02 21:27:18.350,0.772,0.7725,1.60,1.40
2008.10.02 21:27:24.462,0.772,0.7725,3.00,1.80
2008.10.02 21:27:24.610,0.772,0.7725,0.33,1.40
2008.10.02 21:27:39.195,0.77205,0.7725,0.99,3.90
2008.10.02 21:27:45.954,0.77225,0.7725,0.59,0.75
2008.10.02 21:27:46.504,0.7724,0.7725,1.60,1.70
2008.10.02 21:27:46.646,0.7724,0.7727,0.90,3.20
2008.10.02 21:27:46.999,0.7724,0.7727,0.53,2.20
2008.10.02 21:27:56.538,0.77225,0.7727,1.80,1.30
2008.10.02 21:27:56.700,0.77223,0.77268,0.67,3.90
2008.10.02 21:28:01.903,0.7722,0.7725,0.77,0.53
2008.10.02 21:28:04.694,0.7723,0.7725,1.10,0.84
2008.10.02 21:28:17.836,0.7724,0.7725,0.71,3.10
2008.10.02 21:28:18.443,0.7724,0.7727,0.35,2.10
2008.10.02 21:28:18.700,0.7724,0.7727,1.70,1.40
2008.10.02 21:28:37.208,0.7724,0.7727,3.60,0.62
2008.10.02 21:29:20.023,0.7724,0.7727,1.70,1.40
2008.10.02 21:29:20.770,0.7725,0.7727,1.30,1.00
2008.10.02 21:29:21.754,0.7725,0.7727,1.70,1.00
2008.10.02 21:29:23.817,0.7725,0.7727,1.10,1.70
2008.10.02 21:29:23.959,0.7725,0.7727,3.50,0.62
2008.10.02 21:30:06.674,0.7725,0.7727,1.60,0.41
2008.10.02 21:30:07.159,0.77252,0.77272,0.42,1.30
2008.10.02 21:30:09.688,0.77254,0.77274,0.94,1.70
2008.10.02 21:30:11.980,0.77231,0.77301,1.30,0.94
2008.10.02 21:30:26.793,0.77241,0.77296,1.00,0.82
2008.10.02 21:30:26.941,0.77241,0.77301,0.29,1.50
2008.10.02 21:30:27.306,0.77243,0.77303,1.80,0.62
2008.10.02 21:30:28.890,0.7727,0.77305,3.00,0.63
2008.10.02 21:30:36.262,0.7728,0.7729,0.78,0.77
2008.10.02 21:30:39.506,0.7726,0.7729,0.40,3.20
2008.10.02 21:30:39.615,0.77265,0.7729,2.50,1.30
2008.10.02 21:30:39.739,0.77265,0.7729,1.30,1.00
2008.10.02 21:30:42.483,0.77255,0.7727,1.20,0.98
2008.10.02 21:30:45.907,0.7725,0.7729,1.10,1.10
2008.10.02 21:30:46.186,0.7725,0.7727,1.30,0.75
2008.10.02 21:30:46.269,0.7723,0.7727,1.60,0.98
2008.10.02 21:30:46.794,0.7723,0.7727,1.10,2.10
2008.10.02 21:30:47.849,0.7723,0.7729,1.30,2.50
2008.10.02 21:30:49.090,0.7724,0.7729,0.91,0.79
2008.10.02 21:30:49.211,0.77275,0.7729,0.94,2.40
2008.10.02 21:30:49.273,0.7725,0.7732,0.86,3.50
2008.10.02 21:30:54.078,0.77272,0.77302,0.70,0.80
2008.10.02 21:30:54.363,0.77284,0.77294,0.41,0.72
2008.10.02 21:30:54.814,0.77281,0.77301,1.30,0.56
2008.10.02 21:31:01.665,0.77278,0.77308,0.94,2.00
2008.10.02 21:31:01.967,0.7728,0.7731,0.58,1.00
2008.10.02 21:31:02.170,0.77277,0.77317,1.20,1.10
2008.10.02 21:31:02.376,0.77284,0.77314,0.64,0.77
2008.10.02 21:31:07.129,0.77289,0.77314,1.40,1.20
2008.10.02 21:31:07.572,0.77299,0.77309,1.80,1.20
2008.10.02 21:31:08.755,0.77296,0.77316,1.30,1.30
2008.10.02 21:31:10.705,0.773,0.7733,0.68,1.60
2008.10.02 21:31:12.041,0.77305,0.7733,0.27,0.49
2008.10.02 21:31:39.881,0.7731,0.7733,1.20,0.92
2008.10.02 21:31:44.567,0.77295,0.7733,2.50,4.00
2008.10.02 21:32:00.161,0.7732,0.7733,0.92,0.48
2008.10.02 21:32:00.661,0.7731,0.7733,1.40,0.93
2008.10.02 21:32:08.872,0.7731,0.7733,0.97,0.73
2008.10.02 21:32:10.003,0.7732,0.7733,2.30,1.50
2008.10.02 21:32:10.221,0.77295,0.7735,1.30,0.64
2008.10.02 21:32:10.515,0.77295,0.7733,3.20,1.30
2008.10.02 21:32:13.029,0.7731,0.7733,1.20,0.63
2008.10.02 21:32:13.193,0.773,0.7733,1.40,1.40
2008.10.02 21:32:18.533,0.7732,0.7733,3.80,0.40
2008.10.02 21:32:18.917,0.7732,0.7733,1.00,0.67
2008.10.02 21:32:21.591,0.77305,0.7735,0.45,1.20
2008.10.02 21:32:22.006,0.77307,0.77352,0.98,2.60
2008.10.02 21:32:25.701,0.77325,0.7734,1.30,1.60
2008.10.02 21:32:25.991,0.7733,0.7734,2.50,1.10
2008.10.02 21:32:28.651,0.7733,0.7737,0.80,0.48
2008.10.02 21:32:29.042,0.7733,0.7737,0.32,1.10
2008.10.02 21:32:54.365,0.7733,0.7736,1.60,1.30
2008.10.02 21:32:54.447,0.7732,0.7734,0.23,1.90
2008.10.02 21:32:54.690,0.77315,0.7734,0.73,0.84
2008.10.02 21:33:05.277,0.77305,0.7734,1.10,1.90
2008.10.02 21:33:06.921,0.7731,0.7734,2.50,0.69
2008.10.02 21:33:07.264,0.77275,0.7734,1.60,1.40
2008.10.02 21:33:10.126,0.77297,0.77322,1.10,0.45
2008.10.02 21:33:18.077,0.77307,0.77317,1.60,3.40
2008.10.02 21:33:18.297,0.77299,0.77329,0.76,1.20
2008.10.02 21:33:18.595,0.77306,0.77326,1.60,4.40
2008.10.02 21:33:19.239,0.77308,0.77328,0.51,2.00
2008.10.02 21:33:51.032,0.77315,0.77325,3.50,2.60
2008.10.02 21:33:51.078,0.77312,0.77332,1.30,1.70
2008.10.02 21:33:54.126,0.77305,0.7735,2.50,1.90
2008.10.02 21:34:20.209,0.7732,0.7734,1.50,0.74
2008.10.02 21:34:20.674,0.77322,0.77342,2.10,0.59
2008.10.02 21:35:11.278,0.77335,0.7736,1.20,2.10
2008.10.02 21:35:11.677,0.77315,0.7736,0.63,2.90
2008.10.02 21:35:13.116,0.7732,0.7736,0.69,0.98
2008.10.02 21:35:21.405,0.77335,0.7736,1.10,3.10
2008.10.02 21:35:21.821,0.7735,0.7736,1.40,1.40
2008.10.02 21:35:25.456,0.7735,0.7737,0.94,1.10
2008.10.02 21:35:29.224,0.7735,0.7736,0.75,1.10
2008.10.02 21:35:32.830,0.7735,0.7737,1.30,0.59
2008.10.02 21:35:56.648,0.7735,0.7736,2.40,1.60
2008.10.02 21:35:58.168,0.7735,0.7737,0.77,3.30
2008.10.02 21:35:59.694,0.7735,0.7736,0.44,0.60
2008.10.02 21:36:02.980,0.7735,0.7737,0.97,0.83
2008.10.02 21:36:14.224,0.7735,0.7736,1.80,3.90
2008.10.02 21:36:17.268,0.7735,0.7737,1.00,0.83
2008.10.02 21:36:25.260,0.7735,0.7737,0.63,2.10
2008.10.02 21:36:40.446,0.7735,0.7737,0.34,1.50
2008.10.02 21:36:41.425,0.7735,0.7737,0.96,2.90
2008.10.02 21:37:01.176,0.7735,0.7737,0.81,1.40
2008.10.02 21:37:06.278,0.7735,0.7737,1.10,1.80
2008.10.02 21:38:37.712,0.7735,0.7737,0.66,1.50
2008.10.02 21:38:38.007,0.77348,0.77368,1.40,1.10
2008.10.02 21:38:38.301,0.77341,0.7737,2.00,2.10
2008.10.02 21:38:43.306,0.77338,0.77368,0.43,1.20
2008.10.02 21:38:43.916,0.7733,0.7736,0.99,0.70
2008.10.02 21:38:46.715,0.7733,0.7735,1.90,1.90
2008.10.02 21:38:47.067,0.7732,0.7735,1.20,0.62
2008.10.02 21:38:52.984,0.7732,0.7735,1.10,1.30
2008.10.02 21:38:53.321,0.7732,0.7735,0.79,0.60
2008.10.02 21:38:58.616,0.7732,0.7734,0.44,2.30
2008.10.02 21:39:03.975,0.7732,0.7735,2.90,1.50
2008.10.02 21:39:05.785,0.7732,0.7735,2.70,1.40
2008.10.02 21:39:24.752,0.7732,0.77345,1.50,1.10
2008.10.02 21:39:25.448,0.7732,0.7735,0.87,1.80
2008.10.02 21:39:26.116,0.7732,0.7735,1.10,1.10
2008.10.02 21:39:26.239,0.7732,0.77365,1.00,0.84
2008.10.02 21:39:26.545,0.7728,0.77395,0.93,1.70
2008.10.02 21:39:26.618,0.7728,0.7737,0.59,2.80
2008.10.02 21:39:45.249,0.7731,0.77335,2.70,1.40
2008.10.02 21:39:45.361,0.773,0.7734,0.97,3.10
2008.10.02 21:39:45.585,0.77235,0.7737,1.40,1.20
2008.10.02 21:39:50.715,0.7725,0.7735,1.70,5.80
2008.10.02 21:39:50.811,0.7725,0.7735,1.60,0.77
2008.10.02 21:40:00.665,0.7725,0.77335,2.60,2.10
2008.10.02 21:40:00.782,0.7725,0.7731,0.57,1.70
2008.10.02 21:40:01.317,0.7725,0.7731,1.00,1.90
2008.10.02 21:40:10.635,0.77255,0.773,0.91,3.00
2008.10.02 21:40:11.113,0.7727,0.773,2.20,0.48
2008.10.02 21:40:27.683,0.7726,0.773,0.51,3.90
2008.10.02 21:40:27.983,0.7726,0.773,1.10,0.63
2008.10.02 21:40:28.319,0.7725,0.773,0.74,0.65
2008.10.02 21:40:38.988,0.77255,0.773,1.40,3.30
2008.10.02 21:40:39.275,0.7727,0.773,0.68,1.90
2008.10.02 21:40:48.592,0.7727,0.77315,0.81,1.40
2008.10.02 21:40:48.836,0.7728,0.7733,0.30,0.18
2008.10.02 21:40:57.979,0.773,0.7733,0.98,1.20
2008.10.02 21:41:04.053,0.7728,0.7733,1.40,0.98
2008.10.02 21:41:05.210,0.77295,0.7733,3.40,0.90
2008.10.02 21:41:05.860,0.773,0.7733,1.40,1.00
2008.10.02 21:42:01.449,0.773,0.7733,1.50,1.90
2008.10.02 21:42:05.098,0.773,0.7733,0.80,4.20
2008.10.02 21:43:30.863,0.77305,0.7733,1.30,1.50
2008.10.02 21:43:31.248,0.77305,0.7735,0.42,1.20
2008.10.02 21:43:31.355,0.7732,0.7735,0.80,1.30
2008.10.02 21:43:35.403,0.7731,0.7735,1.60,3.30
2008.10.02 21:43:35.768,0.77305,0.7735,2.80,1.60
2008.10.02 21:43:36.096,0.773,0.7735,2.50,1.30
2008.10.02 21:43:36.423,0.773,0.7735,7.50,1.20
2008.10.02 21:43:38.672,0.773,0.7734,2.70,2.40
2008.10.02 21:43:39.135,0.773,0.7733,1.30,0.57
2008.10.02 21:43:46.376,0.773,0.7735,1.70,2.20
2008.10.02 21:43:46.571,0.773,0.7735,1.90,1.50
2008.10.02 21:44:02.942,0.773,0.77345,2.00,0.72
2008.10.02 21:44:03.701,0.773,0.7734,0.68,1.90
2008.10.02 21:44:14.722,0.773,0.7733,1.40,1.70
2008.10.02 21:44:14.786,0.773,0.7732,1.30,1.00
2008.10.02 21:44:14.970,0.773,0.77325,1.30,2.30
2008.10.02 21:44:15.220,0.773,0.7734,1.10,1.40
2008.10.02 21:44:15.704,0.7728,0.7734,1.50,2.20
2008.10.02 21:44:19.550,0.7729,0.7734,1.20,2.20
2008.10.02 21:44:19.674,0.7729,0.7734,2.40,1.40
2008.10.02 21:44:20.043,0.773,0.7734,0.59,0.44
2008.10.02 21:44:40.930,0.7731,0.7734,1.10,0.97
2008.10.02 21:44:42.561,0.773,0.7734,1.50,1.70
2008.10.02 21:44:48.396,0.773,0.7735,0.87,1.50
2008.10.02 21:44:50.738,0.77295,0.7735,1.20,2.20
2008.10.02 21:45:00.646,0.77295,0.77325,1.90,2.70
2008.10.02 21:45:05.773,0.77298,0.77318,0.90,1.20
2008.10.02 21:45:05.927,0.77297,0.77323,0.41,0.50
2008.10.02 21:45:06.061,0.773,0.7732,1.80,0.90
2008.10.02 21:45:06.197,0.77292,0.77328,1.70,2.30
2008.10.02 21:45:06.332,0.77297,0.77323,0.73,1.20
2008.10.02 21:45:14.080,0.77297,0.77323,0.81,0.60
2008.10.02 21:45:14.125,0.77297,0.77323,0.79,1.30
2008.10.02 21:45:14.500,0.773,0.7732,0.59,1.50
2008.10.02 21:45:19.233,0.77297,0.77323,0.91,0.71
2008.10.02 21:45:19.788,0.77295,0.77325,0.70,0.78
2008.10.02 21:45:23.018,0.77295,0.77325,1.60,1.90
2008.10.02 21:45:32.176,0.77295,0.77325,1.60,1.90
2008.10.02 21:45:32.210,0.77297,0.77323,1.40,1.20
2008.10.02 21:45:34.797,0.77297,0.77323,0.57,1.70
2008.10.02 21:45:35.133,0.77295,0.77325,3.10,0.56
2008.10.02 21:45:35.469,0.77295,0.77325,0.90,0.75
2008.10.02 21:45:35.617,0.773,0.7732,0.98,3.60
2008.10.02 21:45:36.184,0.77297,0.77323,0.92,1.00
2008.10.02 21:45:47.447,0.77297,0.77323,0.46,2.90
2008.10.02 21:46:08.982,0.773,0.7735,0.90,1.70
2008.10.02 21:46:09.183,0.773,0.77355,1.60,1.10
2008.10.02 21:46:09.578,0.7731,0.7735,1.50,3.10
2008.10.02 21:46:49.730,0.7732,0.7737,1.90,2.50
2008.10.02 21:46:49.938,0.7732,0.7738,1.80,0.86
2008.10.02 21:47:02.786,0.7734,0.7738,1.40,3.90
2008.10.02 21:47:03.362,0.7735,0.7738,0.93,1.20
2008.10.02 21:47:04.054,0.7735,0.7738,2.20,2.90
2008.10.02 21:47:23.768,0.7734,0.7737,1.90,1.50
2008.10.02 21:47:24.107,0.77325,0.7737,1.70,0.47
2008.10.02 21:47:24.446,0.7731,0.7737,0.88,1.40
2008.10.02 21:47:31.264,0.77315,0.7737,0.59,1.30
2008.10.02 21:47:31.640,0.7732,0.7737,0.89,0.83
2008.10.02 21:47:45.550,0.7732,0.7736,0.94,2.10
2008.10.02 21:47:46.195,0.7732,0.7735,0.67,1.20
2008.10.02 21:48:01.910,0.7732,0.7737,1.30,3.80
2008.10.02 21:48:02.207,0.7732,0.7737,1.50,1.10
2008.10.02 21:48:14.698,0.7732,0.7736,0.46,1.60
2008.10.02 21:48:15.262,0.7732,0.7735,1.60,0.89
2008.10.02 21:48:17.921,0.7732,0.77365,1.40,1.10
2008.10.02 21:48:18.130,0.7732,0.7737,0.86,1.80
2008.10.02 21:48:18.152,0.7732,0.7737,1.40,1.20
2008.10.02 21:48:31.833,0.7732,0.7736,0.50,0.76
2008.10.02 21:48:32.269,0.7732,0.7735,0.54,1.10
2008.10.02 21:48:38.117,0.7732,0.7736,0.73,0.53
2008.10.02 21:48:38.193,0.7732,0.7737,2.50,0.64
2008.10.02 21:48:38.269,0.7732,0.7737,1.60,2.50
2008.10.02 21:49:12.167,0.7732,0.7736,0.68,2.70
2008.10.02 21:49:12.661,0.7732,0.7735,0.68,2.10
2008.10.02 21:49:14.466,0.7732,0.7737,1.10,1.10
2008.10.02 21:49:14.798,0.7732,0.7737,0.72,1.20
2008.10.02 21:49:31.734,0.7732,0.7736,0.60,0.88
2008.10.02 21:49:32.317,0.7732,0.7735,1.10,0.24
2008.10.02 21:49:38.989,0.7732,0.7737,0.80,0.70
2008.10.02 21:49:39.331,0.7732,0.7737,0.52,1.80
2008.10.02 21:49:41.804,0.7732,0.7736,0.45,2.40
2008.10.02 21:49:42.487,0.7732,0.7735,0.63,1.90
2008.10.02 21:49:44.562,0.7732,0.7737,0.41,2.50
2008.10.02 21:49:44.806,0.7732,0.7737,1.90,0.60
2008.10.02 21:50:32.661,0.7732,0.7737,1.80,0.48
2008.10.02 21:50:32.827,0.7732,0.77375,1.50,1.10
2008.10.02 21:50:33.095,0.7733,0.7738,0.85,1.00
2008.10.02 21:50:40.007,0.77345,0.7738,1.40,1.60
2008.10.02 21:50:40.297,0.7735,0.7738,2.20,4.10
2008.10.02 21:51:35.297,0.7735,0.77375,0.72,5.80
2008.10.02 21:51:35.400,0.7734,0.7737,1.10,1.30
2008.10.02 21:51:35.801,0.7732,0.7736,5.00,1.10
2008.10.02 21:51:36.005,0.773,0.7736,1.80,0.92
2008.10.02 21:51:36.593,0.77315,0.7736,1.50,0.97
2008.10.02 21:51:36.842,0.7732,0.7736,2.20,0.65
2008.10.02 21:51:37.090,0.77322,0.77362,0.80,0.58
2008.10.02 21:51:37.722,0.7733,0.7737,2.80,1.10
2008.10.02 21:51:39.553,0.7735,0.77385,0.93,0.73
2008.10.02 21:51:39.749,0.7735,0.7739,1.10,0.65
2008.10.02 21:51:39.849,0.7735,0.7738,1.10,3.30
2008.10.02 21:51:40.041,0.7734,0.7737,1.80,0.65
2008.10.02 21:51:40.141,0.7734,0.7737,1.50,2.40
2008.10.02 21:51:40.241,0.7734,0.7736,1.20,0.88
2008.10.02 21:51:40.341,0.77325,0.7736,0.26,0.58
2008.10.02 21:51:40.629,0.7732,0.7736,0.98,0.69
2008.10.02 21:51:40.935,0.773,0.7736,2.40,1.20
2008.10.02 21:51:43.045,0.77315,0.7736,1.00,0.72
2008.10.02 21:51:43.336,0.7733,0.7736,1.20,0.78
2008.10.02 21:51:43.418,0.7733,0.7737,1.30,0.33
2008.10.02 21:51:47.593,0.7734,0.7737,3.00,0.21
2008.10.02 21:51:47.826,0.7734,0.7736,0.90,2.30
2008.10.02 21:51:47.945,0.7733,0.7736,2.00,2.60
2008.10.02 21:51:48.065,0.7732,0.7735,1.10,0.74
2008.10.02 21:51:48.185,0.77315,0.7735,1.20,1.50
2008.10.02 21:51:48.305,0.773,0.7735,1.40,0.87
2008.10.02 21:51:50.084,0.773,0.7735,0.68,1.20
2008.10.02 21:51:50.345,0.7731,0.7735,1.40,5.20
2008.10.02 21:51:50.478,0.7731,0.7735,0.84,1.10
2008.10.02 21:51:50.746,0.7732,0.7735,2.50,2.00
2008.10.02 21:52:01.871,0.77322,0.77353,1.20,1.40
2008.10.02 21:52:16.242,0.7733,0.77365,2.80,0.71
2008.10.02 21:52:16.477,0.7733,0.7736,2.60,2.20
2008.10.02 21:52:16.717,0.7731,0.7736,0.31,1.90
2008.10.02 21:52:16.948,0.7731,0.7736,1.30,2.80
2008.10.02 21:52:18.673,0.77315,0.7736,1.50,0.56
2008.10.02 21:52:19.152,0.7733,0.7736,0.91,0.66
2008.10.02 21:52:36.850,0.7734,0.7736,1.80,2.80
2008.10.02 21:52:37.143,0.7734,0.7737,2.50,3.20
2008.10.02 21:52:37.447,0.77345,0.7737,0.65,1.50
2008.10.02 21:52:37.528,0.7735,0.7739,4.00,2.40
2008.10.02 21:52:37.600,0.7735,0.7738,1.20,1.20
2008.10.02 21:52:37.828,0.77345,0.7738,0.27,1.60
2008.10.02 21:52:37.928,0.77345,0.7737,1.40,1.00
2008.10.02 21:52:37.966,0.7734,0.77355,1.40,1.60
2008.10.02 21:52:38.041,0.7734,0.77355,2.50,1.30
2008.10.02 21:52:38.176,0.77327,0.77372,2.30,2.40
2008.10.02 21:52:38.403,0.77322,0.77382,1.60,0.48
2008.10.02 21:52:38.746,0.77322,0.77387,0.89,3.30
2008.10.02 21:52:39.083,0.77335,0.77405,1.20,0.75
2008.10.02 21:52:39.937,0.77338,0.77398,1.10,1.90
2008.10.02 21:52:43.446,0.7734,0.774,1.70,0.61
2008.10.02 21:52:43.887,0.7734,0.774,1.10,3.20
2008.10.02 21:52:47.321,0.7734,0.7739,1.20,2.70
2008.10.02 21:52:47.807,0.7734,0.7738,2.20,0.81
2008.10.02 21:53:00.484,0.77345,0.7737,1.50,0.98
2008.10.02 21:53:00.594,0.77343,0.77368,1.10,1.00
2008.10.02 21:53:00.841,0.77338,0.77368,1.20,1.30
2008.10.02 21:53:02.914,0.77336,0.77366,1.10,4.10
2008.10.02 21:53:03.300,0.77334,0.77364,3.00,3.00
2008.10.02 21:53:05.446,0.7733,0.7735,0.87,1.10
2008.10.02 21:53:06.198,0.77319,0.77344,0.47,0.69
2008.10.02 21:53:06.678,0.77318,0.77343,0.49,2.20
2008.10.02 21:53:06.838,0.77314,0.77344,1.00,2.30
2008.10.02 21:53:08.804,0.77316,0.77341,0.52,1.80
2008.10.02 21:53:09.656,0.77316,0.77341,0.68,0.59
2008.10.02 21:53:10.487,0.77313,0.77343,2.20,1.30
2008.10.02 21:53:10.759,0.77312,0.77342,1.50,1.10
2008.10.02 21:53:17.092,0.77317,0.77337,0.84,2.40
2008.10.02 21:53:17.642,0.7732,0.7734,1.40,0.58
2008.10.02 21:53:27.774,0.77319,0.77344,1.10,2.20
2008.10.02 21:53:29.102,0.77319,0.77344,0.84,0.56
2008.10.02 21:53:31.270,0.77315,0.7734,1.40,1.00
2008.10.02 21:53:32.448,0.77314,0.77344,1.70,1.30
2008.10.02 21:53:33.014,0.77316,0.77346,1.10,0.88
2008.10.02 21:53:33.242,0.77319,0.77344,1.30,0.44
2008.10.02 21:53:34.855,0.77322,0.77342,1.30,1.30
2008.10.02 21:53:39.074,0.77317,0.77343,1.30,1.00
2008.10.02 21:54:17.681,0.77317,0.77348,1.40,1.00
2008.10.02 21:55:19.667,0.7731,0.7736,0.61,2.00
2008.10.02 21:56:49.097,0.7732,0.77355,1.20,0.72
2008.10.02 21:56:49.432,0.7732,0.7736,0.90,2.40
2008.10.02 21:56:49.496,0.77317,0.77368,1.90,0.50
2008.10.02 21:57:07.343,0.77315,0.77375,2.50,1.30
2008.10.02 21:57:07.704,0.7732,0.77375,0.86,0.42
2008.10.02 21:57:07.899,0.77335,0.77395,0.48,1.50
2008.10.02 21:57:14.427,0.77335,0.77395,0.86,0.64
2008.10.02 21:57:14.547,0.77335,0.7738,0.87,2.50
2008.10.02 21:57:14.696,0.7733,0.7738,2.50,2.00
2008.10.02 21:57:15.295,0.7733,0.7737,1.90,0.90
2008.10.02 21:57:19.395,0.77335,0.7736,1.80,1.60
2008.10.02 21:57:19.463,0.77335,0.7738,1.90,1.10
2008.10.02 21:57:19.728,0.77335,0.77395,1.00,0.99
2008.10.02 21:57:24.434,0.7733,0.7739,0.79,1.30
2008.10.02 21:57:24.563,0.7733,0.7739,1.30,1.60
2008.10.02 21:57:25.185,0.7732,0.7738,1.30,0.47
2008.10.02 21:57:29.851,0.7732,0.7737,0.68,1.00
2008.10.02 21:57:29.999,0.77305,0.77365,1.30,0.53
2008.10.02 21:57:36.323,0.773,0.77345,0.53,2.60
2008.10.02 21:57:37.107,0.773,0.7734,2.80,0.65
2008.10.02 21:57:44.443,0.773,0.7734,1.80,0.97
2008.10.02 21:57:47.438,0.7729,0.7734,1.40,0.89
2008.10.02 21:57:47.777,0.7729,0.7734,2.00,1.80
2008.10.02 21:57:48.114,0.77308,0.77318,1.10,1.20
2008.10.02 21:57:48.443,0.77306,0.77316,0.97,0.42
2008.10.02 21:57:48.503,0.77274,0.77344,3.20,1.60
2008.10.02 21:57:50.503,0.77289,0.77324,0.78,1.80
2008.10.02 21:57:51.271,0.77284,0.77324,1.30,1.40
2008.10.02 21:57:52.568,0.77292,0.77312,0.71,1.60
2008.10.02 21:57:52.748,0.7726,0.77365,0.65,3.60
2008.10.02 21:57:53.068,0.7727,0.77365,2.60,2.40
2008.10.02 21:57:55.247,0.7727,0.7735,1.50,0.79
2008.10.02 21:57:55.259,0.7727,0.7735,0.87,1.10
2008.10.02 21:57:55.471,0.77248,0.77368,1.20,2.60
2008.10.02 21:57:56.220,0.77273,0.77338,1.00,1.20
2008.10.02 21:57:57.777,0.77268,0.77338,0.60,1.60
2008.10.02 21:57:58.254,0.7727,0.7733,0.81,0.70
2008.10.02 21:57:59.033,0.7727,0.773,2.10,0.37
2008.10.02 21:58:00.886,0.7725,0.77325,2.00,1.60
2008.10.02 21:58:04.152,0.7725,0.7733,1.10,1.20
2008.10.02 21:58:04.196,0.7726,0.7735,1.60,1.70
2008.10.02 21:58:04.499,0.77275,0.77335,1.00,0.53
2008.10.02 21:58:04.906,0.7726,0.7732,0.46,0.44
2008.10.02 21:58:05.293,0.7725,0.7732,0.68,4.10
2008.10.02 21:58:05.708,0.77245,0.77315,3.80,2.80
2008.10.02 21:58:08.341,0.77255,0.77315,0.99,0.72
2008.10.02 21:58:13.355,0.77255,0.773,3.40,2.40
2008.10.02 21:58:13.547,0.7724,0.7731,0.61,1.00
2008.10.02 21:58:18.248,0.77248,0.77298,1.70,2.90
2008.10.02 21:58:19.612,0.77235,0.77295,0.69,5.60
2008.10.02 21:58:25.366,0.7724,0.773,2.40,0.89
2008.10.02 21:58:26.215,0.7724,0.773,2.60,0.90
2008.10.02 21:58:40.748,0.7724,0.773,1.90,1.70
2008.10.02 21:58:40.902,0.77255,0.7732,1.10,1.70
2008.10.02 21:58:41.151,0.77255,0.77325,2.90,0.79
2008.10.02 21:58:45.348,0.7727,0.7733,0.39,1.20
2008.10.02 21:59:58.223,0.77265,0.77325,1.90,1.20
